<?xml version="1.0" encoding="UTF-8"?>
<!DOCTYPE html PUBLIC "-//W3C//DTD XHTML 1.0 Transitional//EN"
    "http://www.w3.org/TR/xhtml1/DTD/xhtml1-transitional.dtd">
<html xmlns="http://www.w3.org/1999/xhtml" xml:lang="en" lang="en">
 <head>
  <title>
</title>
<meta http-equiv="Content-Type" content="text/html;charset=utf-8" />
  <meta name='ocr-system' content='tesseract 3.04.00' />
  <meta name='ocr-capabilities' content='ocr_page ocr_carea ocr_par ocr_line ocrx_word'/>
</head>
<body>
  <div class='ocr_page' id='page_1' title='image "./corneliivanbynke00bijn_0419.png"; bbox 0 0 2008 3436; ppageno 0'>
   <div class='ocr_carea' id='block_1_1' title="bbox 372 121 726 161">
    <p class='ocr_par' dir='ltr' id='par_1_1' title="bbox 372 121 726 161">
     <span class='ocr_line' id='line_1_1' title="bbox 372 121 726 161; baseline -0.006 -1"><span class='ocrx_word' id='word_1_1' title='bbox 372 121 726 161; x_wconf 85' lang='lat' dir='ltr'><strong>AMICA</strong></span> 
     </span>
    </p>
   </div>
   <div class='ocr_carea' id='block_1_2' title="bbox 53 199 927 1114">
    <p class='ocr_par' dir='ltr' id='par_1_2' title="bbox 53 199 927 1114">
     <span class='ocr_line' id='line_1_2' title="bbox 61 199 927 248; baseline 0.001 -16"><span class='ocrx_word' id='word_1_2' title='bbox 61 199 155 234; x_wconf 71' lang='lat' dir='ltr'>Putat</span> <span class='ocrx_word' id='word_1_3' title='bbox 171 201 229 234; x_wconf 59' lang='lat' dir='ltr'>Vir</span> <span class='ocrx_word' id='word_1_4' title='bbox 249 203 480 245; x_wconf 83' lang='lat' dir='ltr'>Ampliffimus,</span> <span class='ocrx_word' id='word_1_5' title='bbox 502 203 665 235; x_wconf 80' lang='lat' dir='ltr'>mulierem</span> <span class='ocrx_word' id='word_1_6' title='bbox 686 208 816 244; x_wconf 82' lang='lat' dir='ltr'>nuptam</span> <span class='ocrx_word' id='word_1_7' title='bbox 839 211 927 248; x_wconf 83' lang='lat' dir='ltr'>num-</span> 
     </span>
     <span class='ocr_line' id='line_1_3' title="bbox 60 243 926 290; baseline 0.001 -17"><span class='ocrx_word' id='word_1_8' title='bbox 60 252 154 284; x_wconf 75' lang='lat' dir='ltr'>quam</span> <span class='ocrx_word' id='word_1_9' title='bbox 183 244 319 277; x_wconf 80' lang='lat' dir='ltr'>babuisse</span> <span class='ocrx_word' id='word_1_10' title='bbox 349 246 397 286; x_wconf 85' lang='lat' dir='ltr'>jus</span> <span class='ocrx_word' id='word_1_11' title='bbox 419 246 561 287; x_wconf 76' lang='lat' dir='ltr'>abigendi</span> <span class='ocrx_word' id='word_1_12' title='bbox 592 244 770 290; x_wconf 40' lang='lat' dir='ltr'>partusq&amp;</span> <span class='ocrx_word' id='word_1_13' title='bbox 786 243 807 275; x_wconf 86' lang='lat' dir='ltr'><strong>fi</strong></span> <span class='ocrx_word' id='word_1_14' title='bbox 824 243 926 290; x_wconf 79' lang='lat' dir='ltr'>abige—</span> 
     </span>
     <span class='ocr_line' id='line_1_4' title="bbox 62 283 924 327; baseline 0 -12"><span class='ocrx_word' id='word_1_15' title='bbox 62 292 111 315; x_wconf 86' lang='lat' dir='ltr'>ret</span> <span class='ocrx_word' id='word_1_16' title='bbox 133 285 165 316; x_wconf 82' lang='lat' dir='ltr'>in</span> <span class='ocrx_word' id='word_1_17' title='bbox 194 286 297 318; x_wconf 88' lang='lat' dir='ltr'>mariti</span> <span class='ocrx_word' id='word_1_18' title='bbox 322 286 464 319; x_wconf 84' lang='lat' dir='ltr'>fraudem</span> <span class='ocrx_word' id='word_1_19' title='bbox 481 310 491 325; x_wconf 84' lang='lat'>,</span> <span class='ocrx_word' id='word_1_20' title='bbox 521 286 640 327; x_wconf 84' lang='lat' dir='ltr'>semper</span> <span class='ocrx_word' id='word_1_21' title='bbox 657 293 797 326; x_wconf 81' lang='lat' dir='ltr'>punitam</span> <span class='ocrx_word' id='word_1_22' title='bbox 812 283 924 316; x_wconf 82' lang='lat' dir='ltr'>fuisie:</span> 
     </span>
     <span class='ocr_line' id='line_1_5' title="bbox 60 326 925 371; baseline 0.001 -15"><span class='ocrx_word' id='word_1_23' title='bbox 60 326 118 357; x_wconf 84' lang='lat' dir='ltr'>hae</span> <span class='ocrx_word' id='word_1_24' title='bbox 143 326 233 359; x_wconf 73' lang='lat' dir='ltr'>causa</span> <span class='ocrx_word' id='word_1_25' title='bbox 253 353 263 368; x_wconf 92' lang='lat'>,</span> <span class='ocrx_word' id='word_1_26' title='bbox 298 328 382 370; x_wconf 87' lang='lat' dir='ltr'>quod</span> <span class='ocrx_word' id='word_1_27' title='bbox 410 329 522 360; x_wconf 86' lang='lat' dir='ltr'>mulier</span> <span class='ocrx_word' id='word_1_28' title='bbox 549 328 664 360; x_wconf 82' lang='lat' dir='ltr'>liberos</span> <span class='ocrx_word' id='word_1_29' title='bbox 688 335 856 371; x_wconf 75' lang='lat' dir='ltr'>numquam</span> <span class='ocrx_word' id='word_1_30' title='bbox 875 327 925 358; x_wconf 85' lang='lat' dir='ltr'>ha-</span> 
     </span>
     <span class='ocr_line' id='line_1_6' title="bbox 59 367 922 410; baseline -0.002 -10"><span class='ocrx_word' id='word_1_31' title='bbox 59 368 128 400; x_wconf 89' lang='lat' dir='ltr'>buit</span> <span class='ocrx_word' id='word_1_32' title='bbox 147 369 178 400; x_wconf 89' lang='lat' dir='ltr'>in</span> <span class='ocrx_word' id='word_1_33' title='bbox 195 369 367 410; x_wconf 80' lang='lat' dir='ltr'>potestate:</span> <span class='ocrx_word' id='word_1_34' title='bbox 393 370 421 402; x_wconf 73' lang='grc' dir='ltr'>ὅ(</span> <span class='ocrx_word' id='word_1_35' title='bbox 441 378 549 401; x_wconf 82' lang='lat' dir='ltr'>uterus</span> <span class='ocrx_word' id='word_1_36' title='bbox 566 378 629 400; x_wconf 91' lang='lat' dir='ltr'>non</span> <span class='ocrx_word' id='word_1_37' title='bbox 651 367 762 409; x_wconf 84' lang='lat' dir='ltr'>ipsius,</span> <span class='ocrx_word' id='word_1_38' title='bbox 788 368 838 399; x_wconf 85' lang='lat' dir='ltr'>sed</span> <span class='ocrx_word' id='word_1_39' title='bbox 860 377 922 399; x_wconf 88' lang='lat' dir='ltr'>ma-</span> 
     </span>
     <span class='ocr_line' id='line_1_7' title="bbox 56 408 921 455; baseline -0.003 -12"><span class='ocrx_word' id='word_1_40' title='bbox 56 411 112 443; x_wconf 86' lang='lat' dir='ltr'>riti</span> <span class='ocrx_word' id='word_1_41' title='bbox 126 408 207 444; x_wconf 86' lang='lat' dir='ltr'>fuit:</span> <span class='ocrx_word' id='word_1_42' title='bbox 233 413 306 444; x_wconf 86' lang='lat' dir='ltr'>hinc</span> <span class='ocrx_word' id='word_1_43' title='bbox 325 410 396 455; x_wconf 88' lang='lat' dir='ltr'>post</span> <span class='ocrx_word' id='word_1_44' title='bbox 414 410 610 448; x_wconf 82' lang='lat' dir='ltr'>divortium,</span> <span class='ocrx_word' id='word_1_45' title='bbox 634 410 686 441; x_wconf 87' lang='lat' dir='ltr'>vel</span> <span class='ocrx_word' id='word_1_46' title='bbox 703 415 846 455; x_wconf 81' lang='lat' dir='ltr'>mortem</span> <span class='ocrx_word' id='word_1_47' title='bbox 859 419 921 440; x_wconf 81' lang='lat' dir='ltr'>ma-</span> 
     </span>
     <span class='ocr_line' id='line_1_8' title="bbox 57 451 920 496; baseline -0.003 -12"><span class='ocrx_word' id='word_1_48' title='bbox 57 452 132 490; x_wconf 82' lang='lat' dir='ltr'>riti,</span> <span class='ocrx_word' id='word_1_49' title='bbox 165 462 308 486; x_wconf 77' lang='lat' dir='ltr'>ventrem</span> <span class='ocrx_word' id='word_1_50' title='bbox 339 452 468 494; x_wconf 81' lang='lat' dir='ltr'>inspici3</span> <span class='ocrx_word' id='word_1_51' title='bbox 500 454 530 484; x_wconf 64' lang='grc' dir='ltr'>ἃ·</span> <span class='ocrx_word' id='word_1_52' title='bbox 554 451 920 496; x_wconf 67' lang='lat' dir='ltr'>simulier-renunciatur</span> 
     </span>
     <span class='ocr_line' id='line_1_9' title="bbox 56 494 918 538; baseline -0.003 -13"><span class='ocrx_word' id='word_1_53' title='bbox 56 494 204 535; x_wconf 80' lang='lat' dir='ltr'>gravida,</span> <span class='ocrx_word' id='word_1_54' title='bbox 236 495 264 526; x_wconf 92' lang='lat' dir='ltr'>ei</span> <span class='ocrx_word' id='word_1_55' title='bbox 281 494 441 527; x_wconf 83' lang='lat' dir='ltr'>custodem</span> <span class='ocrx_word' id='word_1_56' title='bbox 465 496 590 534; x_wconf 86' lang='lat' dir='ltr'>apponi.</span> <span class='ocrx_word' id='word_1_57' title='bbox 616 495 844 533; x_wconf 86' lang='lat' dir='ltr'>consequenter</span> <span class='ocrx_word' id='word_1_58' title='bbox 864 501 918 538; x_wconf 80' lang='lat' dir='ltr'>pu-</span> 
     </span>
     <span class='ocr_line' id='line_1_10' title="bbox 57 533 919 579; baseline -0.003 -12"><span class='ocrx_word' id='word_1_59' title='bbox 57 545 125 573; x_wconf 80' lang='lat' dir='ltr'>tat,</span> <span class='ocrx_word' id='word_1_60' title='bbox 150 536 232 578; x_wconf 82' lang='lat' dir='ltr'>leges</span> <span class='ocrx_word' id='word_1_61' title='bbox 248 536 423 574; x_wconf 82' lang='lat' dir='ltr'>Romanas,</span> <span class='ocrx_word' id='word_1_62' title='bbox 449 534 470 566; x_wconf 85' lang='lat' dir='ltr'><strong>fi</strong></span> <span class='ocrx_word' id='word_1_63' title='bbox 493 534 616 576; x_wconf 85' lang='lat' dir='ltr'>quando</span> <span class='ocrx_word' id='word_1_64' title='bbox 633 533 758 565; x_wconf 84' lang='lat' dir='ltr'>mulieri</span> <span class='ocrx_word' id='word_1_65' title='bbox 775 533 919 579; x_wconf 76' lang='lat' dir='ltr'>dederint</span> 
     </span>
     <span class='ocr_line' id='line_1_11' title="bbox 56 574 918 620; baseline -0.002 -12"><span class='ocrx_word' id='word_1_66' title='bbox 56 576 242 619; x_wconf 76' lang='lat' dir='ltr'>potestatem</span> <span class='ocrx_word' id='word_1_67' title='bbox 256 586 363 618; x_wconf 77' lang='lat' dir='ltr'>partus</span> <span class='ocrx_word' id='word_1_68' title='bbox 381 577 411 608; x_wconf 94' lang='lat' dir='ltr'>in</span> <span class='ocrx_word' id='word_1_69' title='bbox 439 585 552 608; x_wconf 87' lang='lat' dir='ltr'>ventre</span> <span class='ocrx_word' id='word_1_70' title='bbox 572 575 719 607; x_wconf 81' lang='lat' dir='ltr'>necandi:</span> <span class='ocrx_word' id='word_1_71' title='bbox 742 583 807 607; x_wconf 93' lang='lat' dir='ltr'>non</span> <span class='ocrx_word' id='word_1_72' title='bbox 827 574 918 620; x_wconf 82' lang='lat' dir='ltr'>aliter</span> 
     </span>
     <span class='ocr_line' id='line_1_12' title="bbox 55 618 917 663; baseline -0.003 -13"><span class='ocrx_word' id='word_1_73' title='bbox 55 618 170 650; x_wconf 75' lang='lat' dir='ltr'>dediil‘c</span> <span class='ocrx_word' id='word_1_74' title='bbox 191 627 282 659; x_wconf 84' lang='lat' dir='ltr'>quam</span> <span class='ocrx_word' id='word_1_75' title='bbox 299 618 338 650; x_wconf 90' lang='lat' dir='ltr'>de</span> <span class='ocrx_word' id='word_1_76' title='bbox 367 627 458 660; x_wconf 83' lang='lat' dir='ltr'>partu</span> <span class='ocrx_word' id='word_1_77' title='bbox 489 618 588 659; x_wconf 83' lang='lat' dir='ltr'>vulgo</span> <span class='ocrx_word' id='word_1_78' title='bbox 601 640 611 656; x_wconf 89' lang='lat'>,</span> <span class='ocrx_word' id='word_1_79' title='bbox 635 626 698 648; x_wconf 92' lang='lat' dir='ltr'>non</span> <span class='ocrx_word' id='word_1_80' title='bbox 716 624 890 663; x_wconf 30' lang='lat' dir='ltr'>eit-manto</span> <span class='ocrx_word' id='word_1_81' title='bbox 906 641 917 657; x_wconf 85' lang='lat'>,</span> 
     </span>
     <span class='ocr_line' id='line_1_13' title="bbox 56 659 917 701; baseline -0.003 -9"><span class='ocrx_word' id='word_1_82' title='bbox 56 668 223 700; x_wconf 78' lang='lat' dir='ltr'>concepto.</span> <span class='ocrx_word' id='word_1_83' title='bbox 255 659 308 701; x_wconf 69' lang='grc' dir='ltr'>(ι)</span> <span class='ocrx_word' id='word_1_84' title='bbox 338 659 386 692; x_wconf 88' lang='lat' dir='ltr'>Ita</span> <span class='ocrx_word' id='word_1_85' title='bbox 411 659 514 692; x_wconf 87' lang='lat' dir='ltr'>firmat</span> <span class='ocrx_word' id='word_1_86' title='bbox 538 659 622 701; x_wconf 89' lang='lat' dir='ltr'>quod</span> <span class='ocrx_word' id='word_1_87' title='bbox 649 659 803 698; x_wconf 82' lang='lat' dir='ltr'>intendit,</span> <span class='ocrx_word' id='word_1_88' title='bbox 829 667 917 700; x_wconf 79' lang='lat' dir='ltr'>argu-</span> 
     </span>
     <span class='ocr_line' id='line_1_14' title="bbox 55 699 918 746; baseline -0.003 -12"><span class='ocrx_word' id='word_1_89' title='bbox 55 702 170 734; x_wconf 78' lang='lat' dir='ltr'>mentis</span> <span class='ocrx_word' id='word_1_90' title='bbox 196 701 226 732; x_wconf 61' lang='grc' dir='ltr'>ὃς</span> <span class='ocrx_word' id='word_1_91' title='bbox 252 701 439 733; x_wconf 84' lang='lat' dir='ltr'>rationibus.</span> <span class='ocrx_word' id='word_1_92' title='bbox 469 710 530 742; x_wconf 81' lang='lat' dir='ltr'>ego</span> <span class='ocrx_word' id='word_1_93' title='bbox 561 709 639 732; x_wconf 82' lang='lat' dir='ltr'>vero</span> <span class='ocrx_word' id='word_1_94' title='bbox 658 699 750 732; x_wconf 85' lang='lat' dir='ltr'>testes</span> <span class='ocrx_word' id='word_1_95' title='bbox 768 700 798 732; x_wconf 71' lang='grc' dir='ltr'>ὅ(</span> <span class='ocrx_word' id='word_1_96' title='bbox 814 709 918 746; x_wconf 58' lang='lat' dir='ltr'>ertem-</span> 
     </span>
     <span class='ocr_line' id='line_1_15' title="bbox 54 741 916 788; baseline -0.002 -14"><span class='ocrx_word' id='word_1_97' title='bbox 54 742 106 784; x_wconf 86' lang='lat' dir='ltr'>pia</span> <span class='ocrx_word' id='word_1_98' title='bbox 123 741 392 783; x_wconf 61' lang='lat' dir='ltr'>exspectaveram</span> <span class='ocrx_word' id='word_1_99' title='bbox 424 742 503 775; x_wconf 82' lang='lat' dir='ltr'>sicut</span> <span class='ocrx_word' id='word_1_100' title='bbox 530 741 578 774; x_wconf 83' lang='lat' dir='ltr'>his</span> <span class='ocrx_word' id='word_1_101' title='bbox 593 741 786 773; x_wconf 84' lang='lat' dir='ltr'>contrarium</span> <span class='ocrx_word' id='word_1_102' title='bbox 802 742 866 788; x_wconf 79' lang='lat' dir='ltr'>ipse</span> <span class='ocrx_word' id='word_1_103' title='bbox 887 741 916 773; x_wconf 78' lang='lat' dir='ltr'>d</span> 
     </span>
     <span class='ocr_line' id='line_1_16' title="bbox 55 782 916 829; baseline -0.001 -14"><span class='ocrx_word' id='word_1_104' title='bbox 55 794 81 816; x_wconf 82' lang='lat' dir='ltr'>c.</span> <span class='ocrx_word' id='word_1_105' title='bbox 97 784 152 816; x_wconf 74' lang='lat' dir='ltr'>ult.</span> <span class='ocrx_word' id='word_1_106' title='bbox 175 783 386 816; x_wconf 75' lang='lat' dir='ltr'>demonstravi</span> <span class='ocrx_word' id='word_1_107' title='bbox 402 782 589 816; x_wconf 85' lang='lat' dir='ltr'>testimoniis</span> <span class='ocrx_word' id='word_1_108' title='bbox 614 784 760 820; x_wconf 64' lang='lat' dir='ltr'>Senecae,</span> <span class='ocrx_word' id='word_1_109' title='bbox 786 783 916 829; x_wconf 71' lang='lat' dir='ltr'>Owdn,</span> 
     </span>
     <span class='ocr_line' id='line_1_17' title="bbox 53 824 916 871; baseline -0.002 -15"><span class='ocrx_word' id='word_1_110' title='bbox 53 825 230 867; x_wconf 73' lang='lat' dir='ltr'>juvenalis,</span> <span class='ocrx_word' id='word_1_111' title='bbox 255 825 467 865; x_wconf 73' lang='lat' dir='ltr'>Tertulliani,</span> <span class='ocrx_word' id='word_1_112' title='bbox 493 835 561 867; x_wconf 76' lang='lat' dir='ltr'>qua:</span> <span class='ocrx_word' id='word_1_113' title='bbox 586 824 629 856; x_wconf 88' lang='lat' dir='ltr'>ibi</span> <span class='ocrx_word' id='word_1_114' title='bbox 654 824 780 871; x_wconf 80' lang='lat' dir='ltr'>possunt</span> <span class='ocrx_word' id='word_1_115' title='bbox 798 824 916 870; x_wconf 72' lang='lat' dir='ltr'>vider13</span> 
     </span>
     <span class='ocr_line' id='line_1_18' title="bbox 54 865 916 907; baseline -0.006 -7"><span class='ocrx_word' id='word_1_116' title='bbox 54 869 85 900; x_wconf 68' lang='grc' dir='ltr'>ὕ(-</span> <span class='ocrx_word' id='word_1_117' title='bbox 112 867 246 907; x_wconf 71' lang='lat' dir='ltr'>ignorari</span> <span class='ocrx_word' id='word_1_118' title='bbox 275 867 326 898; x_wconf 79' lang='lat' dir='ltr'>vel</span> <span class='ocrx_word' id='word_1_119' title='bbox 350 867 528 899; x_wconf 74' lang='lat' dir='ltr'>dissimulari</span> <span class='ocrx_word' id='word_1_120' title='bbox 552 866 590 898; x_wconf 85' lang='lat' dir='ltr'>ab</span> <span class='ocrx_word' id='word_1_121' title='bbox 615 865 811 906; x_wconf 81' lang='lat' dir='ltr'>Amphsirmo</span> <span class='ocrx_word' id='word_1_122' title='bbox 838 865 916 896; x_wconf 82' lang='lat' dir='ltr'>Viro</span> 
     </span>
     <span class='ocr_line' id='line_1_19' title="bbox 54 907 916 952; baseline -0.002 -12"><span class='ocrx_word' id='word_1_123' title='bbox 54 917 120 940; x_wconf 88' lang='lat' dir='ltr'>non</span> <span class='ocrx_word' id='word_1_124' title='bbox 139 907 282 940; x_wconf 73' lang='lat' dir='ltr'>debuere.</span> <span class='ocrx_word' id='word_1_125' title='bbox 316 908 392 952; x_wconf 78' lang='lat' dir='ltr'>Quo</span> <span class='ocrx_word' id='word_1_126' title='bbox 411 908 508 950; x_wconf 78' lang='lat' dir='ltr'>magis</span> <span class='ocrx_word' id='word_1_127' title='bbox 526 916 628 939; x_wconf 89' lang='lat' dir='ltr'>tamen</span> <span class='ocrx_word' id='word_1_128' title='bbox 645 907 798 947; x_wconf 81' lang='lat' dir='ltr'>liqueret,</span> <span class='ocrx_word' id='word_1_129' title='bbox 823 915 916 946; x_wconf 75' lang='lat' dir='ltr'>quam</span> 
     </span>
     <span class='ocr_line' id='line_1_20' title="bbox 55 949 915 994; baseline -0.002 -14"><span class='ocrx_word' id='word_1_130' title='bbox 55 949 184 981; x_wconf 78' lang='lat' dir='ltr'>lubrica:</span> <span class='ocrx_word' id='word_1_131' title='bbox 207 950 237 981; x_wconf 90' lang='lat' dir='ltr'>in</span> <span class='ocrx_word' id='word_1_132' title='bbox 266 960 298 982; x_wconf 81' lang='lat' dir='ltr'>re</span> <span class='ocrx_word' id='word_1_133' title='bbox 319 951 392 983; x_wconf 60' lang='lat' dir='ltr'>recti</span> <span class='ocrx_word' id='word_1_134' title='bbox 423 949 482 982; x_wconf 76' lang='lat' dir='ltr'>sint</span> <span class='ocrx_word' id='word_1_135' title='bbox 500 950 565 989; x_wconf 79' lang='lat' dir='ltr'>ejus</span> <span class='ocrx_word' id='word_1_136' title='bbox 584 949 740 985; x_wconf 79' lang='lat' dir='ltr'>rationes,</span> <span class='ocrx_word' id='word_1_137' title='bbox 765 957 829 979; x_wconf 87' lang='lat' dir='ltr'>non</span> <span class='ocrx_word' id='word_1_138' title='bbox 851 958 915 994; x_wconf 74' lang='lat' dir='ltr'>gra-</span> 
     </span>
     <span class='ocr_line' id='line_1_21' title="bbox 54 988 916 1030; baseline -0.001 -10"><span class='ocrx_word' id='word_1_139' title='bbox 54 991 179 1029; x_wconf 69' lang='lat' dir='ltr'>rabor,</span> <span class='ocrx_word' id='word_1_140' title='bbox 214 993 266 1024; x_wconf 87' lang='lat' dir='ltr'>vel</span> <span class='ocrx_word' id='word_1_141' title='bbox 295 993 325 1024; x_wconf 82' lang='lat' dir='ltr'>in</span> <span class='ocrx_word' id='word_1_142' title='bbox 349 991 417 1022; x_wconf 80' lang='lat' dir='ltr'>illas</span> <span class='ocrx_word' id='word_1_143' title='bbox 440 991 607 1030; x_wconf 83' lang='lat' dir='ltr'>inquirere.</span> <span class='ocrx_word' id='word_1_144' title='bbox 641 991 694 1029; x_wconf 52' lang='grc' dir='ltr'>(ἦ)</span> <span class='ocrx_word' id='word_1_145' title='bbox 725 988 830 1030; x_wconf 76' lang='lat' dir='ltr'>Negat</span> <span class='ocrx_word' id='word_1_146' title='bbox 861 992 916 1021; x_wconf 56' lang='lat' dir='ltr'>Nn·</span> 
     </span>
     <span class='ocr_line' id='line_1_22' title="bbox 53 1030 915 1072; baseline 0.001 -11"><span class='ocrx_word' id='word_1_147' title='bbox 53 1031 264 1072; x_wconf 74' lang='lat' dir='ltr'>Aznplislimus</span> <span class='ocrx_word' id='word_1_148' title='bbox 272 1055 284 1071; x_wconf 93' lang='lat'>,</span> <span class='ocrx_word' id='word_1_149' title='bbox 306 1032 467 1065; x_wconf 80' lang='lat' dir='ltr'>mulierem</span> <span class='ocrx_word' id='word_1_150' title='bbox 483 1039 612 1071; x_wconf 79' lang='lat' dir='ltr'>nuptam</span> <span class='ocrx_word' id='word_1_151' title='bbox 628 1039 775 1071; x_wconf 79' lang='lat' dir='ltr'>uniquam</span> <span class='ocrx_word' id='word_1_152' title='bbox 793 1030 915 1062; x_wconf 80' lang='lat' dir='ltr'>habuis-</span> 
     </span>
     <span class='ocr_line' id='line_1_23' title="bbox 53 1070 913 1114; baseline 0 -10"><span class='ocrx_word' id='word_1_153' title='bbox 53 1073 84 1104; x_wconf 82' lang='lat' dir='ltr'>se</span> <span class='ocrx_word' id='word_1_154' title='bbox 106 1074 294 1114; x_wconf 78' lang='lat' dir='ltr'>potestatem</span> <span class='ocrx_word' id='word_1_155' title='bbox 317 1072 459 1114; x_wconf 76' lang='lat' dir='ltr'>abigendi</span> <span class='ocrx_word' id='word_1_156' title='bbox 489 1079 615 1113; x_wconf 82' lang='lat' dir='ltr'>partus:</span> <span class='ocrx_word' id='word_1_157' title='bbox 649 1071 679 1103; x_wconf 68' lang='lat' dir='ltr'>dt</span> <span class='ocrx_word' id='word_1_158' title='bbox 695 1070 766 1103; x_wconf 76' lang='lat' dir='ltr'>usus</span> <span class='ocrx_word' id='word_1_159' title='bbox 787 1071 913 1113; x_wconf 81' lang='lat' dir='ltr'>duplice</span> 
     </span>
    </p>
   </div>
   <div class='ocr_carea' id='block_1_3' title="bbox 4 1193 913 3274">
    <p class='ocr_par' dir='ltr' id='par_1_3' title="bbox 4 1193 913 2660">
     <span class='ocr_line' id='line_1_24' title="bbox 51 1193 911 1230; baseline -0.003 -4"><span class='ocrx_word' id='word_1_160' title='bbox 51 1197 138 1230; x_wconf 82' lang='lat' dir='ltr'>dicit,</span> <span class='ocrx_word' id='word_1_161' title='bbox 161 1205 226 1227; x_wconf 86' lang='lat' dir='ltr'>ante</span> <span class='ocrx_word' id='word_1_162' title='bbox 245 1196 379 1226; x_wconf 82' lang='lat' dir='ltr'>Severum</span> <span class='ocrx_word' id='word_1_163' title='bbox 396 1194 422 1224; x_wconf 72' lang='grc' dir='ltr'>δε</span> <span class='ocrx_word' id='word_1_164' title='bbox 440 1194 618 1224; x_wconf 78' lang='lat' dir='ltr'>Antoninum</span> <span class='ocrx_word' id='word_1_165' title='bbox 632 1193 723 1223; x_wconf 81' lang='lat' dir='ltr'>licitas</span> <span class='ocrx_word' id='word_1_166' title='bbox 736 1194 815 1224; x_wconf 79' lang='lat' dir='ltr'>fniss‘e</span> <span class='ocrx_word' id='word_1_167' title='bbox 831 1195 911 1224; x_wconf 87' lang='lat' dir='ltr'>abor-</span> 
     </span>
     <span class='ocr_line' id='line_1_25' title="bbox 52 1232 910 1275; baseline -0.002 -11"><span class='ocrx_word' id='word_1_168' title='bbox 52 1237 142 1265; x_wconf 79' lang='lat' dir='ltr'>tiones</span> <span class='ocrx_word' id='word_1_169' title='bbox 162 1259 170 1271; x_wconf 86' lang='lat'>,</span> <span class='ocrx_word' id='word_1_170' title='bbox 197 1238 397 1275; x_wconf 80' lang='lat' dir='ltr'>probationem</span> <span class='ocrx_word' id='word_1_171' title='bbox 423 1234 612 1266; x_wconf 81' lang='lat' dir='ltr'>desiderares,</span> <span class='ocrx_word' id='word_1_172' title='bbox 645 1232 670 1260; x_wconf 73' lang='grc' dir='ltr'>ἃ</span> <span class='ocrx_word' id='word_1_173' title='bbox 692 1233 748 1269; x_wconf 88' lang='lat' dir='ltr'>ipse</span> <span class='ocrx_word' id='word_1_174' title='bbox 774 1233 910 1262; x_wconf 83' lang='lat' dir='ltr'>desidero.</span> 
     </span>
     <span class='ocr_line' id='line_1_26' title="bbox 48 1271 911 1311; baseline -0.005 -7"><span class='ocrx_word' id='word_1_175' title='bbox 48 1275 105 1304; x_wconf 86' lang='lat' dir='ltr'>Sed</span> <span class='ocrx_word' id='word_1_176' title='bbox 128 1276 232 1304; x_wconf 82' lang='lat' dir='ltr'>nullam</span> <span class='ocrx_word' id='word_1_177' title='bbox 261 1277 347 1303; x_wconf 82' lang='lat' dir='ltr'>habes</span> <span class='ocrx_word' id='word_1_178' title='bbox 371 1275 400 1302; x_wconf 91' lang='lat' dir='ltr'>in</span> <span class='ocrx_word' id='word_1_179' title='bbox 423 1272 504 1311; x_wconf 76' lang='lat' dir='ltr'>Julio</span> <span class='ocrx_word' id='word_1_180' title='bbox 519 1271 622 1306; x_wconf 80' lang='lat' dir='ltr'>Paulo,</span> <span class='ocrx_word' id='word_1_181' title='bbox 642 1279 694 1300; x_wconf 90' lang='lat' dir='ltr'>nec</span> <span class='ocrx_word' id='word_1_182' title='bbox 709 1273 754 1300; x_wconf 85' lang='lat' dir='ltr'>hic</span> <span class='ocrx_word' id='word_1_183' title='bbox 774 1272 889 1301; x_wconf 82' lang='lat' dir='ltr'>habebis</span> <span class='ocrx_word' id='word_1_184' title='bbox 904 1295 911 1306; x_wconf 93' lang='lat'>‚</span> 
     </span>
     <span class='ocr_line' id='line_1_27' title="bbox 49 1311 913 1348; baseline -0.003 -6"><span class='ocrx_word' id='word_1_185' title='bbox 49 1321 130 1348; x_wconf 86' lang='lat' dir='ltr'>nam,</span> <span class='ocrx_word' id='word_1_186' title='bbox 152 1323 183 1343; x_wconf 91' lang='lat' dir='ltr'>ut</span> <span class='ocrx_word' id='word_1_187' title='bbox 203 1315 278 1348; x_wconf 74' lang='lat' dir='ltr'>dixi,</span> <span class='ocrx_word' id='word_1_188' title='bbox 299 1311 425 1348; x_wconf 77' lang='lat' dir='ltr'>exempla</span> <span class='ocrx_word' id='word_1_189' title='bbox 440 1311 599 1338; x_wconf 71' lang='lat' dir='ltr'>abactorum</span> <span class='ocrx_word' id='word_1_190' title='bbox 620 1316 749 1346; x_wconf 81' lang='lat' dir='ltr'>partuum</span> <span class='ocrx_word' id='word_1_191' title='bbox 767 1311 836 1339; x_wconf 88' lang='lat' dir='ltr'>nihil</span> <span class='ocrx_word' id='word_1_192' title='bbox 851 1320 913 1347; x_wconf 85' lang='lat' dir='ltr'>pro-</span> 
     </span>
     <span class='ocr_line' id='line_1_28' title="bbox 50 1349 913 1386; baseline -0.006 -3"><span class='ocrx_word' id='word_1_193' title='bbox 50 1352 129 1383; x_wconf 88' lang='lat' dir='ltr'>bant.</span> <span class='ocrx_word' id='word_1_194' title='bbox 166 1356 208 1382; x_wconf 87' lang='lat' dir='ltr'>ita</span> <span class='ocrx_word' id='word_1_195' title='bbox 223 1360 318 1381; x_wconf 85' lang='lat' dir='ltr'>tamen</span> <span class='ocrx_word' id='word_1_196' title='bbox 334 1352 410 1380; x_wconf 88' lang='lat' dir='ltr'>sedet</span> <span class='ocrx_word' id='word_1_197' title='bbox 424 1350 496 1378; x_wconf 88' lang='lat' dir='ltr'>Viro</span> <span class='ocrx_word' id='word_1_198' title='bbox 519 1349 594 1377; x_wconf 87' lang='lat' dir='ltr'>Clar.</span> <span class='ocrx_word' id='word_1_199' title='bbox 609 1349 682 1385; x_wconf 87' lang='lat' dir='ltr'>apud</span> <span class='ocrx_word' id='word_1_200' title='bbox 698 1350 784 1378; x_wconf 88' lang='lat' dir='ltr'>Viros</span> <span class='ocrx_word' id='word_1_201' title='bbox 800 1351 913 1386; x_wconf 85' lang='lat' dir='ltr'>quidem</span> 
     </span>
     <span class='ocr_line' id='line_1_29' title="bbox 48 1386 913 1430; baseline -0.005 -8"><span class='ocrx_word' id='word_1_202' title='bbox 48 1402 149 1430; x_wconf 81' lang='lat' dir='ltr'>graves</span> <span class='ocrx_word' id='word_1_203' title='bbox 165 1392 192 1422; x_wconf 71' lang='grc' dir='ltr'>ἀ</span> <span class='ocrx_word' id='word_1_204' title='bbox 207 1390 340 1420; x_wconf 82' lang='lat' dir='ltr'>honestos</span> <span class='ocrx_word' id='word_1_205' title='bbox 364 1389 467 1426; x_wconf 83' lang='lat' dir='ltr'><strong>semper</strong></span> <span class='ocrx_word' id='word_1_206' title='bbox 484 1388 511 1416; x_wconf 87' lang='lat' dir='ltr'>in</span> <span class='ocrx_word' id='word_1_207' title='bbox 523 1389 667 1424; x_wconf 74' lang='lat' dir='ltr'>praeceptis</span> <span class='ocrx_word' id='word_1_208' title='bbox 686 1386 782 1423; x_wconf 82' lang='lat' dir='ltr'>suisl‘e,</span> <span class='ocrx_word' id='word_1_209' title='bbox 803 1397 838 1417; x_wconf 90' lang='lat' dir='ltr'>ne</span> <span class='ocrx_word' id='word_1_210' title='bbox 854 1397 913 1418; x_wconf 89' lang='lat' dir='ltr'>mu·</span> 
     </span>
     <span class='ocr_line' id='line_1_30' title="bbox 47 1426 912 1467; baseline -0.008 -5"><span class='ocrx_word' id='word_1_211' title='bbox 47 1435 102 1462; x_wconf 85' lang='lat' dir='ltr'>lier</span> <span class='ocrx_word' id='word_1_212' title='bbox 118 1431 276 1461; x_wconf 70' lang='lat' dir='ltr'>abortionis</span> <span class='ocrx_word' id='word_1_213' title='bbox 290 1429 422 1467; x_wconf 86' lang='lat' dir='ltr'>poculum</span> <span class='ocrx_word' id='word_1_214' title='bbox 439 1428 566 1459; x_wconf 85' lang='lat' dir='ltr'>biberet,</span> <span class='ocrx_word' id='word_1_215' title='bbox 589 1426 634 1454; x_wconf 89' lang='lat' dir='ltr'>sed</span> <span class='ocrx_word' id='word_1_216' title='bbox 654 1427 681 1454; x_wconf 90' lang='lat' dir='ltr'>in</span> <span class='ocrx_word' id='word_1_217' title='bbox 706 1427 808 1463; x_wconf 87' lang='lat' dir='ltr'>regulis</span> <span class='ocrx_word' id='word_1_218' title='bbox 824 1427 912 1466; x_wconf 78' lang='lat' dir='ltr'>Juris,</span> 
     </span>
     <span class='ocr_line' id='line_1_31' title="bbox 4 1464 912 1510; baseline -0.007 -9"><span class='ocrx_word' id='word_1_219' title='bbox 4 1467 5 1471; x_wconf 40' lang='lat'>¹</span> <span class='ocrx_word' id='word_1_220' title='bbox 46 1470 152 1510; x_wconf 77' lang='lat' dir='ltr'>posita,</span> <span class='ocrx_word' id='word_1_221' title='bbox 185 1469 204 1498; x_wconf 84' lang='lat' dir='ltr'>sr</span> <span class='ocrx_word' id='word_1_222' title='bbox 228 1475 326 1498; x_wconf 88' lang='lat' dir='ltr'>contra</span> <span class='ocrx_word' id='word_1_223' title='bbox 349 1467 463 1499; x_wconf 89' lang='lat' dir='ltr'>fecerit,</span> <span class='ocrx_word' id='word_1_224' title='bbox 490 1473 574 1502; x_wconf 90' lang='lat' dir='ltr'>poena</span> <span class='ocrx_word' id='word_1_225' title='bbox 594 1486 601 1499; x_wconf 94' lang='lat'>‚</span> <span class='ocrx_word' id='word_1_226' title='bbox 629 1473 687 1493; x_wconf 90' lang='lat' dir='ltr'>non</span> <span class='ocrx_word' id='word_1_227' title='bbox 707 1464 794 1494; x_wconf 86' lang='lat' dir='ltr'>fuisse.</span> <span class='ocrx_word' id='word_1_228' title='bbox 835 1466 912 1505; x_wconf 78' lang='lat' dir='ltr'>Quas</span> 
     </span>
     <span class='ocr_line' id='line_1_32' title="bbox 46 1503 911 1547; baseline -0.007 -7"><span class='ocrx_word' id='word_1_229' title='bbox 46 1510 158 1547; x_wconf 80' lang='lat' dir='ltr'>regulas</span> <span class='ocrx_word' id='word_1_230' title='bbox 183 1508 322 1545; x_wconf 81' lang='lat' dir='ltr'>intelligat</span> <span class='ocrx_word' id='word_1_231' title='bbox 343 1507 395 1534; x_wconf 91' lang='lat' dir='ltr'>Vir</span> <span class='ocrx_word' id='word_1_232' title='bbox 412 1504 488 1534; x_wconf 85' lang='lat' dir='ltr'>Clar.</span> <span class='ocrx_word' id='word_1_233' title='bbox 510 1511 569 1531; x_wconf 91' lang='lat' dir='ltr'>non</span> <span class='ocrx_word' id='word_1_234' title='bbox 591 1503 654 1532; x_wconf 86' lang='lat' dir='ltr'>satis</span> <span class='ocrx_word' id='word_1_235' title='bbox 673 1503 827 1540; x_wconf 78' lang='lat' dir='ltr'>adsequor,</span> <span class='ocrx_word' id='word_1_236' title='bbox 848 1513 911 1534; x_wconf 86' lang='lat' dir='ltr'>nam</span> 
     </span>
     <span class='ocr_line' id='line_1_33' title="bbox 47 1543 911 1584; baseline -0.007 -6"><span class='ocrx_word' id='word_1_237' title='bbox 47 1557 162 1582; x_wconf 85' lang='lat' dir='ltr'>ornnes,</span> <span class='ocrx_word' id='word_1_238' title='bbox 193 1556 262 1584; x_wconf 86' lang='lat' dir='ltr'>quas</span> <span class='ocrx_word' id='word_1_239' title='bbox 287 1547 315 1575; x_wconf 92' lang='lat' dir='ltr'>in</span> <span class='ocrx_word' id='word_1_240' title='bbox 329 1543 474 1573; x_wconf 73' lang='lat' dir='ltr'>Pandeffis</span> <span class='ocrx_word' id='word_1_241' title='bbox 489 1543 624 1571; x_wconf 82' lang='lat' dir='ltr'>habemus</span> <span class='ocrx_word' id='word_1_242' title='bbox 638 1564 645 1575; x_wconf 82' lang='lat'>,</span> <span class='ocrx_word' id='word_1_243' title='bbox 668 1543 828 1577; x_wconf 82' lang='lat' dir='ltr'>mulierem,</span> <span class='ocrx_word' id='word_1_244' title='bbox 851 1551 911 1580; x_wconf 79' lang='lat' dir='ltr'>quae</span> 
     </span>
     <span class='ocr_line' id='line_1_34' title="bbox 47 1580 910 1622; baseline -0.006 -6"><span class='ocrx_word' id='word_1_245' title='bbox 47 1587 99 1617; x_wconf 85' lang='lat' dir='ltr'>fibi</span> <span class='ocrx_word' id='word_1_246' title='bbox 119 1589 249 1616; x_wconf 81' lang='lat' dir='ltr'>abortum</span> <span class='ocrx_word' id='word_1_247' title='bbox 271 1584 450 1622; x_wconf 81' lang='lat' dir='ltr'>procuravit,</span> <span class='ocrx_word' id='word_1_248' title='bbox 479 1580 604 1618; x_wconf 82' lang='lat' dir='ltr'>apposita</span> <span class='ocrx_word' id='word_1_249' title='bbox 619 1590 702 1618; x_wconf 87' lang='lat' dir='ltr'>poena</span> <span class='ocrx_word' id='word_1_250' title='bbox 718 1581 867 1616; x_wconf 88' lang='lat' dir='ltr'>damnant,</span> <span class='ocrx_word' id='word_1_251' title='bbox 889 1583 910 1611; x_wconf 84' lang='lat' dir='ltr'>i·</span> 
     </span>
     <span class='ocr_line' id='line_1_35' title="bbox 47 1619 909 1664; baseline -0.006 -10"><span class='ocrx_word' id='word_1_252' title='bbox 47 1632 76 1656; x_wconf 88' lang='lat' dir='ltr'>ta</span> <span class='ocrx_word' id='word_1_253' title='bbox 96 1628 114 1654; x_wconf 87' lang='lat'>1.</span> <span class='ocrx_word' id='word_1_254' title='bbox 136 1629 162 1656; x_wconf 90' lang='lat'>8.</span> <span class='ocrx_word' id='word_1_255' title='bbox 176 1623 216 1664; x_wconf 85' lang='lat' dir='ltr'>ff.</span> <span class='ocrx_word' id='word_1_256' title='bbox 238 1625 272 1653; x_wconf 82' lang='lat' dir='ltr'>ad</span> <span class='ocrx_word' id='word_1_257' title='bbox 288 1622 433 1652; x_wconf 66' lang='lat' dir='ltr'>Leomet.</span> <span class='ocrx_word' id='word_1_258' title='bbox 452 1621 574 1649; x_wconf 73' lang='lat' dir='ltr'>desicar.</span> <span class='ocrx_word' id='word_1_259' title='bbox 596 1628 679 1656; x_wconf 89' lang='lat' dir='ltr'>quam</span> <span class='ocrx_word' id='word_1_260' title='bbox 695 1621 722 1648; x_wconf 89' lang='lat' dir='ltr'>in</span> <span class='ocrx_word' id='word_1_261' title='bbox 735 1619 909 1660; x_wconf 82' lang='lat' dir='ltr'>JulioPaulo</span> 
     </span>
     <span class='ocr_line' id='line_1_36' title="bbox 67 1658 908 1698; baseline -0.007 -4"><span class='ocrx_word' id='word_1_262' title='bbox 67 1663 241 1694; x_wconf 77' lang='lat' dir='ltr'>raetcrmifisti</span> <span class='ocrx_word' id='word_1_263' title='bbox 257 1685 264 1698; x_wconf 95' lang='lat'>‚</span> <span class='ocrx_word' id='word_1_264' title='bbox 293 1663 332 1690; x_wconf 87' lang='lat' dir='ltr'>ita</span> <span class='ocrx_word' id='word_1_265' title='bbox 358 1663 375 1689; x_wconf 84' lang='lat'>1.</span> <span class='ocrx_word' id='word_1_266' title='bbox 398 1668 425 1695; x_wconf 81' lang='lat'>4.</span> <span class='ocrx_word' id='word_1_267' title='bbox 447 1658 487 1697; x_wconf 87' lang='lat' dir='ltr'>ff.</span> <span class='ocrx_word' id='word_1_268' title='bbox 516 1659 545 1686; x_wconf 82' lang='lat' dir='ltr'>de</span> <span class='ocrx_word' id='word_1_269' title='bbox 571 1658 712 1688; x_wconf 75' lang='lat' dir='ltr'>Extraord.</span> <span class='ocrx_word' id='word_1_270' title='bbox 731 1662 804 1688; x_wconf 81' lang='lat' dir='ltr'>crim.</span> <span class='ocrx_word' id='word_1_271' title='bbox 825 1658 850 1688; x_wconf 73' lang='grc' dir='ltr'>ἀ</span> <span class='ocrx_word' id='word_1_272' title='bbox 871 1660 908 1688; x_wconf 90' lang='lat' dir='ltr'>ita</span> 
     </span>
     <span class='ocr_line' id='line_1_37' title="bbox 44 1675 908 1741; baseline -0.007 -8"><span class='ocrx_word' id='word_1_273' title='bbox 44 1675 64 1733; x_wconf 52' lang='grc' dir='ltr'><em>Ξ</em></span> <span class='ocrx_word' id='word_1_274' title='bbox 83 1712 129 1740; x_wconf 86' lang='grc'>39.</span> <span class='ocrx_word' id='word_1_275' title='bbox 143 1700 183 1741; x_wconf 86' lang='lat' dir='ltr'>ff.</span> <span class='ocrx_word' id='word_1_276' title='bbox 204 1703 235 1731; x_wconf 81' lang='lat' dir='ltr'>de</span> <span class='ocrx_word' id='word_1_277' title='bbox 264 1700 336 1729; x_wconf 81' lang='lat' dir='ltr'>Pam.</span> <span class='ocrx_word' id='word_1_278' title='bbox 358 1699 384 1728; x_wconf 73' lang='lat' dir='ltr'>dt</span> <span class='ocrx_word' id='word_1_279' title='bbox 406 1705 504 1735; x_wconf 85' lang='lat' dir='ltr'>praeter</span> <span class='ocrx_word' id='word_1_280' title='bbox 519 1698 568 1726; x_wconf 84' lang='lat' dir='ltr'>has</span> <span class='ocrx_word' id='word_1_281' title='bbox 585 1706 642 1725; x_wconf 88' lang='lat' dir='ltr'>non</span> <span class='ocrx_word' id='word_1_282' title='bbox 659 1698 720 1725; x_wconf 90' lang='lat' dir='ltr'>sunt</span> <span class='ocrx_word' id='word_1_283' title='bbox 736 1698 804 1726; x_wconf 82' lang='lat' dir='ltr'>aliae.</span> <span class='ocrx_word' id='word_1_284' title='bbox 842 1698 908 1727; x_wconf 85' lang='lat' dir='ltr'>Vei-</span> 
     </span>
     <span class='ocr_line' id='line_1_38' title="bbox 45 1735 908 1778; baseline -0.008 -7"><span class='ocrx_word' id='word_1_285' title='bbox 45 1743 101 1771; x_wconf 81' lang='lat' dir='ltr'>lem</span> <span class='ocrx_word' id='word_1_286' title='bbox 119 1742 203 1778; x_wconf 86' lang='lat' dir='ltr'>igitur</span> <span class='ocrx_word' id='word_1_287' title='bbox 223 1739 380 1769; x_wconf 83' lang='lat' dir='ltr'>accuratius</span> <span class='ocrx_word' id='word_1_288' title='bbox 402 1743 495 1766; x_wconf 84' lang='lat' dir='ltr'>aetates</span> <span class='ocrx_word' id='word_1_289' title='bbox 520 1735 698 1770; x_wconf 75' lang='lat' dir='ltr'>distinxisses,</span> <span class='ocrx_word' id='word_1_290' title='bbox 722 1735 747 1764; x_wconf 71' lang='grc' dir='ltr'>ἀ</span> <span class='ocrx_word' id='word_1_291' title='bbox 763 1737 864 1765; x_wconf 80' lang='lat' dir='ltr'>veteris</span> <span class='ocrx_word' id='word_1_292' title='bbox 877 1746 908 1765; x_wconf 79' lang='lat' dir='ltr'>ae-</span> 
     </span>
     <span class='ocr_line' id='line_1_39' title="bbox 45 1775 908 1816; baseline -0.006 -7"><span class='ocrx_word' id='word_1_293' title='bbox 45 1782 75 1810; x_wconf 54' lang='lat' dir='ltr'>ei</span> <span class='ocrx_word' id='word_1_294' title='bbox 91 1780 233 1809; x_wconf 79' lang='lat' dir='ltr'>licentiam</span> <span class='ocrx_word' id='word_1_295' title='bbox 254 1777 395 1816; x_wconf 83' lang='lat' dir='ltr'>probasses</span> <span class='ocrx_word' id='word_1_296' title='bbox 409 1798 416 1810; x_wconf 94' lang='lat'>,</span> <span class='ocrx_word' id='word_1_297' title='bbox 443 1775 469 1804; x_wconf 70' lang='grc' dir='ltr'>ἃ</span> <span class='ocrx_word' id='word_1_298' title='bbox 485 1776 559 1804; x_wconf 85' lang='lat' dir='ltr'>hanc</span> <span class='ocrx_word' id='word_1_299' title='bbox 572 1795 581 1810; x_wconf 92' lang='lat'><em>‚</em></span> <span class='ocrx_word' id='word_1_300' title='bbox 604 1784 664 1812; x_wconf 81' lang='lat' dir='ltr'>quae</span> <span class='ocrx_word' id='word_1_301' title='bbox 683 1776 736 1804; x_wconf 90' lang='lat' dir='ltr'>tibi</span> <span class='ocrx_word' id='word_1_302' title='bbox 753 1777 780 1803; x_wconf 91' lang='lat' dir='ltr'>in</span> <span class='ocrx_word' id='word_1_303' title='bbox 801 1775 908 1804; x_wconf 84' lang='lat' dir='ltr'>deliciis</span> 
     </span>
     <span class='ocr_line' id='line_1_40' title="bbox 45 1813 908 1855; baseline -0.006 -7"><span class='ocrx_word' id='word_1_304' title='bbox 45 1819 102 1855; x_wconf 87' lang='lat' dir='ltr'>est,</span> <span class='ocrx_word' id='word_1_305' title='bbox 124 1818 328 1848; x_wconf 66' lang='lat' dir='ltr'>distinetionem</span> <span class='ocrx_word' id='word_1_306' title='bbox 352 1817 425 1844; x_wconf 88' lang='lat' dir='ltr'>inter</span> <span class='ocrx_word' id='word_1_307' title='bbox 443 1820 582 1852; x_wconf 80' lang='lat' dir='ltr'>praecepta</span> <span class='ocrx_word' id='word_1_308' title='bbox 604 1814 629 1842; x_wconf 72' lang='grc' dir='ltr'>ὅ(</span> <span class='ocrx_word' id='word_1_309' title='bbox 645 1813 769 1851; x_wconf 84' lang='lat' dir='ltr'>regulas,</span> <span class='ocrx_word' id='word_1_310' title='bbox 791 1813 836 1842; x_wconf 81' lang='lat' dir='ltr'>vel</span> <span class='ocrx_word' id='word_1_311' title='bbox 852 1813 908 1843; x_wconf 87' lang='lat' dir='ltr'>ulia</span> 
     </span>
     <span class='ocr_line' id='line_1_41' title="bbox 45 1852 908 1895; baseline -0.005 -9"><span class='ocrx_word' id='word_1_312' title='bbox 45 1864 170 1895; x_wconf 77' lang='lat' dir='ltr'>unquam</span> <span class='ocrx_word' id='word_1_313' title='bbox 199 1863 279 1885; x_wconf 80' lang='lat' dir='ltr'>aetate</span> <span class='ocrx_word' id='word_1_314' title='bbox 294 1877 301 1888; x_wconf 91' lang='lat'><strong>‚</strong></span> <span class='ocrx_word' id='word_1_315' title='bbox 330 1855 359 1883; x_wconf 90' lang='lat' dir='ltr'>in</span> <span class='ocrx_word' id='word_1_316' title='bbox 382 1853 485 1882; x_wconf 85' lang='lat' dir='ltr'>abortu</span> <span class='ocrx_word' id='word_1_317' title='bbox 509 1853 660 1881; x_wconf 76' lang='lat' dir='ltr'>obtinuisse</span> <span class='ocrx_word' id='word_1_318' title='bbox 687 1852 908 1882; x_wconf 71' lang='lat' dir='ltr'>demonstrasses.</span> 
     </span>
     <span class='ocr_line' id='line_1_42' title="bbox 43 1892 906 1933; baseline -0.007 -8"><span class='ocrx_word' id='word_1_319' title='bbox 43 1896 98 1926; x_wconf 85' lang='lat' dir='ltr'>Sed</span> <span class='ocrx_word' id='word_1_320' title='bbox 113 1895 181 1933; x_wconf 87' lang='lat' dir='ltr'>quid</span> <span class='ocrx_word' id='word_1_321' title='bbox 201 1895 220 1923; x_wconf 85' lang='lat' dir='ltr'>si</span> <span class='ocrx_word' id='word_1_322' title='bbox 251 1895 318 1922; x_wconf 81' lang='lat' dir='ltr'>olim</span> <span class='ocrx_word' id='word_1_323' title='bbox 341 1892 520 1926; x_wconf 78' lang='lat' dir='ltr'>obtinuisset,</span> <span class='ocrx_word' id='word_1_324' title='bbox 551 1899 586 1919; x_wconf 85' lang='lat' dir='ltr'>an</span> <span class='ocrx_word' id='word_1_325' title='bbox 610 1893 694 1920; x_wconf 84' lang='lat' dir='ltr'>etiam</span> <span class='ocrx_word' id='word_1_326' title='bbox 712 1898 793 1920; x_wconf 85' lang='lat' dir='ltr'>aetate</span> <span class='ocrx_word' id='word_1_327' title='bbox 809 1900 906 1920; x_wconf 89' lang='lat' dir='ltr'>eorum</span> 
     </span>
     <span class='ocr_line' id='line_1_43' title="bbox 45 1930 906 1969; baseline -0.005 -6"><span class='ocrx_word' id='word_1_328' title='bbox 45 1935 178 1963; x_wconf 65' lang='lat' dir='ltr'>ictorum</span> <span class='ocrx_word' id='word_1_329' title='bbox 195 1956 201 1966; x_wconf 86' lang='grc'>,</span> <span class='ocrx_word' id='word_1_330' title='bbox 230 1942 264 1961; x_wconf 82' lang='lat' dir='ltr'>ex</span> <span class='ocrx_word' id='word_1_331' title='bbox 286 1940 407 1969; x_wconf 90' lang='lat' dir='ltr'>quorum</span> <span class='ocrx_word' id='word_1_332' title='bbox 438 1931 654 1959; x_wconf 83' lang='lat' dir='ltr'>Commentariis</span> <span class='ocrx_word' id='word_1_333' title='bbox 677 1930 820 1958; x_wconf 69' lang='lat' dir='ltr'>Pandeetae</span> <span class='ocrx_word' id='word_1_334' title='bbox 840 1939 906 1959; x_wconf 87' lang='lat' dir='ltr'>con·</span> 
     </span>
     <span class='ocr_line' id='line_1_44' title="bbox 43 1965 906 2009; baseline -0.003 -8"><span class='ocrx_word' id='word_1_335' title='bbox 43 1965 140 2001; x_wconf 63' lang='lat' dir='ltr'>itant?</span> <span class='ocrx_word' id='word_1_336' title='bbox 159 1973 296 2009; x_wconf 84' lang='lat' dir='ltr'>Ulpianus</span> <span class='ocrx_word' id='word_1_337' title='bbox 310 1972 369 2005; x_wconf 78' lang='lat' dir='ltr'>Jus‚</span> <span class='ocrx_word' id='word_1_338' title='bbox 386 1970 414 1997; x_wconf 90' lang='lat' dir='ltr'>in</span> <span class='ocrx_word' id='word_1_339' title='bbox 432 1977 489 2006; x_wconf 92' lang='lat' dir='ltr'>quo</span> <span class='ocrx_word' id='word_1_340' title='bbox 504 1969 681 2003; x_wconf 81' lang='lat' dir='ltr'>versabatur,</span> <span class='ocrx_word' id='word_1_341' title='bbox 705 1975 849 2005; x_wconf 86' lang='lat' dir='ltr'>exponens</span> <span class='ocrx_word' id='word_1_342' title='bbox 870 1969 906 1998; x_wconf 92' lang='lat' dir='ltr'>L.</span> 
     </span>
     <span class='ocr_line' id='line_1_45' title="bbox 45 2006 908 2044; baseline -0.007 -4"><span class='ocrx_word' id='word_1_343' title='bbox 45 2011 180 2040; x_wconf 79' lang='lat' dir='ltr'>xxxin.</span> <span class='ocrx_word' id='word_1_344' title='bbox 199 2011 233 2038; x_wconf 80' lang='lat' dir='ltr'>ml</span> <span class='ocrx_word' id='word_1_345' title='bbox 246 2009 383 2040; x_wconf 73' lang='lat' dir='ltr'>Edifeum,</span> <span class='ocrx_word' id='word_1_346' title='bbox 405 2009 443 2036; x_wconf 90' lang='lat' dir='ltr'>ita</span> <span class='ocrx_word' id='word_1_347' title='bbox 461 2008 521 2036; x_wconf 85' lang='lat' dir='ltr'>infit</span> <span class='ocrx_word' id='word_1_348' title='bbox 537 2008 564 2035; x_wconf 91' lang='lat' dir='ltr'>in</span> <span class='ocrx_word' id='word_1_349' title='bbox 586 2008 612 2036; x_wconf 81' lang='lat' dir='ltr'>cl.</span> <span class='ocrx_word' id='word_1_350' title='bbox 628 2008 646 2035; x_wconf 87' lang='lat'>1.</span> <span class='ocrx_word' id='word_1_351' title='bbox 664 2010 689 2038; x_wconf 87' lang='lat'>8.</span> <span class='ocrx_word' id='word_1_352' title='bbox 704 2006 744 2044; x_wconf 87' lang='lat' dir='ltr'>ff.</span> <span class='ocrx_word' id='word_1_353' title='bbox 759 2007 908 2035; x_wconf 59' lang='lat' dir='ltr'>adnom-</span> 
     </span>
     <span class='ocr_line' id='line_1_46' title="bbox 43 2043 905 2083; baseline -0.005 -5"><span class='ocrx_word' id='word_1_354' title='bbox 43 2051 96 2078; x_wconf 72' lang='grc' dir='ltr'>πει.</span> <span class='ocrx_word' id='word_1_355' title='bbox 110 2050 139 2077; x_wconf 82' lang='lat' dir='ltr'>rie</span> <span class='ocrx_word' id='word_1_356' title='bbox 153 2049 237 2077; x_wconf 83' lang='lat' dir='ltr'>Sicar.</span> <span class='ocrx_word' id='word_1_357' title='bbox 262 2043 306 2075; x_wconf 48' lang='lat' dir='ltr'>*Si</span> <span class='ocrx_word' id='word_1_358' title='bbox 319 2047 452 2075; x_wconf 79' lang='lat' dir='ltr'>mulierem</span> <span class='ocrx_word' id='word_1_359' title='bbox 473 2045 615 2083; x_wconf 78' lang='lat' dir='ltr'>visceribus</span> <span class='ocrx_word' id='word_1_360' title='bbox 621 2044 682 2083; x_wconf 83' lang='lat' dir='ltr'>suis</span> <span class='ocrx_word' id='word_1_361' title='bbox 695 2047 751 2073; x_wconf 85' lang='lat' dir='ltr'>vim</span> <span class='ocrx_word' id='word_1_362' title='bbox 767 2045 883 2083; x_wconf 72' lang='lat' dir='ltr'>iritulz&#39;ffe</span> <span class='ocrx_word' id='word_1_363' title='bbox 896 2066 905 2079; x_wconf 95' lang='lat'>,</span> 
     </span>
     <span class='ocr_line' id='line_1_47' title="bbox 46 2083 905 2125; baseline -0.003 -10"><span class='ocrx_word' id='word_1_364' title='bbox 46 2097 94 2125; x_wconf 73' lang='lat' dir='ltr'>quo</span> <span class='ocrx_word' id='word_1_365' title='bbox 107 2093 207 2124; x_wconf 74' lang='lat' dir='ltr'>partum</span> <span class='ocrx_word' id='word_1_366' title='bbox 221 2088 353 2123; x_wconf 74' lang='lat' dir='ltr'>abigeret,</span> <span class='ocrx_word' id='word_1_367' title='bbox 376 2083 538 2120; x_wconf 76' lang='lat' dir='ltr'>constiterit,</span> <span class='ocrx_word' id='word_1_368' title='bbox 559 2094 614 2112; x_wconf 83' lang='lat' dir='ltr'>eam</span> <span class='ocrx_word' id='word_1_369' title='bbox 632 2086 660 2112; x_wconf 83' lang='lat' dir='ltr'>in</span> <span class='ocrx_word' id='word_1_370' title='bbox 681 2085 791 2112; x_wconf 82' lang='lat' dir='ltr'>exilium</span> <span class='ocrx_word' id='word_1_371' title='bbox 807 2084 905 2122; x_wconf 62' lang='lat' dir='ltr'>Pmses</span> 
     </span>
     <span class='ocr_line' id='line_1_48' title="bbox 43 2122 906 2161; baseline -0.003 -8"><span class='ocrx_word' id='word_1_372' title='bbox 43 2126 194 2154; x_wconf 65' lang='lat' dir='ltr'>Provinciae</span> <span class='ocrx_word' id='word_1_373' title='bbox 209 2127 307 2161; x_wconf 74' lang='lat' dir='ltr'>exiget.</span> <span class='ocrx_word' id='word_1_374' title='bbox 346 2123 487 2158; x_wconf 85' lang='lat' dir='ltr'>Loquitur</span> <span class='ocrx_word' id='word_1_375' title='bbox 501 2123 535 2151; x_wconf 87' lang='lat' dir='ltr'>de</span> <span class='ocrx_word' id='word_1_376' title='bbox 550 2123 628 2150; x_wconf 91' lang='lat' dir='ltr'>omni</span> <span class='ocrx_word' id='word_1_377' title='bbox 652 2122 784 2157; x_wconf 87' lang='lat' dir='ltr'>muliere,</span> <span class='ocrx_word' id='word_1_378' title='bbox 808 2130 906 2159; x_wconf 83' lang='lat' dir='ltr'>nupta,</span> 
     </span>
     <span class='ocr_line' id='line_1_49' title="bbox 44 2162 907 2200; baseline -0.005 -8"><span class='ocrx_word' id='word_1_379' title='bbox 44 2165 180 2200; x_wconf 79' lang='lat' dir='ltr'>innupta:</span> <span class='ocrx_word' id='word_1_380' title='bbox 206 2163 250 2191; x_wconf 88' lang='lat' dir='ltr'>scd</span> <span class='ocrx_word' id='word_1_381' title='bbox 269 2162 461 2190; x_wconf 78' lang='lat' dir='ltr'>animadverte</span> <span class='ocrx_word' id='word_1_382' title='bbox 477 2180 486 2196; x_wconf 71' lang='lat'>,</span> <span class='ocrx_word' id='word_1_383' title='bbox 515 2169 599 2198; x_wconf 85' lang='lat' dir='ltr'>quam</span> <span class='ocrx_word' id='word_1_384' title='bbox 614 2169 678 2189; x_wconf 87' lang='lat' dir='ltr'>non.</span> <span class='ocrx_word' id='word_1_385' title='bbox 687 2162 786 2196; x_wconf 78' lang='lat' dir='ltr'>anxie,</span> <span class='ocrx_word' id='word_1_386' title='bbox 805 2169 857 2189; x_wconf 87' lang='lat' dir='ltr'>nec</span> <span class='ocrx_word' id='word_1_387' title='bbox 872 2162 907 2189; x_wconf 82' lang='lat' dir='ltr'>ri-</span> 
     </span>
     <span class='ocr_line' id='line_1_50' title="bbox 45 2198 905 2238; baseline -0.002 -8"><span class='ocrx_word' id='word_1_388' title='bbox 45 2202 112 2238; x_wconf 82' lang='lat' dir='ltr'>gide</span> <span class='ocrx_word' id='word_1_389' title='bbox 135 2201 265 2229; x_wconf 87' lang='lat' dir='ltr'>adversus</span> <span class='ocrx_word' id='word_1_390' title='bbox 285 2206 313 2228; x_wconf 88' lang='lat' dir='ltr'>te</span> <span class='ocrx_word' id='word_1_391' title='bbox 335 2200 469 2236; x_wconf 84' lang='lat' dir='ltr'>disputem</span> <span class='ocrx_word' id='word_1_392' title='bbox 489 2215 499 2233; x_wconf 87' lang='lat'>,—</span> <span class='ocrx_word' id='word_1_393' title='bbox 527 2208 592 2228; x_wconf 88' lang='lat' dir='ltr'>nam</span> <span class='ocrx_word' id='word_1_394' title='bbox 614 2199 768 2236; x_wconf 83' lang='lat' dir='ltr'>Ulpianum</span> <span class='ocrx_word' id='word_1_395' title='bbox 791 2198 826 2227; x_wconf 89' lang='lat' dir='ltr'>de</span> <span class='ocrx_word' id='word_1_396' title='bbox 848 2199 905 2228; x_wconf 85' lang='lat' dir='ltr'>sola</span> 
     </span>
     <span class='ocr_line' id='line_1_51' title="bbox 45 2237 904 2277; baseline -0.001 -9"><span class='ocrx_word' id='word_1_397' title='bbox 45 2246 133 2277; x_wconf 81' lang='lat' dir='ltr'>nupta</span> <span class='ocrx_word' id='word_1_398' title='bbox 169 2237 407 2275; x_wconf 85' lang='lat' dir='ltr'>interpretandum</span> <span class='ocrx_word' id='word_1_399' title='bbox 431 2237 515 2266; x_wconf 83' lang='lat' dir='ltr'>facile·</span> <span class='ocrx_word' id='word_1_400' title='bbox 546 2238 634 2275; x_wconf 82' lang='lat' dir='ltr'>passus</span> <span class='ocrx_word' id='word_1_401' title='bbox 664 2238 722 2266; x_wconf 90' lang='lat' dir='ltr'>sum</span> <span class='ocrx_word' id='word_1_402' title='bbox 751 2237 845 2275; x_wconf 78' lang='lat' dir='ltr'>Opusc.</span> <span class='ocrx_word' id='word_1_403' title='bbox 875 2238 904 2267; x_wconf 89' lang='lat' dir='ltr'>C.</span> 
     </span>
     <span class='ocr_line' id='line_1_52' title="bbox 44 2275 903 2314; baseline -0.002 -7"><span class='ocrx_word' id='word_1_404' title='bbox 44 2277 109 2307; x_wconf 81' lang='lat' dir='ltr'>vu.</span> <span class='ocrx_word' id='word_1_405' title='bbox 143 2283 170 2314; x_wconf 79' lang='lat' dir='ltr'>p.</span> <span class='ocrx_word' id='word_1_406' title='bbox 188 2285 251 2312; x_wconf 67' lang='lat'>353¹.</span> <span class='ocrx_word' id='word_1_407' title='bbox 286 2277 352 2313; x_wconf 85' lang='lat' dir='ltr'>qnia</span> <span class='ocrx_word' id='word_1_408' title='bbox 379 2275 492 2312; x_wconf 84' lang='lat' dir='ltr'>reliquae</span> <span class='ocrx_word' id='word_1_409' title='bbox 511 2276 601 2313; x_wconf 84' lang='lat' dir='ltr'>Leges</span> <span class='ocrx_word' id='word_1_410' title='bbox 621 2299 628 2311; x_wconf 93' lang='lat'>,</span> <span class='ocrx_word' id='word_1_411' title='bbox 664 2283 724 2312; x_wconf 77' lang='lat' dir='ltr'>quae</span> <span class='ocrx_word' id='word_1_412' title='bbox 752 2278 903 2312; x_wconf 80' lang='lat' dir='ltr'>mulieres,</span> 
     </span>
     <span class='ocr_line' id='line_1_53' title="bbox 43 2315 906 2351; baseline -0.001 -6"><span class='ocrx_word' id='word_1_413' title='bbox 43 2317 74 2346; x_wconf 78' lang='lat' dir='ltr'>in</span> <span class='ocrx_word' id='word_1_414' title='bbox 91 2316 195 2345; x_wconf 81' lang='lat' dir='ltr'>viscera</span> <span class='ocrx_word' id='word_1_415' title='bbox 211 2317 256 2343; x_wconf 85' lang='lat' dir='ltr'>sua</span> <span class='ocrx_word' id='word_1_416' title='bbox 277 2315 418 2343; x_wconf 74' lang='lat' dir='ltr'>saevientes</span> <span class='ocrx_word' id='word_1_417' title='bbox 432 2331 442 2347; x_wconf 74' lang='lat'>,</span> <span class='ocrx_word' id='word_1_418' title='bbox 472 2315 592 2350; x_wconf 86' lang='lat' dir='ltr'>puniunt</span> <span class='ocrx_word' id='word_1_419' title='bbox 603 2337 618 2347; x_wconf 82' lang='grc'>,,</span> <span class='ocrx_word' id='word_1_420' title='bbox 629 2315 703 2343; x_wconf 79' lang='lat' dir='ltr'>hanc</span> <span class='ocrx_word' id='word_1_421' title='bbox 717 2323 806 2351; x_wconf 77' lang='lat' dir='ltr'>poenae</span> <span class='ocrx_word' id='word_1_422' title='bbox 820 2317 906 2344; x_wconf 85' lang='lat' dir='ltr'>ratio-</span> 
     </span>
     <span class='ocr_line' id='line_1_54' title="bbox 42 2351 907 2391; baseline -0.001 -8"><span class='ocrx_word' id='word_1_423' title='bbox 42 2363 107 2384; x_wconf 88' lang='lat' dir='ltr'>nem</span> <span class='ocrx_word' id='word_1_424' title='bbox 132 2354 276 2387; x_wconf 85' lang='lat' dir='ltr'>reddunt,</span> <span class='ocrx_word' id='word_1_425' title='bbox 307 2353 384 2390; x_wconf 89' lang='lat' dir='ltr'>quod</span> <span class='ocrx_word' id='word_1_426' title='bbox 404 2353 519 2381; x_wconf 88' lang='lat' dir='ltr'>maritos</span> <span class='ocrx_word' id='word_1_427' title='bbox 542 2352 636 2381; x_wconf 84' lang='lat' dir='ltr'>liberis</span> <span class='ocrx_word' id='word_1_428' title='bbox 650 2351 814 2382; x_wconf 83' lang='lat' dir='ltr'>fraudarint.</span> <span class='ocrx_word' id='word_1_429' title='bbox 853 2355 907 2391; x_wconf 83' lang='lat' dir='ltr'>lgi-</span> 
     </span>
     <span class='ocr_line' id='line_1_55' title="bbox 43 2391 906 2429; baseline -0.001 -8"><span class='ocrx_word' id='word_1_430' title='bbox 43 2400 89 2422; x_wconf 84' lang='lat' dir='ltr'>tut</span> <span class='ocrx_word' id='word_1_431' title='bbox 104 2393 248 2421; x_wconf 88' lang='lat' dir='ltr'>mulierem</span> <span class='ocrx_word' id='word_1_432' title='bbox 259 2414 265 2426; x_wconf 83' lang='lat'>,</span> <span class='ocrx_word' id='word_1_433' title='bbox 282 2391 359 2429; x_wconf 87' lang='lat' dir='ltr'>quod</span> <span class='ocrx_word' id='word_1_434' title='bbox 375 2392 461 2427; x_wconf 88' lang='lat' dir='ltr'>vulgo</span> <span class='ocrx_word' id='word_1_435' title='bbox 477 2393 622 2428; x_wconf 82' lang='lat' dir='ltr'>concepit,</span> <span class='ocrx_word' id='word_1_436' title='bbox 644 2391 764 2427; x_wconf 77' lang='lat' dir='ltr'>potuisse</span> <span class='ocrx_word' id='word_1_437' title='bbox 783 2393 906 2428; x_wconf 73' lang='lat' dir='ltr'>abigere,</span> 
     </span>
     <span class='ocr_line' id='line_1_56' title="bbox 42 2430 904 2467; baseline -0.001 -7"><span class='ocrx_word' id='word_1_438' title='bbox 42 2430 111 2461; x_wconf 77' lang='lat' dir='ltr'>ideo</span> <span class='ocrx_word' id='word_1_439' title='bbox 127 2430 233 2460; x_wconf 83' lang='lat' dir='ltr'>credidi</span> <span class='ocrx_word' id='word_1_440' title='bbox 251 2452 259 2464; x_wconf 89' lang='lat'><strong>‚</strong></span> <span class='ocrx_word' id='word_1_441' title='bbox 290 2431 356 2466; x_wconf 85' lang='lat' dir='ltr'>quia</span> <span class='ocrx_word' id='word_1_442' title='bbox 378 2431 407 2458; x_wconf 90' lang='lat' dir='ltr'>in</span> <span class='ocrx_word' id='word_1_443' title='bbox 432 2438 481 2464; x_wconf 81' lang='lat' dir='ltr'>ea,</span> <span class='ocrx_word' id='word_1_444' title='bbox 503 2438 564 2467; x_wconf 86' lang='lat' dir='ltr'>quae</span> <span class='ocrx_word' id='word_1_445' title='bbox 580 2430 710 2458; x_wconf 86' lang='lat' dir='ltr'>maritum</span> <span class='ocrx_word' id='word_1_446' title='bbox 725 2438 782 2458; x_wconf 89' lang='lat' dir='ltr'>non</span> <span class='ocrx_word' id='word_1_447' title='bbox 797 2431 882 2459; x_wconf 88' lang='lat' dir='ltr'>habet</span> <span class='ocrx_word' id='word_1_448' title='bbox 896 2453 904 2466; x_wconf 94' lang='lat'>,</span> 
     </span>
     <span class='ocr_line' id='line_1_57' title="bbox 43 2468 905 2504; baseline 0 -6"><span class='ocrx_word' id='word_1_449' title='bbox 43 2469 151 2498; x_wconf 83' lang='lat' dir='ltr'>nullum</span> <span class='ocrx_word' id='word_1_450' title='bbox 164 2471 256 2498; x_wconf 85' lang='lat' dir='ltr'>mariti</span> <span class='ocrx_word' id='word_1_451' title='bbox 273 2468 598 2504; x_wconf 67' lang='lat' dir='ltr'>praeJudiciumverritur</span> <span class='ocrx_word' id='word_1_452' title='bbox 613 2489 621 2502; x_wconf 90' lang='lat'><strong><em>‚</em></strong></span> <span class='ocrx_word' id='word_1_453' title='bbox 643 2474 728 2504; x_wconf 86' lang='lat' dir='ltr'>atque</span> <span class='ocrx_word' id='word_1_454' title='bbox 744 2468 816 2496; x_wconf 89' lang='lat' dir='ltr'>adeo</span> <span class='ocrx_word' id='word_1_455' title='bbox 832 2470 905 2498; x_wconf 87' lang='lat' dir='ltr'>ratio</span> 
     </span>
     <span class='ocr_line' id='line_1_58' title="bbox 42 2507 905 2546; baseline -0.001 -9"><span class='ocrx_word' id='word_1_456' title='bbox 42 2507 127 2545; x_wconf 84' lang='lat' dir='ltr'>Legis</span> <span class='ocrx_word' id='word_1_457' title='bbox 142 2507 234 2536; x_wconf 73' lang='lat' dir='ltr'>cessat.</span> <span class='ocrx_word' id='word_1_458' title='bbox 274 2507 360 2546; x_wconf 74' lang='lat' dir='ltr'>Quod</span> <span class='ocrx_word' id='word_1_459' title='bbox 384 2514 478 2535; x_wconf 88' lang='lat' dir='ltr'>autem</span> <span class='ocrx_word' id='word_1_460' title='bbox 503 2513 589 2543; x_wconf 89' lang='lat' dir='ltr'>nupta</span> <span class='ocrx_word' id='word_1_461' title='bbox 604 2508 752 2543; x_wconf 79' lang='lat' dir='ltr'>concepit,</span> <span class='ocrx_word' id='word_1_462' title='bbox 775 2510 905 2544; x_wconf 83' lang='lat' dir='ltr'>concepit</span> 
     </span>
     <span class='ocr_line' id='line_1_59' title="bbox 43 2544 905 2582; baseline 0.001 -8"><span class='ocrx_word' id='word_1_463' title='bbox 43 2553 80 2577; x_wconf 84' lang='lat' dir='ltr'>ex</span> <span class='ocrx_word' id='word_1_464' title='bbox 95 2548 212 2578; x_wconf 84' lang='lat' dir='ltr'>marito,</span> <span class='ocrx_word' id='word_1_465' title='bbox 233 2555 286 2573; x_wconf 89' lang='lat' dir='ltr'>nec</span> <span class='ocrx_word' id='word_1_466' title='bbox 301 2547 328 2574; x_wconf 88' lang='lat' dir='ltr'>in</span> <span class='ocrx_word' id='word_1_467' title='bbox 343 2545 469 2573; x_wconf 78' lang='lat' dir='ltr'>fraudem</span> <span class='ocrx_word' id='word_1_468' title='bbox 487 2546 546 2581; x_wconf 83' lang='lat' dir='ltr'>ejus</span> <span class='ocrx_word' id='word_1_469' title='bbox 561 2544 652 2581; x_wconf 86' lang='lat' dir='ltr'>potest</span> <span class='ocrx_word' id='word_1_470' title='bbox 671 2545 825 2582; x_wconf 78' lang='lat' dir='ltr'>expellere,</span> <span class='ocrx_word' id='word_1_471' title='bbox 842 2554 905 2575; x_wconf 83' lang='lat' dir='ltr'>cuin</span> 
     </span>
     <span class='ocr_line' id='line_1_60' title="bbox 31 2583 904 2622; baseline 0.002 -10"><span class='ocrx_word' id='word_1_472' title='bbox 31 2591 138 2614; x_wconf 76' lang='lat' dir='ltr'>&#39;uterus</span> <span class='ocrx_word' id='word_1_473' title='bbox 154 2585 189 2612; x_wconf 89' lang='lat' dir='ltr'>ad</span> <span class='ocrx_word' id='word_1_474' title='bbox 209 2585 338 2612; x_wconf 78' lang='lat' dir='ltr'>maritum</span> <span class='ocrx_word' id='word_1_475' title='bbox 356 2585 503 2620; x_wconf 81' lang='lat' dir='ltr'>pertineat.</span> <span class='ocrx_word' id='word_1_476' title='bbox 543 2584 590 2612; x_wconf 90' lang='lat' dir='ltr'>Sic</span> <span class='ocrx_word' id='word_1_477' title='bbox 612 2583 730 2622; x_wconf 80' lang='lat' dir='ltr'>censeo,</span> <span class='ocrx_word' id='word_1_478' title='bbox 751 2583 904 2620; x_wconf 81' lang='lat' dir='ltr'>videamus,</span> 
     </span>
     <span class='ocr_line' id='line_1_61' title="bbox 43 2623 524 2660; baseline 0 -10"><span class='ocrx_word' id='word_1_479' title='bbox 43 2631 98 2660; x_wconf 80' lang='lat' dir='ltr'>qua</span> <span class='ocrx_word' id='word_1_480' title='bbox 115 2624 224 2651; x_wconf 81' lang='lat' dir='ltr'>ratione</span> <span class='ocrx_word' id='word_1_481' title='bbox 239 2631 270 2650; x_wconf 90' lang='lat' dir='ltr'>tu</span> <span class='ocrx_word' id='word_1_482' title='bbox 286 2629 384 2651; x_wconf 84' lang='lat' dir='ltr'>contra</span> <span class='ocrx_word' id='word_1_483' title='bbox 403 2623 524 2651; x_wconf 86' lang='lat' dir='ltr'>censeas.</span> 
     </span>
    </p>

    <p class='ocr_par' dir='ltr' id='par_1_4' title="bbox 84 2660 905 2697">
     <span class='ocr_line' id='line_1_62' title="bbox 84 2660 905 2697; baseline 0.002 -9"><span class='ocrx_word' id='word_1_484' title='bbox 84 2669 108 2688; x_wconf 85' lang='lat'>1.</span> <span class='ocrx_word' id='word_1_485' title='bbox 128 2661 267 2689; x_wconf 82' lang='lat' dir='ltr'>Rationes</span> <span class='ocrx_word' id='word_1_486' title='bbox 290 2660 316 2688; x_wconf 74' lang='grc' dir='ltr'>ἃ</span> <span class='ocrx_word' id='word_1_487' title='bbox 339 2668 502 2697; x_wconf 76' lang='lat' dir='ltr'>argumenta</span> <span class='ocrx_word' id='word_1_488' title='bbox 516 2661 557 2688; x_wconf 84' lang='lat' dir='ltr'>vis</span> <span class='ocrx_word' id='word_1_489' title='bbox 573 2661 680 2693; x_wconf 85' lang='lat' dir='ltr'>abesse,</span> <span class='ocrx_word' id='word_1_490' title='bbox 701 2660 859 2690; x_wconf 75' lang='lat' dir='ltr'>testimonia</span> <span class='ocrx_word' id='word_1_491' title='bbox 880 2662 905 2690; x_wconf 75' lang='lat' dir='ltr'>dt</span> 
     </span>
    </p>

    <p class='ocr_par' dir='ltr' id='par_1_5' title="bbox 20 2698 904 2856">
     <span class='ocr_line' id='line_1_63' title="bbox 20 2698 904 2736; baseline 0.002 -10"><span class='ocrx_word' id='word_1_492' title='bbox 20 2699 27 2706; x_wconf 93' lang='lat'>&#39;</span> <span class='ocrx_word' id='word_1_493' title='bbox 44 2699 172 2735; x_wconf 73' lang='lat' dir='ltr'>exempla</span> <span class='ocrx_word' id='word_1_494' title='bbox 187 2698 332 2726; x_wconf 79' lang='lat' dir='ltr'>desideras.</span> <span class='ocrx_word' id='word_1_495' title='bbox 370 2700 437 2728; x_wconf 83' lang='lat' dir='ltr'>Haec</span> <span class='ocrx_word' id='word_1_496' title='bbox 446 2700 503 2736; x_wconf 82' lang='lat' dir='ltr'>ipsa</span> <span class='ocrx_word' id='word_1_497' title='bbox 520 2699 601 2732; x_wconf 88' lang='lat' dir='ltr'>dedi,</span> <span class='ocrx_word' id='word_1_498' title='bbox 623 2699 768 2728; x_wconf 80' lang='lat' dir='ltr'>&amp;exstant</span> <span class='ocrx_word' id='word_1_499' title='bbox 784 2701 904 2729; x_wconf 88' lang='lat' dir='ltr'>totidem</span> 
     </span>
     <span class='ocr_line' id='line_1_64' title="bbox 42 2735 904 2776; baseline 0.006 -14"><span class='ocrx_word' id='word_1_500' title='bbox 42 2738 138 2765; x_wconf 75' lang='lat' dir='ltr'>verbis·</span> <span class='ocrx_word' id='word_1_501' title='bbox 161 2738 189 2764; x_wconf 89' lang='lat' dir='ltr'>in</span> <span class='ocrx_word' id='word_1_502' title='bbox 215 2737 233 2764; x_wconf 86' lang='lat'>1.</span> <span class='ocrx_word' id='word_1_503' title='bbox 253 2745 279 2770; x_wconf 81' lang='lat'>4.</span> <span class='ocrx_word' id='word_1_504' title='bbox 292 2735 332 2774; x_wconf 86' lang='lat' dir='ltr'>ff.</span> <span class='ocrx_word' id='word_1_505' title='bbox 352 2737 382 2765; x_wconf 85' lang='lat' dir='ltr'>de</span> <span class='ocrx_word' id='word_1_506' title='bbox 408 2737 548 2767; x_wconf 68' lang='lat' dir='ltr'>Extraord.</span> <span class='ocrx_word' id='word_1_507' title='bbox 569 2739 644 2766; x_wconf 82' lang='lat' dir='ltr'>crim.</span> <span class='ocrx_word' id='word_1_508' title='bbox 666 2738 690 2766; x_wconf 69' lang='grc' dir='ltr'>ἃ</span> <span class='ocrx_word' id='word_1_509' title='bbox 710 2739 729 2767; x_wconf 81' lang='lat' dir='ltr'>l.</span> <span class='ocrx_word' id='word_1_510' title='bbox 752 2746 797 2773; x_wconf 85' lang='lat'>39.</span> <span class='ocrx_word' id='word_1_511' title='bbox 811 2738 851 2776; x_wconf 84' lang='lat' dir='ltr'>ff.</span> <span class='ocrx_word' id='word_1_512' title='bbox 874 2739 904 2767; x_wconf 88' lang='lat' dir='ltr'>de</span> 
     </span>
     <span class='ocr_line' id='line_1_65' title="bbox 43 2775 903 2814; baseline 0.002 -10"><span class='ocrx_word' id='word_1_513' title='bbox 43 2775 117 2804; x_wconf 69' lang='lat' dir='ltr'>Poen.</span> <span class='ocrx_word' id='word_1_514' title='bbox 158 2775 296 2804; x_wconf 78' lang='lat' dir='ltr'>Videsibi</span> <span class='ocrx_word' id='word_1_515' title='bbox 312 2775 486 2811; x_wconf 84' lang='lat' dir='ltr'>testimonia,</span> <span class='ocrx_word' id='word_1_516' title='bbox 508 2776 587 2805; x_wconf 88' lang='lat' dir='ltr'>vides</span> <span class='ocrx_word' id='word_1_517' title='bbox 603 2776 745 2814; x_wconf 81' lang='lat' dir='ltr'>exempla,</span> <span class='ocrx_word' id='word_1_518' title='bbox 770 2778 847 2806; x_wconf 79' lang='lat' dir='ltr'>vides</span> <span class='ocrx_word' id='word_1_519' title='bbox 861 2786 903 2806; x_wconf 88' lang='lat' dir='ltr'>ra-</span> 
     </span>
     <span class='ocr_line' id='line_1_66' title="bbox 45 2813 903 2856; baseline 0.003 -15"><span class='ocrx_word' id='word_1_520' title='bbox 45 2814 151 2841; x_wconf 74' lang='lat' dir='ltr'>tionem</span> <span class='ocrx_word' id='word_1_521' title='bbox 162 2835 168 2846; x_wconf 91' lang='lat'>,</span> <span class='ocrx_word' id='word_1_522' title='bbox 191 2821 245 2850; x_wconf 84' lang='lat' dir='ltr'>qua</span> <span class='ocrx_word' id='word_1_523' title='bbox 261 2813 318 2841; x_wconf 80' lang='lat' dir='ltr'>haec</span> <span class='ocrx_word' id='word_1_524' title='bbox 331 2814 463 2844; x_wconf 86' lang='lat' dir='ltr'>nitantur.</span> <span class='ocrx_word' id='word_1_525' title='bbox 502 2815 589 2854; x_wconf 82' lang='lat' dir='ltr'>Quod</span> <span class='ocrx_word' id='word_1_526' title='bbox 606 2821 634 2842; x_wconf 93' lang='lat' dir='ltr'>tu</span> <span class='ocrx_word' id='word_1_527' title='bbox 651 2814 766 2843; x_wconf 86' lang='lat' dir='ltr'>attulisti</span> <span class='ocrx_word' id='word_1_528' title='bbox 781 2817 808 2844; x_wconf 89' lang='lat' dir='ltr'>in</span> <span class='ocrx_word' id='word_1_529' title='bbox 821 2815 903 2856; x_wconf 77' lang='lat' dir='ltr'>Julio</span> 
     </span>
    </p>

    <p class='ocr_par' dir='ltr' id='par_1_6' title="bbox 28 2851 905 2966">
     <span class='ocr_line' id='line_1_67' title="bbox 28 2851 900 2892; baseline 0.003 -12"><span class='ocrx_word' id='word_1_530' title='bbox 28 2851 129 2883; x_wconf 75' lang='lat' dir='ltr'>,Panlo</span> <span class='ocrx_word' id='word_1_531' title='bbox 150 2860 183 2879; x_wconf 85' lang='lat' dir='ltr'>ex</span> <span class='ocrx_word' id='word_1_532' title='bbox 205 2852 327 2884; x_wconf 82' lang='lat' dir='ltr'>Seneca.</span> <span class='ocrx_word' id='word_1_533' title='bbox 357 2852 479 2886; x_wconf 86' lang='lat' dir='ltr'>Ovidio‚</span> <span class='ocrx_word' id='word_1_534' title='bbox 506 2853 634 2892; x_wconf 75' lang='lat' dir='ltr'>juvenali</span> <span class='ocrx_word' id='word_1_535' title='bbox 655 2853 681 2882; x_wconf 85' lang='lat'>&amp;</span> <span class='ocrx_word' id='word_1_536' title='bbox 701 2854 879 2883; x_wconf 78' lang='lat' dir='ltr'>Tertulliano</span> <span class='ocrx_word' id='word_1_537' title='bbox 892 2877 900 2888; x_wconf 83' lang='lat'>,</span> 
     </span>
     <span class='ocr_line' id='line_1_68' title="bbox 44 2890 905 2928; baseline 0.007 -12"><span class='ocrx_word' id='word_1_538' title='bbox 44 2890 115 2917; x_wconf 76' lang='lat' dir='ltr'>ninii</span> <span class='ocrx_word' id='word_1_539' title='bbox 130 2891 250 2925; x_wconf 82' lang='lat' dir='ltr'>probat,</span> <span class='ocrx_word' id='word_1_540' title='bbox 279 2898 360 2925; x_wconf 84' lang='lat' dir='ltr'>quam</span> <span class='ocrx_word' id='word_1_541' title='bbox 385 2892 546 2920; x_wconf 74' lang='lat' dir='ltr'>abortiones</span> <span class='ocrx_word' id='word_1_542' title='bbox 562 2891 639 2920; x_wconf 79' lang='lat' dir='ltr'>fuisse</span> <span class='ocrx_word' id='word_1_543' title='bbox 655 2891 858 2928; x_wconf 85' lang='lat' dir='ltr'>frequentatas,</span> <span class='ocrx_word' id='word_1_544' title='bbox 879 2893 905 2922; x_wconf 71' lang='grc' dir='ltr'>ἃ</span> 
     </span>
     <span class='ocr_line' id='line_1_69' title="bbox 45 2927 618 2966; baseline 0.005 -10"><span class='ocrx_word' id='word_1_545' title='bbox 45 2928 205 2956; x_wconf 75' lang='lat' dir='ltr'>Gentilibus</span> <span class='ocrx_word' id='word_1_546' title='bbox 221 2936 237 2954; x_wconf 90' lang='lat' dir='ltr'>a</span> <span class='ocrx_word' id='word_1_547' title='bbox 253 2927 413 2957; x_wconf 78' lang='lat' dir='ltr'>Christianis</span> <span class='ocrx_word' id='word_1_548' title='bbox 428 2930 618 2966; x_wconf 80' lang='lat' dir='ltr'>exprobratas.</span> 
     </span>
    </p>

    <p class='ocr_par' dir='ltr' id='par_1_7' title="bbox 42 2966 906 3274">
     <span class='ocr_line' id='line_1_70' title="bbox 81 2966 901 3005; baseline 0.005 -12"><span class='ocrx_word' id='word_1_549' title='bbox 81 2974 108 2993; x_wconf 77' lang='lat'>2.</span> <span class='ocrx_word' id='word_1_550' title='bbox 130 2966 252 2994; x_wconf 82' lang='lat' dir='ltr'>Primum</span> <span class='ocrx_word' id='word_1_551' title='bbox 274 2967 397 2994; x_wconf 81' lang='lat' dir='ltr'>rationes</span> <span class='ocrx_word' id='word_1_552' title='bbox 418 2975 492 2995; x_wconf 89' lang='lat' dir='ltr'>meas</span> <span class='ocrx_word' id='word_1_553' title='bbox 508 2976 669 3005; x_wconf 76' lang='lat' dir='ltr'>oppugnas,</span> <span class='ocrx_word' id='word_1_554' title='bbox 691 2969 794 2999; x_wconf 87' lang='lat' dir='ltr'>deinde</span> <span class='ocrx_word' id='word_1_555' title='bbox 810 2971 901 2999; x_wconf 70' lang='lat' dir='ltr'>aristo·</span> 
     </span>
     <span class='ocr_line' id='line_1_71' title="bbox 46 3003 902 3046; baseline 0.007 -14"><span class='ocrx_word' id='word_1_556' title='bbox 46 3005 158 3036; x_wconf 77' lang='lat' dir='ltr'>titates‚</span> <span class='ocrx_word' id='word_1_557' title='bbox 180 3003 206 3032; x_wconf 74' lang='grc' dir='ltr'>ὅ(</span> <span class='ocrx_word' id='word_1_558' title='bbox 222 3003 262 3031; x_wconf 89' lang='lat' dir='ltr'>ais</span> <span class='ocrx_word' id='word_1_559' title='bbox 276 3012 321 3032; x_wconf 89' lang='lat' dir='ltr'>me</span> <span class='ocrx_word' id='word_1_560' title='bbox 337 3004 448 3041; x_wconf 79' lang='lat' dir='ltr'>duplice</span> <span class='ocrx_word' id='word_1_561' title='bbox 461 3006 569 3034; x_wconf 84' lang='lat' dir='ltr'>ratione</span> <span class='ocrx_word' id='word_1_562' title='bbox 584 3007 691 3036; x_wconf 87' lang='lat' dir='ltr'>mulieri</span> <span class='ocrx_word' id='word_1_563' title='bbox 711 3016 803 3046; x_wconf 85' lang='lat' dir='ltr'>nuptae</span> <span class='ocrx_word' id='word_1_564' title='bbox 820 3018 902 3046; x_wconf 84' lang='lat' dir='ltr'>nega-</span> 
     </span>
     <span class='ocr_line' id='line_1_72' title="bbox 44 3042 901 3081; baseline 0.008 -12"><span class='ocrx_word' id='word_1_565' title='bbox 44 3050 75 3070; x_wconf 86' lang='lat' dir='ltr'>re</span> <span class='ocrx_word' id='word_1_566' title='bbox 92 3043 135 3076; x_wconf 82' lang='lat' dir='ltr'>jus</span> <span class='ocrx_word' id='word_1_567' title='bbox 150 3042 281 3077; x_wconf 77' lang='lat' dir='ltr'>abigendi</span> <span class='ocrx_word' id='word_1_568' title='bbox 297 3050 407 3078; x_wconf 88' lang='lat' dir='ltr'>partus,</span> <span class='ocrx_word' id='word_1_569' title='bbox 430 3051 503 3078; x_wconf 87' lang='lat' dir='ltr'>una,</span> <span class='ocrx_word' id='word_1_570' title='bbox 525 3045 602 3081; x_wconf 83' lang='lat' dir='ltr'>quod</span> <span class='ocrx_word' id='word_1_571' title='bbox 616 3052 705 3074; x_wconf 89' lang='lat' dir='ltr'>mater</span> <span class='ocrx_word' id='word_1_572' title='bbox 721 3047 823 3076; x_wconf 87' lang='lat' dir='ltr'>liberos</span> <span class='ocrx_word' id='word_1_573' title='bbox 844 3057 901 3076; x_wconf 91' lang='lat' dir='ltr'>non</span> 
     </span>
     <span class='ocr_line' id='line_1_73' title="bbox 44 3080 903 3119; baseline 0.008 -12"><span class='ocrx_word' id='word_1_574' title='bbox 44 3081 175 3108; x_wconf 81' lang='lat' dir='ltr'>habuerit</span> <span class='ocrx_word' id='word_1_575' title='bbox 203 3082 230 3108; x_wconf 87' lang='lat' dir='ltr'>in</span> <span class='ocrx_word' id='word_1_576' title='bbox 251 3080 407 3116; x_wconf 80' lang='lat' dir='ltr'>potestate,</span> <span class='ocrx_word' id='word_1_577' title='bbox 434 3081 521 3109; x_wconf 87' lang='lat' dir='ltr'>altera</span> <span class='ocrx_word' id='word_1_578' title='bbox 536 3103 543 3115; x_wconf 89' lang='lat'><strong>‚</strong></span> <span class='ocrx_word' id='word_1_579' title='bbox 565 3083 642 3119; x_wconf 87' lang='lat' dir='ltr'>quod</span> <span class='ocrx_word' id='word_1_580' title='bbox 657 3091 749 3113; x_wconf 89' lang='lat' dir='ltr'>uterus</span> <span class='ocrx_word' id='word_1_581' title='bbox 765 3085 796 3114; x_wconf 80' lang='lat' dir='ltr'>fit</span> <span class='ocrx_word' id='word_1_582' title='bbox 811 3088 903 3114; x_wconf 86' lang='lat' dir='ltr'>mariti</span> 
     </span>
     <span class='ocr_line' id='line_1_74' title="bbox 42 3119 903 3161; baseline 0.008 -16"><span class='ocrx_word' id='word_1_583' title='bbox 42 3119 105 3153; x_wconf 73' lang='lat' dir='ltr'>jure</span> <span class='ocrx_word' id='word_1_584' title='bbox 126 3119 252 3154; x_wconf 78' lang='lat' dir='ltr'>proprio.</span> <span class='ocrx_word' id='word_1_585' title='bbox 292 3119 417 3147; x_wconf 86' lang='lat' dir='ltr'>Priorem</span> <span class='ocrx_word' id='word_1_586' title='bbox 437 3121 575 3148; x_wconf 83' lang='lat' dir='ltr'>rationem</span> <span class='ocrx_word' id='word_1_587' title='bbox 601 3121 668 3150; x_wconf 87' lang='lat' dir='ltr'>inde</span> <span class='ocrx_word' id='word_1_588' title='bbox 683 3123 802 3156; x_wconf 68' lang='lat' dir='ltr'>refellis,</span> <span class='ocrx_word' id='word_1_589' title='bbox 825 3125 903 3161; x_wconf 86' lang='lat' dir='ltr'>quod</span> 
     </span>
     <span class='ocr_line' id='line_1_75' title="bbox 44 3157 904 3197; baseline 0.008 -13"><span class='ocrx_word' id='word_1_590' title='bbox 44 3164 134 3184; x_wconf 78' lang='lat' dir='ltr'>mat-r</span> <span class='ocrx_word' id='word_1_591' title='bbox 157 3165 191 3184; x_wconf 88' lang='lat' dir='ltr'>nc</span> <span class='ocrx_word' id='word_1_592' title='bbox 215 3163 281 3184; x_wconf 90' lang='lat' dir='ltr'>tunc</span> <span class='ocrx_word' id='word_1_593' title='bbox 301 3157 414 3193; x_wconf 86' lang='lat' dir='ltr'>quidem</span> <span class='ocrx_word' id='word_1_594' title='bbox 438 3164 547 3194; x_wconf 85' lang='lat' dir='ltr'>partum</span> <span class='ocrx_word' id='word_1_595' title='bbox 569 3158 688 3196; x_wconf 83' lang='lat' dir='ltr'>spurium</span> <span class='ocrx_word' id='word_1_596' title='bbox 704 3162 836 3197; x_wconf 79' lang='lat' dir='ltr'>potuisset</span> <span class='ocrx_word' id='word_1_597' title='bbox 859 3171 904 3191; x_wconf 60' lang='lat' dir='ltr'>ex&gt;</span> 
     </span>
     <span class='ocr_line' id='line_1_76' title="bbox 44 3194 906 3233; baseline 0.009 -12"><span class='ocrx_word' id='word_1_598' title='bbox 44 3194 161 3230; x_wconf 60' lang='lat' dir='ltr'>pellem</span> <span class='ocrx_word' id='word_1_599' title='bbox 192 3202 276 3231; x_wconf 84' lang='lat' dir='ltr'>quum</span> <span class='ocrx_word' id='word_1_600' title='bbox 300 3204 368 3224; x_wconf 75' lang='lat' dir='ltr'>vero</span> <span class='ocrx_word' id='word_1_601' title='bbox 390 3196 417 3224; x_wconf 89' lang='lat' dir='ltr'>in</span> <span class='ocrx_word' id='word_1_602' title='bbox 439 3195 467 3223; x_wconf 91' lang='lat' dir='ltr'>id</span> <span class='ocrx_word' id='word_1_603' title='bbox 489 3196 677 3233; x_wconf 84' lang='lat' dir='ltr'>consentiam,</span> <span class='ocrx_word' id='word_1_604' title='bbox 700 3201 840 3228; x_wconf 88' lang='lat' dir='ltr'>contraria</span> <span class='ocrx_word' id='word_1_605' title='bbox 861 3209 906 3229; x_wconf 84' lang='lat' dir='ltr'>me</span> 
     </span>
     <span class='ocr_line' id='line_1_77' title="bbox 46 3231 906 3274; baseline 0.012 -16"><span class='ocrx_word' id='word_1_606' title='bbox 46 3231 166 3262; x_wconf 69' lang='lat' dir='ltr'>seribere</span> <span class='ocrx_word' id='word_1_607' title='bbox 185 3232 331 3263; x_wconf 74' lang='lat' dir='ltr'>existimas.</span> <span class='ocrx_word' id='word_1_608' title='bbox 372 3232 427 3264; x_wconf 86' lang='lat' dir='ltr'>Sed</span> <span class='ocrx_word' id='word_1_609' title='bbox 449 3233 546 3272; x_wconf 83' lang='lat' dir='ltr'>profer</span> <span class='ocrx_word' id='word_1_610' title='bbox 568 3234 679 3272; x_wconf 88' lang='lat' dir='ltr'>iocum,</span> <span class='ocrx_word' id='word_1_611' title='bbox 700 3236 720 3265; x_wconf 86' lang='lat' dir='ltr'><strong>fi</strong></span> <span class='ocrx_word' id='word_1_612' title='bbox 738 3243 837 3274; x_wconf 71' lang='lat' dir='ltr'>pote3‚</span> <span class='ocrx_word' id='word_1_613' title='bbox 857 3240 906 3268; x_wconf 88' lang='lat' dir='ltr'>ubi</span> 
     </span>
    </p>
   </div>
   <div class='ocr_carea' id='block_1_4' title="bbox 844 121 1519 167">
    <p class='ocr_par' dir='ltr' id='par_1_8' title="bbox 844 121 1519 167">
     <span class='ocr_line' id='line_1_78' title="bbox 844 121 1519 167; baseline 0.012 -8"><span class='ocrx_word' id='word_1_614' title='bbox 844 121 1519 167; x_wconf 86' lang='lat' dir='ltr'>RESPONSIO.</span> 
     </span>
    </p>
   </div>
   <div class='ocr_carea' id='block_1_5' title="bbox 959 135 1837 1165">
    <p class='ocr_par' dir='ltr' id='par_1_9' title="bbox 959 135 1837 1165">
     <span class='ocr_line' id='line_1_79' title="bbox 1764 135 1837 177; baseline -0.027 0"><span class='ocrx_word' id='word_1_615' title='bbox 1764 135 1837 177; x_wconf 74' lang='lat'>403</span> 
     </span>
     <span class='ocr_line' id='line_1_80' title="bbox 967 204 1837 247; baseline 0.01 -12"><span class='ocrx_word' id='word_1_616' title='bbox 967 204 1101 236; x_wconf 84' lang='lat' dir='ltr'>ratione.</span> <span class='ocrx_word' id='word_1_617' title='bbox 1126 213 1186 236; x_wconf 85' lang='lat' dir='ltr'>una</span> <span class='ocrx_word' id='word_1_618' title='bbox 1203 204 1265 245; x_wconf 90' lang='lat' dir='ltr'>est,</span> <span class='ocrx_word' id='word_1_619' title='bbox 1289 205 1375 247; x_wconf 89' lang='lat' dir='ltr'>quod</span> <span class='ocrx_word' id='word_1_620' title='bbox 1390 216 1490 240; x_wconf 87' lang='lat' dir='ltr'>mater</span> <span class='ocrx_word' id='word_1_621' title='bbox 1517 210 1634 244; x_wconf 88' lang='lat' dir='ltr'>liberos</span> <span class='ocrx_word' id='word_1_622' title='bbox 1658 221 1722 245; x_wconf 93' lang='lat' dir='ltr'>non</span> <span class='ocrx_word' id='word_1_623' title='bbox 1742 209 1837 244; x_wconf 85' lang='lat' dir='ltr'>habet</span> 
     </span>
     <span class='ocr_line' id='line_1_81' title="bbox 968 245 1835 294; baseline 0.013 -19"><span class='ocrx_word' id='word_1_624' title='bbox 968 245 1000 276; x_wconf 88' lang='lat' dir='ltr'>in</span> <span class='ocrx_word' id='word_1_625' title='bbox 1027 246 1191 286; x_wconf 74' lang='lat' dir='ltr'>potestate.</span> <span class='ocrx_word' id='word_1_626' title='bbox 1225 248 1322 278; x_wconf 84' lang='lat' dir='ltr'>altera</span> <span class='ocrx_word' id='word_1_627' title='bbox 1340 270 1349 286; x_wconf 87' lang='lat'>,</span> <span class='ocrx_word' id='word_1_628' title='bbox 1384 251 1470 290; x_wconf 87' lang='lat' dir='ltr'>quod</span> <span class='ocrx_word' id='word_1_629' title='bbox 1497 259 1603 284; x_wconf 85' lang='lat' dir='ltr'>uterus</span> <span class='ocrx_word' id='word_1_630' title='bbox 1630 253 1676 286; x_wconf 90' lang='lat' dir='ltr'>est</span> <span class='ocrx_word' id='word_1_631' title='bbox 1701 254 1835 294; x_wconf 85' lang='lat' dir='ltr'>mariti,</span> 
     </span>
     <span class='ocr_line' id='line_1_82' title="bbox 968 287 1836 335; baseline 0.012 -18"><span class='ocrx_word' id='word_1_632' title='bbox 968 296 1032 318; x_wconf 89' lang='lat' dir='ltr'>non</span> <span class='ocrx_word' id='word_1_633' title='bbox 1050 288 1199 319; x_wconf 84' lang='lat' dir='ltr'>mulieris.</span> <span class='ocrx_word' id='word_1_634' title='bbox 1247 287 1344 334; x_wconf 83' lang='lat' dir='ltr'>Quod</span> <span class='ocrx_word' id='word_1_635' title='bbox 1373 290 1410 321; x_wconf 88' lang='lat' dir='ltr'>ad</span> <span class='ocrx_word' id='word_1_636' title='bbox 1433 291 1569 332; x_wconf 88' lang='lat' dir='ltr'>priorem</span> <span class='ocrx_word' id='word_1_637' title='bbox 1591 295 1724 335; x_wconf 83' lang='lat' dir='ltr'>attinet,</span> <span class='ocrx_word' id='word_1_638' title='bbox 1749 297 1781 327; x_wconf 86' lang='lat' dir='ltr'>in</span> <span class='ocrx_word' id='word_1_639' title='bbox 1800 303 1836 326; x_wconf 86' lang='lat' dir='ltr'>ea</span> 
     </span>
     <span class='ocr_line' id='line_1_83' title="bbox 966 327 1837 374; baseline 0.009 -15"><span class='ocrx_word' id='word_1_640' title='bbox 966 327 1012 360; x_wconf 82' lang='lat' dir='ltr'>est</span> <span class='ocrx_word' id='word_1_641' title='bbox 1034 327 1197 360; x_wconf 80' lang='lat' dir='ltr'>manifesta</span> <span class='ocrx_word' id='word_1_642' title='bbox 1226 332 1441 370; x_wconf 75' lang='lat' dir='ltr'>repugnantia.</span> <span class='ocrx_word' id='word_1_643' title='bbox 1469 342 1541 365; x_wconf 80' lang='lat' dir='ltr'>nam</span> <span class='ocrx_word' id='word_1_644' title='bbox 1563 333 1585 366; x_wconf 88' lang='lat' dir='ltr'>fi</span> <span class='ocrx_word' id='word_1_645' title='bbox 1609 335 1657 374; x_wconf 80' lang='lat' dir='ltr'>J&#39;us</span> <span class='ocrx_word' id='word_1_646' title='bbox 1675 336 1707 368; x_wconf 88' lang='lat' dir='ltr'>in</span> <span class='ocrx_word' id='word_1_647' title='bbox 1723 343 1837 369; x_wconf 84' lang='lat' dir='ltr'>ventre</span> 
     </span>
     <span class='ocr_line' id='line_1_84' title="bbox 966 370 1833 418; baseline 0.012 -18"><span class='ocrx_word' id='word_1_648' title='bbox 966 370 1095 401; x_wconf 82' lang='lat' dir='ltr'>necandi</span> <span class='ocrx_word' id='word_1_649' title='bbox 1113 375 1222 411; x_wconf 82' lang='lat' dir='ltr'>partus</span> <span class='ocrx_word' id='word_1_650' title='bbox 1243 372 1357 411; x_wconf 78' lang='lat' dir='ltr'>pendet</span> <span class='ocrx_word' id='word_1_651' title='bbox 1375 382 1391 403; x_wconf 89' lang='lat' dir='ltr'>a</span> <span class='ocrx_word' id='word_1_652' title='bbox 1408 374 1507 413; x_wconf 86' lang='lat' dir='ltr'>patria</span> <span class='ocrx_word' id='word_1_653' title='bbox 1528 375 1702 415; x_wconf 85' lang='lat' dir='ltr'>potestate:</span> <span class='ocrx_word' id='word_1_654' title='bbox 1727 387 1763 410; x_wconf 89' lang='lat' dir='ltr'>an</span> <span class='ocrx_word' id='word_1_655' title='bbox 1776 386 1833 418; x_wconf 90' lang='lat' dir='ltr'>po-</span> 
     </span>
     <span class='ocr_line' id='line_1_85' title="bbox 966 410 1831 459; baseline 0.01 -18"><span class='ocrx_word' id='word_1_656' title='bbox 966 410 1025 442; x_wconf 89' lang='lat' dir='ltr'>test</span> <span class='ocrx_word' id='word_1_657' title='bbox 1044 412 1134 443; x_wconf 89' lang='lat' dir='ltr'>matri</span> <span class='ocrx_word' id='word_1_658' title='bbox 1150 411 1211 442; x_wconf 81' lang='lat' dir='ltr'>esi&#39;e</span> <span class='ocrx_word' id='word_1_659' title='bbox 1229 413 1277 451; x_wconf 85' lang='lat' dir='ltr'>jus</span> <span class='ocrx_word' id='word_1_660' title='bbox 1293 413 1324 444; x_wconf 92' lang='lat' dir='ltr'>in</span> <span class='ocrx_word' id='word_1_661' title='bbox 1351 423 1463 445; x_wconf 81' lang='lat' dir='ltr'>ventre</span> <span class='ocrx_word' id='word_1_662' title='bbox 1489 417 1621 448; x_wconf 84' lang='lat' dir='ltr'>necandi</span> <span class='ocrx_word' id='word_1_663' title='bbox 1638 425 1745 457; x_wconf 84' lang='lat' dir='ltr'>partus</span> <span class='ocrx_word' id='word_1_664' title='bbox 1763 418 1831 459; x_wconf 88' lang='lat' dir='ltr'>spu-</span> 
     </span>
     <span class='ocr_line' id='line_1_86' title="bbox 964 453 1833 499; baseline 0.008 -15"><span class='ocrx_word' id='word_1_665' title='bbox 964 453 1001 484; x_wconf 86' lang='lat' dir='ltr'>rii</span> <span class='ocrx_word' id='word_1_666' title='bbox 1013 453 1029 485; x_wconf 75' lang='lat'>‘2</span> <span class='ocrx_word' id='word_1_667' title='bbox 1061 463 1126 486; x_wconf 91' lang='lat' dir='ltr'>non</span> <span class='ocrx_word' id='word_1_668' title='bbox 1150 453 1254 494; x_wconf 81' lang='lat' dir='ltr'>potest</span> <span class='ocrx_word' id='word_1_669' title='bbox 1270 465 1278 485; x_wconf 75' lang='grc' dir='ltr'><strong><em>ε</em></strong></span> <span class='ocrx_word' id='word_1_670' title='bbox 1313 464 1383 486; x_wconf 84' lang='lat' dir='ltr'>nam</span> <span class='ocrx_word' id='word_1_671' title='bbox 1401 465 1440 486; x_wconf 92' lang='lat' dir='ltr'>ne</span> <span class='ocrx_word' id='word_1_672' title='bbox 1459 455 1580 498; x_wconf 83' lang='lat' dir='ltr'>spurius</span> <span class='ocrx_word' id='word_1_673' title='bbox 1599 458 1725 499; x_wconf 88' lang='lat' dir='ltr'>quidem</span> <span class='ocrx_word' id='word_1_674' title='bbox 1742 459 1833 492; x_wconf 86' lang='lat' dir='ltr'>estin</span> 
     </span>
     <span class='ocr_line' id='line_1_87' title="bbox 963 493 1833 541; baseline 0.011 -18"><span class='ocrx_word' id='word_1_675' title='bbox 963 493 1119 535; x_wconf 84' lang='lat' dir='ltr'>potestate</span> <span class='ocrx_word' id='word_1_676' title='bbox 1144 495 1260 526; x_wconf 81' lang='lat' dir='ltr'>matris.</span> <span class='ocrx_word' id='word_1_677' title='bbox 1294 495 1348 537; x_wconf 69' lang='grc' dir='ltr'>(ε)</span> <span class='ocrx_word' id='word_1_678' title='bbox 1379 496 1490 529; x_wconf 88' lang='lat' dir='ltr'>Potius</span> <span class='ocrx_word' id='word_1_679' title='bbox 1512 497 1802 541; x_wconf 65' lang='lat' dir='ltr'>fueratdicendum</span> <span class='ocrx_word' id='word_1_680' title='bbox 1821 524 1833 539; x_wconf 87' lang='lat'>‚</span> 
     </span>
     <span class='ocr_line' id='line_1_88' title="bbox 964 537 1832 583; baseline 0.007 -17"><span class='ocrx_word' id='word_1_681' title='bbox 964 537 1048 576; x_wconf 84' lang='lat' dir='ltr'>quod</span> <span class='ocrx_word' id='word_1_682' title='bbox 1078 537 1210 577; x_wconf 79' lang='lat' dir='ltr'>innupta</span> <span class='ocrx_word' id='word_1_683' title='bbox 1235 537 1362 578; x_wconf 83' lang='lat' dir='ltr'>impune</span> <span class='ocrx_word' id='word_1_684' title='bbox 1386 539 1496 580; x_wconf 77' lang='lat' dir='ltr'>potuit</span> <span class='ocrx_word' id='word_1_685' title='bbox 1523 549 1648 581; x_wconf 85' lang='lat' dir='ltr'>partum</span> <span class='ocrx_word' id='word_1_686' title='bbox 1678 542 1804 583; x_wconf 83' lang='lat' dir='ltr'>abigere</span> <span class='ocrx_word' id='word_1_687' title='bbox 1822 552 1832 572; x_wconf 88' lang='lat'>:</span> 
     </span>
     <span class='ocr_line' id='line_1_89' title="bbox 962 578 1833 625; baseline 0.01 -18"><span class='ocrx_word' id='word_1_688' title='bbox 962 578 1035 617; x_wconf 83' lang='lat' dir='ltr'>quia</span> <span class='ocrx_word' id='word_1_689' title='bbox 1058 586 1166 618; x_wconf 83' lang='lat' dir='ltr'>partus</span> <span class='ocrx_word' id='word_1_690' title='bbox 1202 587 1274 610; x_wconf 84' lang='lat' dir='ltr'>cum</span> <span class='ocrx_word' id='word_1_691' title='bbox 1299 588 1398 611; x_wconf 83' lang='lat' dir='ltr'>matre</span> <span class='ocrx_word' id='word_1_692' title='bbox 1414 581 1595 622; x_wconf 68' lang='lat' dir='ltr'>cohaerens,</span> <span class='ocrx_word' id='word_1_693' title='bbox 1622 581 1667 614; x_wconf 90' lang='lat' dir='ltr'>est</span> <span class='ocrx_word' id='word_1_694' title='bbox 1681 593 1750 625; x_wconf 87' lang='lat' dir='ltr'>pars</span> <span class='ocrx_word' id='word_1_695' title='bbox 1769 594 1833 616; x_wconf 90' lang='lat' dir='ltr'>ma-</span> 
     </span>
     <span class='ocr_line' id='line_1_90' title="bbox 963 619 1830 663; baseline 0.01 -14"><span class='ocrx_word' id='word_1_696' title='bbox 963 619 1036 650; x_wconf 85' lang='lat' dir='ltr'>tris:</span> <span class='ocrx_word' id='word_1_697' title='bbox 1063 620 1092 650; x_wconf 82' lang='lat'>&amp;</span> <span class='ocrx_word' id='word_1_698' title='bbox 1114 619 1192 650; x_wconf 85' lang='lat' dir='ltr'>sicut</span> <span class='ocrx_word' id='word_1_699' title='bbox 1212 628 1311 651; x_wconf 83' lang='lat' dir='ltr'>mater</span> <span class='ocrx_word' id='word_1_700' title='bbox 1325 621 1430 662; x_wconf 85' lang='lat' dir='ltr'>potest</span> <span class='ocrx_word' id='word_1_701' title='bbox 1457 621 1487 654; x_wconf 87' lang='lat' dir='ltr'>se</span> <span class='ocrx_word' id='word_1_702' title='bbox 1508 623 1577 663; x_wconf 88' lang='lat' dir='ltr'>jure</span> <span class='ocrx_word' id='word_1_703' title='bbox 1596 625 1686 657; x_wconf 92' lang='lat' dir='ltr'>civili</span> <span class='ocrx_word' id='word_1_704' title='bbox 1704 625 1830 657; x_wconf 86' lang='lat' dir='ltr'>occide-</span> 
     </span>
     <span class='ocr_line' id='line_1_91' title="bbox 961 660 1831 707; baseline 0.01 -17"><span class='ocrx_word' id='word_1_705' title='bbox 961 669 1016 698; x_wconf 66' lang='grc' dir='ltr'>τος</span> <span class='ocrx_word' id='word_1_706' title='bbox 1042 660 1084 691; x_wconf 87' lang='lat' dir='ltr'>ita</span> <span class='ocrx_word' id='word_1_707' title='bbox 1108 668 1251 701; x_wconf 82' lang='lat' dir='ltr'>partum,</span> <span class='ocrx_word' id='word_1_708' title='bbox 1282 661 1313 693; x_wconf 87' lang='lat' dir='ltr'>id</span> <span class='ocrx_word' id='word_1_709' title='bbox 1337 662 1405 702; x_wconf 86' lang='lat' dir='ltr'>est,</span> <span class='ocrx_word' id='word_1_710' title='bbox 1430 671 1550 704; x_wconf 83' lang='lat' dir='ltr'>partem</span> <span class='ocrx_word' id='word_1_711' title='bbox 1576 665 1620 698; x_wconf 90' lang='lat' dir='ltr'>sui</span> <span class='ocrx_word' id='word_1_712' title='bbox 1638 665 1752 707; x_wconf 88' lang='lat' dir='ltr'>potest.</span> <span class='ocrx_word' id='word_1_713' title='bbox 1777 676 1831 698; x_wconf 87' lang='lat' dir='ltr'>eo-</span> 
     </span>
     <span class='ocr_line' id='line_1_92' title="bbox 959 701 1831 748; baseline 0.01 -16"><span class='ocrx_word' id='word_1_714' title='bbox 959 701 1030 733; x_wconf 86' lang='lat' dir='ltr'>dem</span> <span class='ocrx_word' id='word_1_715' title='bbox 1049 703 1145 732; x_wconf 87' lang='lat' dir='ltr'>modo</span> <span class='ocrx_word' id='word_1_716' title='bbox 1165 711 1272 743; x_wconf 80' lang='lat' dir='ltr'>nuptae</span> <span class='ocrx_word' id='word_1_717' title='bbox 1293 704 1386 736; x_wconf 82' lang='lat' dir='ltr'>licuit</span> <span class='ocrx_word' id='word_1_718' title='bbox 1407 705 1551 746; x_wconf 82' lang='lat' dir='ltr'>abigere,</span> <span class='ocrx_word' id='word_1_719' title='bbox 1574 707 1607 739; x_wconf 93' lang='lat' dir='ltr'>id</span> <span class='ocrx_word' id='word_1_720' title='bbox 1618 709 1681 748; x_wconf 79' lang='lat' dir='ltr'>cst,</span> <span class='ocrx_word' id='word_1_721' title='bbox 1707 709 1738 740; x_wconf 91' lang='lat' dir='ltr'>in</span> <span class='ocrx_word' id='word_1_722' title='bbox 1753 718 1831 740; x_wconf 86' lang='lat' dir='ltr'>ven-</span> 
     </span>
     <span class='ocr_line' id='line_1_93' title="bbox 961 743 1831 787; baseline 0.01 -14"><span class='ocrx_word' id='word_1_723' title='bbox 961 750 1009 774; x_wconf 91' lang='lat' dir='ltr'>tre</span> <span class='ocrx_word' id='word_1_724' title='bbox 1030 752 1161 782; x_wconf 83' lang='lat' dir='ltr'>necare,</span> <span class='ocrx_word' id='word_1_725' title='bbox 1187 743 1358 777; x_wconf 84' lang='lat' dir='ltr'>infantem:</span> <span class='ocrx_word' id='word_1_726' title='bbox 1384 747 1510 787; x_wconf 85' lang='lat' dir='ltr'>quando</span> <span class='ocrx_word' id='word_1_727' title='bbox 1530 748 1625 780; x_wconf 87' lang='lat' dir='ltr'>etiam</span> <span class='ocrx_word' id='word_1_728' title='bbox 1645 748 1746 782; x_wconf 88' lang='lat' dir='ltr'>foetus</span> <span class='ocrx_word' id='word_1_729' title='bbox 1756 759 1831 782; x_wconf 88' lang='lat' dir='ltr'>cum</span> 
     </span>
     <span class='ocr_line' id='line_1_94' title="bbox 960 783 1829 831; baseline 0.01 -16"><span class='ocrx_word' id='word_1_730' title='bbox 960 784 1027 825; x_wconf 87' lang='lat' dir='ltr'>ejus</span> <span class='ocrx_word' id='word_1_731' title='bbox 1047 783 1221 816; x_wconf 87' lang='lat' dir='ltr'>visceribus</span> <span class='ocrx_word' id='word_1_732' title='bbox 1238 786 1419 827; x_wconf 82' lang='lat' dir='ltr'>cohaerens,</span> <span class='ocrx_word' id='word_1_733' title='bbox 1444 788 1506 819; x_wconf 78' lang='lat' dir='ltr'>effe</span> <span class='ocrx_word' id='word_1_734' title='bbox 1520 789 1676 823; x_wconf 86' lang='lat' dir='ltr'>viscerum</span> <span class='ocrx_word' id='word_1_735' title='bbox 1689 816 1698 831; x_wconf 93' lang='lat'>,</span> <span class='ocrx_word' id='word_1_736' title='bbox 1723 791 1829 830; x_wconf 88' lang='lat' dir='ltr'>idest,</span> 
     </span>
     <span class='ocr_line' id='line_1_95' title="bbox 959 826 1831 874; baseline 0.01 -17"><span class='ocrx_word' id='word_1_737' title='bbox 959 826 1067 857; x_wconf 84' lang='lat' dir='ltr'>matris</span> <span class='ocrx_word' id='word_1_738' title='bbox 1091 835 1161 867; x_wconf 88' lang='lat' dir='ltr'>pars</span> <span class='ocrx_word' id='word_1_739' title='bbox 1183 826 1426 868; x_wconf 84' lang='lat' dir='ltr'>intelligeretur.</span> <span class='ocrx_word' id='word_1_740' title='bbox 1472 831 1532 862; x_wconf 86' lang='lat' dir='ltr'>Sed</span> <span class='ocrx_word' id='word_1_741' title='bbox 1556 833 1652 864; x_wconf 86' lang='lat' dir='ltr'>mitto</span> <span class='ocrx_word' id='word_1_742' title='bbox 1669 842 1831 874; x_wconf 83' lang='lat' dir='ltr'>argumen-</span> 
     </span>
     <span class='ocr_line' id='line_1_96' title="bbox 962 868 1831 913; baseline 0.01 -15"><span class='ocrx_word' id='word_1_743' title='bbox 962 875 1014 905; x_wconf 79' lang='lat' dir='ltr'>ta,</span> <span class='ocrx_word' id='word_1_744' title='bbox 1047 868 1101 899; x_wconf 72' lang='lat' dir='ltr'>etsi</span> <span class='ocrx_word' id='word_1_745' title='bbox 1130 868 1229 899; x_wconf 84' lang='lat' dir='ltr'>bona:</span> <span class='ocrx_word' id='word_1_746' title='bbox 1255 878 1327 900; x_wconf 85' lang='lat' dir='ltr'>cum</span> <span class='ocrx_word' id='word_1_747' title='bbox 1345 869 1404 902; x_wconf 76' lang='lat' dir='ltr'>sint</span> <span class='ocrx_word' id='word_1_748' title='bbox 1421 873 1589 913; x_wconf 75' lang='lat' dir='ltr'>exempla,</span> <span class='ocrx_word' id='word_1_749' title='bbox 1613 882 1648 905; x_wconf 89' lang='lat' dir='ltr'>ut</span> <span class='ocrx_word' id='word_1_750' title='bbox 1669 875 1756 913; x_wconf 87' lang='lat' dir='ltr'>dixi,</span> <span class='ocrx_word' id='word_1_751' title='bbox 1782 875 1831 906; x_wconf 89' lang='lat' dir='ltr'>lu-</span> 
     </span>
     <span class='ocr_line' id='line_1_97' title="bbox 960 909 1831 955; baseline 0.011 -16"><span class='ocrx_word' id='word_1_752' title='bbox 960 918 997 939; x_wconf 90' lang='lat' dir='ltr'>cc</span> <span class='ocrx_word' id='word_1_753' title='bbox 1021 909 1191 940; x_wconf 84' lang='lat' dir='ltr'>meridiana</span> <span class='ocrx_word' id='word_1_754' title='bbox 1222 910 1355 942; x_wconf 87' lang='lat' dir='ltr'>clariora</span> <span class='ocrx_word' id='word_1_755' title='bbox 1375 935 1384 951; x_wconf 91' lang='lat'>,</span> <span class='ocrx_word' id='word_1_756' title='bbox 1419 914 1499 954; x_wconf 84' lang='lat' dir='ltr'>apud</span> <span class='ocrx_word' id='word_1_757' title='bbox 1527 914 1705 955; x_wconf 83' lang='lat' dir='ltr'>Ovidium,</span> <span class='ocrx_word' id='word_1_758' title='bbox 1737 917 1831 948; x_wconf 88' lang='lat' dir='ltr'>Sene-</span> 
     </span>
     <span class='ocr_line' id='line_1_98' title="bbox 961 950 1831 999; baseline 0.011 -19"><span class='ocrx_word' id='word_1_759' title='bbox 961 959 1027 981; x_wconf 87' lang='lat' dir='ltr'>cam</span> <span class='ocrx_word' id='word_1_760' title='bbox 1043 975 1051 988; x_wconf 91' lang='lat'>‚</span> <span class='ocrx_word' id='word_1_761' title='bbox 1078 951 1108 982; x_wconf 87' lang='lat'>&amp;</span> <span class='ocrx_word' id='word_1_762' title='bbox 1125 950 1331 991; x_wconf 74' lang='lat' dir='ltr'>juvenalem,</span> <span class='ocrx_word' id='word_1_763' title='bbox 1356 963 1372 984; x_wconf 87' lang='lat' dir='ltr'>a</span> <span class='ocrx_word' id='word_1_764' title='bbox 1391 963 1442 984; x_wconf 88' lang='lat' dir='ltr'>me</span> <span class='ocrx_word' id='word_1_765' title='bbox 1476 956 1502 985; x_wconf 83' lang='lat' dir='ltr'>d.</span> <span class='ocrx_word' id='word_1_766' title='bbox 1529 965 1554 987; x_wconf 88' lang='lat' dir='ltr'>c.</span> <span class='ocrx_word' id='word_1_767' title='bbox 1580 957 1634 988; x_wconf 72' lang='lat' dir='ltr'>ult.</span> <span class='ocrx_word' id='word_1_768' title='bbox 1660 958 1754 989; x_wconf 87' lang='lat' dir='ltr'>allata</span> <span class='ocrx_word' id='word_1_769' title='bbox 1770 957 1831 999; x_wconf 71' lang='lat' dir='ltr'>Ja-</span> 
     </span>
     <span class='ocr_line' id='line_1_99' title="bbox 961 992 1827 1037; baseline 0.01 -15"><span class='ocrx_word' id='word_1_770' title='bbox 961 992 997 1022; x_wconf 79' lang='lat' dir='ltr'>lz&#39;o</span> <span class='ocrx_word' id='word_1_771' title='bbox 1016 992 1129 1028; x_wconf 63' lang='lat' dir='ltr'>pomo,-</span> <span class='ocrx_word' id='word_1_772' title='bbox 1151 992 1204 1033; x_wconf 81' lang='lat'>(4)</span> <span class='ocrx_word' id='word_1_773' title='bbox 1229 993 1328 1033; x_wconf 80' lang='lat' dir='ltr'>iisque</span> <span class='ocrx_word' id='word_1_774' title='bbox 1345 995 1423 1026; x_wconf 80' lang='lat' dir='ltr'>nibil</span> <span class='ocrx_word' id='word_1_775' title='bbox 1452 995 1648 1037; x_wconf 84' lang='lat' dir='ltr'>responderit</span> <span class='ocrx_word' id='word_1_776' title='bbox 1666 997 1827 1031; x_wconf 84' lang='lat' dir='ltr'>Dominus</span> 
     </span>
     <span class='ocr_line' id='line_1_100' title="bbox 960 1033 1828 1081; baseline 0.012 -18"><span class='ocrx_word' id='word_1_777' title='bbox 960 1043 1020 1064; x_wconf 80' lang='lat' dir='ltr'>van</span> <span class='ocrx_word' id='word_1_778' title='bbox 1048 1033 1272 1074; x_wconf 81' lang='lat' dir='ltr'>Bynkersnock</span> <span class='ocrx_word' id='word_1_779' title='bbox 1290 1045 1296 1064; x_wconf 91' lang='lat'><strong>:</strong></span> <span class='ocrx_word' id='word_1_780' title='bbox 1327 1034 1405 1067; x_wconf 75' lang='lat' dir='ltr'>sicut</span> <span class='ocrx_word' id='word_1_781' title='bbox 1428 1046 1487 1068; x_wconf 86' lang='lat' dir='ltr'>ncc</span> <span class='ocrx_word' id='word_1_782' title='bbox 1502 1039 1621 1078; x_wconf 83' lang='lat' dir='ltr'>poterit</span> <span class='ocrx_word' id='word_1_783' title='bbox 1640 1039 1828 1081; x_wconf 83' lang='lat' dir='ltr'>respondere</span> 
     </span>
     <span class='ocr_line' id='line_1_101' title="bbox 960 1075 1827 1124; baseline 0.012 -20"><span class='ocrx_word' id='word_1_784' title='bbox 960 1084 1131 1115; x_wconf 76' lang='lat' dir='ltr'>umquam,</span> <span class='ocrx_word' id='word_1_785' title='bbox 1167 1084 1239 1106; x_wconf 90' lang='lat' dir='ltr'>cum</span> <span class='ocrx_word' id='word_1_786' title='bbox 1264 1075 1323 1107; x_wconf 82' lang='lat' dir='ltr'>sint</span> <span class='ocrx_word' id='word_1_787' title='bbox 1346 1078 1520 1110; x_wconf 81' lang='lat' dir='ltr'>certiffima.</span> <span class='ocrx_word' id='word_1_788' title='bbox 1553 1079 1605 1119; x_wconf 79' lang='lat' dir='ltr'>(s)</span> <span class='ocrx_word' id='word_1_789' title='bbox 1635 1080 1712 1114; x_wconf 91' lang='lat' dir='ltr'>Non</span> <span class='ocrx_word' id='word_1_790' title='bbox 1726 1083 1827 1124; x_wconf 79' lang='lat' dir='ltr'>magis</span> 
     </span>
     <span class='ocr_line' id='line_1_102' title="bbox 1750 1133 1826 1165; baseline 0.013 -10"><span class='ocrx_word' id='word_1_791' title='bbox 1750 1133 1826 1165; x_wconf 82' lang='lat' dir='ltr'>pro·</span> 
     </span>
    </p>
   </div>
   <div class='ocr_carea' id='block_1_6' title="bbox 944 1195 1834 3314">
    <p class='ocr_par' dir='ltr' id='par_1_10' title="bbox 950 1195 1828 1854">
     <span class='ocr_line' id='line_1_103' title="bbox 954 1195 1825 1238; baseline 0.01 -14"><span class='ocrx_word' id='word_1_792' title='bbox 954 1195 1008 1225; x_wconf 86' lang='lat' dir='ltr'>hac</span> <span class='ocrx_word' id='word_1_793' title='bbox 1023 1197 1112 1234; x_wconf 84' lang='lat' dir='ltr'>prima</span> <span class='ocrx_word' id='word_1_794' title='bbox 1127 1198 1238 1227; x_wconf 77' lang='lat' dir='ltr'>ratione</span> <span class='ocrx_word' id='word_1_795' title='bbox 1253 1198 1311 1228; x_wconf 89' lang='lat' dir='ltr'>sum</span> <span class='ocrx_word' id='word_1_796' title='bbox 1325 1199 1406 1236; x_wconf 79' lang='lat' dir='ltr'>usuS,</span> <span class='ocrx_word' id='word_1_797' title='bbox 1426 1209 1540 1236; x_wconf 88' lang='lat' dir='ltr'>verum,</span> <span class='ocrx_word' id='word_1_798' title='bbox 1564 1201 1603 1231; x_wconf 88' lang='lat' dir='ltr'>sat</span> <span class='ocrx_word' id='word_1_799' title='bbox 1618 1202 1689 1238; x_wconf 84' lang='lat' dir='ltr'>scio,</span> <span class='ocrx_word' id='word_1_800' title='bbox 1713 1211 1772 1232; x_wconf 88' lang='lat' dir='ltr'>non</span> <span class='ocrx_word' id='word_1_801' title='bbox 1782 1205 1825 1235; x_wconf 86' lang='lat' dir='ltr'>in-</span> 
     </span>
     <span class='ocr_line' id='line_1_104' title="bbox 955 1236 1825 1278; baseline 0.01 -15"><span class='ocrx_word' id='word_1_802' title='bbox 955 1236 1060 1264; x_wconf 87' lang='lat' dir='ltr'>venies.</span> <span class='ocrx_word' id='word_1_803' title='bbox 1097 1237 1251 1266; x_wconf 80' lang='lat' dir='ltr'>Raevardus</span> <span class='ocrx_word' id='word_1_804' title='bbox 1278 1238 1314 1267; x_wconf 88' lang='lat' dir='ltr'>L.</span> <span class='ocrx_word' id='word_1_805' title='bbox 1336 1240 1386 1268; x_wconf 84' lang='grc' dir='ltr'>ΠΙ.</span> <span class='ocrx_word' id='word_1_806' title='bbox 1427 1239 1572 1277; x_wconf 60' lang='lat' dir='ltr'>conjectari.</span> <span class='ocrx_word' id='word_1_807' title='bbox 1603 1241 1633 1271; x_wconf 87' lang='lat' dir='ltr'>C.</span> <span class='ocrx_word' id='word_1_808' title='bbox 1654 1243 1676 1271; x_wconf 90' lang='grc' dir='ltr'>Ι.</span> <span class='ocrx_word' id='word_1_809' title='bbox 1698 1241 1825 1278; x_wconf 84' lang='lat' dir='ltr'>dixerat,</span> 
     </span>
     <span class='ocr_line' id='line_1_105' title="bbox 956 1274 1824 1317; baseline 0.01 -15"><span class='ocrx_word' id='word_1_810' title='bbox 956 1274 1108 1309; x_wconf 81' lang='lat' dir='ltr'>infantem,</span> <span class='ocrx_word' id='word_1_811' title='bbox 1137 1277 1204 1312; x_wconf 91' lang='lat' dir='ltr'>quia</span> <span class='ocrx_word' id='word_1_812' title='bbox 1228 1277 1318 1306; x_wconf 90' lang='lat' dir='ltr'>homo</span> <span class='ocrx_word' id='word_1_813' title='bbox 1341 1277 1397 1313; x_wconf 84' lang='lat' dir='ltr'>est,</span> <span class='ocrx_word' id='word_1_814' title='bbox 1425 1279 1517 1308; x_wconf 87' lang='lat' dir='ltr'>occidi</span> <span class='ocrx_word' id='word_1_815' title='bbox 1534 1288 1592 1308; x_wconf 91' lang='lat' dir='ltr'>non</span> <span class='ocrx_word' id='word_1_816' title='bbox 1607 1281 1741 1317; x_wconf 81' lang='lat' dir='ltr'>potuisse,</span> <span class='ocrx_word' id='word_1_817' title='bbox 1765 1281 1824 1311; x_wconf 86' lang='lat' dir='ltr'>hoe</span> 
     </span>
     <span class='ocr_line' id='line_1_106' title="bbox 956 1316 1825 1356; baseline 0.01 -16"><span class='ocrx_word' id='word_1_818' title='bbox 956 1319 1142 1349; x_wconf 86' lang='lat' dir='ltr'>argumento,</span> <span class='ocrx_word' id='word_1_819' title='bbox 1170 1316 1234 1350; x_wconf 83' lang='lat' dir='ltr'>quia</span> <span class='ocrx_word' id='word_1_820' title='bbox 1261 1323 1314 1344; x_wconf 89' lang='lat' dir='ltr'>nec</span> <span class='ocrx_word' id='word_1_821' title='bbox 1340 1316 1414 1353; x_wconf 90' lang='lat' dir='ltr'>spem</span> <span class='ocrx_word' id='word_1_822' title='bbox 1438 1317 1561 1347; x_wconf 90' lang='lat' dir='ltr'>hominis</span> <span class='ocrx_word' id='word_1_823' title='bbox 1593 1319 1660 1348; x_wconf 90' lang='lat' dir='ltr'>licet</span> <span class='ocrx_word' id='word_1_824' title='bbox 1674 1319 1825 1356; x_wconf 86' lang='lat' dir='ltr'>occidere,</span> 
     </span>
     <span class='ocr_line' id='line_1_107' title="bbox 955 1351 1828 1395; baseline 0.01 -16"><span class='ocrx_word' id='word_1_825' title='bbox 955 1352 1011 1380; x_wconf 84' lang='lat' dir='ltr'>hoc</span> <span class='ocrx_word' id='word_1_826' title='bbox 1036 1351 1075 1379; x_wconf 88' lang='lat' dir='ltr'>est</span> <span class='ocrx_word' id='word_1_827' title='bbox 1090 1373 1098 1386; x_wconf 93' lang='lat'>,</span> <span class='ocrx_word' id='word_1_828' title='bbox 1125 1359 1236 1389; x_wconf 86' lang='lat' dir='ltr'>partum</span> <span class='ocrx_word' id='word_1_829' title='bbox 1258 1355 1381 1392; x_wconf 86' lang='lat' dir='ltr'>abigere.</span> <span class='ocrx_word' id='word_1_830' title='bbox 1418 1356 1499 1385; x_wconf 85' lang='lat' dir='ltr'>Nihil</span> <span class='ocrx_word' id='word_1_831' title='bbox 1520 1356 1614 1386; x_wconf 88' lang='lat' dir='ltr'>valere</span> <span class='ocrx_word' id='word_1_832' title='bbox 1630 1358 1659 1386; x_wconf 90' lang='lat' dir='ltr'>id</span> <span class='ocrx_word' id='word_1_833' title='bbox 1679 1367 1828 1395; x_wconf 76' lang='lat' dir='ltr'>argumen-</span> 
     </span>
     <span class='ocr_line' id='line_1_108' title="bbox 956 1391 1826 1432; baseline 0.011 -15"><span class='ocrx_word' id='word_1_834' title='bbox 956 1395 1014 1419; x_wconf 89' lang='lat' dir='ltr'>tum</span> <span class='ocrx_word' id='word_1_835' title='bbox 1030 1391 1180 1420; x_wconf 87' lang='lat' dir='ltr'>monebam</span> <span class='ocrx_word' id='word_1_836' title='bbox 1208 1392 1304 1430; x_wconf 80' lang='lat' dir='ltr'>Opusc.</span> <span class='ocrx_word' id='word_1_837' title='bbox 1332 1393 1395 1431; x_wconf 85' lang='lat' dir='ltr'>Cap.</span> <span class='ocrx_word' id='word_1_838' title='bbox 1410 1395 1474 1423; x_wconf 90' lang='lat' dir='ltr'>VII.</span> <span class='ocrx_word' id='word_1_839' title='bbox 1503 1396 1595 1432; x_wconf 78' lang='lat' dir='ltr'>initio,</span> <span class='ocrx_word' id='word_1_840' title='bbox 1616 1396 1666 1425; x_wconf 87' lang='lat' dir='ltr'>nifi</span> <span class='ocrx_word' id='word_1_841' title='bbox 1682 1397 1718 1426; x_wconf 88' lang='lat' dir='ltr'>ad</span> <span class='ocrx_word' id='word_1_842' title='bbox 1733 1397 1826 1429; x_wconf 83' lang='lat' dir='ltr'>solum</span> 
     </span>
     <span class='ocr_line' id='line_1_109' title="bbox 954 1428 1825 1473; baseline 0.011 -17"><span class='ocrx_word' id='word_1_843' title='bbox 954 1435 1062 1466; x_wconf 87' lang='lat' dir='ltr'>patrem</span> <span class='ocrx_word' id='word_1_844' title='bbox 1078 1428 1241 1466; x_wconf 82' lang='lat' dir='ltr'>restringas,</span> <span class='ocrx_word' id='word_1_845' title='bbox 1265 1431 1291 1460; x_wconf 87' lang='lat'>&amp;</span> <span class='ocrx_word' id='word_1_846' title='bbox 1306 1440 1430 1471; x_wconf 67' lang='lat' dir='ltr'>quaeras,</span> <span class='ocrx_word' id='word_1_847' title='bbox 1457 1442 1492 1462; x_wconf 92' lang='lat' dir='ltr'>an</span> <span class='ocrx_word' id='word_1_848' title='bbox 1515 1434 1577 1468; x_wconf 88' lang='lat' dir='ltr'>iile,</span> <span class='ocrx_word' id='word_1_849' title='bbox 1597 1435 1659 1470; x_wconf 85' lang='lat' dir='ltr'>J&#39;ure</span> <span class='ocrx_word' id='word_1_850' title='bbox 1673 1436 1825 1473; x_wconf 78' lang='lat' dir='ltr'>potestatis</span> 
     </span>
     <span class='ocr_line' id='line_1_110' title="bbox 955 1467 1825 1512; baseline 0.01 -17"><span class='ocrx_word' id='word_1_851' title='bbox 955 1467 1023 1502; x_wconf 82' lang='lat' dir='ltr'>suae,</span> <span class='ocrx_word' id='word_1_852' title='bbox 1053 1470 1178 1505; x_wconf 85' lang='lat' dir='ltr'>potuerit</span> <span class='ocrx_word' id='word_1_853' title='bbox 1201 1478 1352 1507; x_wconf 86' lang='lat' dir='ltr'>procurare</span> <span class='ocrx_word' id='word_1_854' title='bbox 1375 1471 1525 1507; x_wconf 88' lang='lat' dir='ltr'>abortum,</span> <span class='ocrx_word' id='word_1_855' title='bbox 1556 1479 1588 1502; x_wconf 84' lang='lat' dir='ltr'>ut</span> <span class='ocrx_word' id='word_1_856' title='bbox 1603 1474 1682 1508; x_wconf 86' lang='lat' dir='ltr'>ajunt</span> <span class='ocrx_word' id='word_1_857' title='bbox 1701 1475 1825 1512; x_wconf 76' lang='lat' dir='ltr'>potuisse</span> 
     </span>
     <span class='ocr_line' id='line_1_111' title="bbox 953 1506 1825 1550; baseline 0.009 -16"><span class='ocrx_word' id='word_1_858' title='bbox 953 1508 1014 1541; x_wconf 70' lang='lat' dir='ltr'>J‘ure</span> <span class='ocrx_word' id='word_1_859' title='bbox 1032 1506 1079 1535; x_wconf 91' lang='lat' dir='ltr'>suo</span> <span class='ocrx_word' id='word_1_860' title='bbox 1095 1507 1200 1536; x_wconf 82' lang='lat' dir='ltr'>caedere</span> <span class='ocrx_word' id='word_1_861' title='bbox 1219 1508 1366 1539; x_wconf 89' lang='lat' dir='ltr'>infantem.</span> <span class='ocrx_word' id='word_1_862' title='bbox 1408 1511 1467 1540; x_wconf 90' lang='lat' dir='ltr'>Aut</span> <span class='ocrx_word' id='word_1_863' title='bbox 1482 1511 1557 1540; x_wconf 88' lang='lat' dir='ltr'>hune</span> <span class='ocrx_word' id='word_1_864' title='bbox 1569 1512 1663 1541; x_wconf 87' lang='lat' dir='ltr'>locum</span> <span class='ocrx_word' id='word_1_865' title='bbox 1679 1513 1825 1550; x_wconf 79' lang='lat' dir='ltr'>indigitas,</span> 
     </span>
     <span class='ocr_line' id='line_1_112' title="bbox 954 1545 1825 1585; baseline 0.009 -12"><span class='ocrx_word' id='word_1_866' title='bbox 954 1552 1002 1573; x_wconf 89' lang='lat' dir='ltr'>aut</span> <span class='ocrx_word' id='word_1_867' title='bbox 1017 1545 1142 1581; x_wconf 74' lang='lat' dir='ltr'>nullum,</span> <span class='ocrx_word' id='word_1_868' title='bbox 1164 1546 1209 1575; x_wconf 90' lang='lat' dir='ltr'>sed</span> <span class='ocrx_word' id='word_1_869' title='bbox 1226 1555 1262 1575; x_wconf 88' lang='lat' dir='ltr'>an</span> <span class='ocrx_word' id='word_1_870' title='bbox 1283 1555 1318 1576; x_wconf 85' lang='lat' dir='ltr'>ex</span> <span class='ocrx_word' id='word_1_871' title='bbox 1341 1557 1376 1577; x_wconf 92' lang='lat' dir='ltr'>eo</span> <span class='ocrx_word' id='word_1_872' title='bbox 1398 1554 1429 1577; x_wconf 91' lang='lat' dir='ltr'>tu</span> <span class='ocrx_word' id='word_1_873' title='bbox 1451 1548 1580 1579; x_wconf 85' lang='lat' dir='ltr'>effeceris</span> <span class='ocrx_word' id='word_1_874' title='bbox 1597 1573 1604 1585; x_wconf 87' lang='lat'>,</span> <span class='ocrx_word' id='word_1_875' title='bbox 1627 1560 1671 1580; x_wconf 88' lang='lat' dir='ltr'>me</span> <span class='ocrx_word' id='word_1_876' title='bbox 1686 1552 1825 1582; x_wconf 68' lang='lat' dir='ltr'>matribus</span> 
     </span>
     <span class='ocr_line' id='line_1_113' title="bbox 952 1585 1823 1628; baseline 0.011 -17"><span class='ocrx_word' id='word_1_877' title='bbox 952 1591 1054 1620; x_wconf 85' lang='lat' dir='ltr'>negare</span> <span class='ocrx_word' id='word_1_878' title='bbox 1067 1585 1110 1619; x_wconf 80' lang='lat' dir='ltr'>jus</span> <span class='ocrx_word' id='word_1_879' title='bbox 1126 1585 1278 1622; x_wconf 82' lang='lat' dir='ltr'>abigendi,</span> <span class='ocrx_word' id='word_1_880' title='bbox 1306 1588 1371 1622; x_wconf 89' lang='lat' dir='ltr'>quia</span> <span class='ocrx_word' id='word_1_881' title='bbox 1391 1586 1496 1617; x_wconf 90' lang='lat' dir='ltr'>liberos</span> <span class='ocrx_word' id='word_1_882' title='bbox 1519 1597 1577 1618; x_wconf 89' lang='lat' dir='ltr'>non</span> <span class='ocrx_word' id='word_1_883' title='bbox 1595 1590 1702 1619; x_wconf 83' lang='lat' dir='ltr'>habent</span> <span class='ocrx_word' id='word_1_884' title='bbox 1722 1591 1751 1620; x_wconf 90' lang='lat' dir='ltr'>in</span> <span class='ocrx_word' id='word_1_885' title='bbox 1766 1599 1823 1628; x_wconf 83' lang='lat' dir='ltr'>po-</span> 
     </span>
     <span class='ocr_line' id='line_1_114' title="bbox 952 1622 1823 1663; baseline 0.01 -13"><span class='ocrx_word' id='word_1_886' title='bbox 952 1622 1072 1651; x_wconf 74' lang='lat' dir='ltr'>testate?</span> <span class='ocrx_word' id='word_1_887' title='bbox 1095 1623 1124 1652; x_wconf 93' lang='lat' dir='ltr'>Si</span> <span class='ocrx_word' id='word_1_888' title='bbox 1147 1623 1201 1652; x_wconf 88' lang='lat' dir='ltr'>hac</span> <span class='ocrx_word' id='word_1_889' title='bbox 1222 1625 1333 1653; x_wconf 87' lang='lat' dir='ltr'>ratione</span> <span class='ocrx_word' id='word_1_890' title='bbox 1353 1632 1476 1662; x_wconf 88' lang='lat' dir='ltr'>unquam</span> <span class='ocrx_word' id='word_1_891' title='bbox 1491 1626 1600 1656; x_wconf 80' lang='lat' dir='ltr'>fuissem</span> <span class='ocrx_word' id='word_1_892' title='bbox 1612 1630 1690 1663; x_wconf 86' lang='lat' dir='ltr'>usus,</span> <span class='ocrx_word' id='word_1_893' title='bbox 1713 1637 1772 1658; x_wconf 89' lang='lat' dir='ltr'>non</span> <span class='ocrx_word' id='word_1_894' title='bbox 1791 1638 1823 1659; x_wconf 83' lang='lat' dir='ltr'>a·</span> 
     </span>
     <span class='ocr_line' id='line_1_115' title="bbox 951 1661 1824 1706; baseline 0.011 -18"><span class='ocrx_word' id='word_1_895' title='bbox 951 1661 1006 1689; x_wconf 89' lang='lat' dir='ltr'>deo</span> <span class='ocrx_word' id='word_1_896' title='bbox 1021 1662 1142 1697; x_wconf 85' lang='lat' dir='ltr'>benigne</span> <span class='ocrx_word' id='word_1_897' title='bbox 1156 1663 1207 1691; x_wconf 88' lang='lat' dir='ltr'>tibi</span> <span class='ocrx_word' id='word_1_898' title='bbox 1228 1663 1342 1699; x_wconf 87' lang='lat' dir='ltr'>largitus</span> <span class='ocrx_word' id='word_1_899' title='bbox 1358 1664 1455 1700; x_wconf 79' lang='lat' dir='ltr'>essem,</span> <span class='ocrx_word' id='word_1_900' title='bbox 1473 1666 1592 1703; x_wconf 80' lang='lat' dir='ltr'>potuisse</span> <span class='ocrx_word' id='word_1_901' title='bbox 1609 1669 1741 1706; x_wconf 85' lang='lat' dir='ltr'>innuptas</span> <span class='ocrx_word' id='word_1_902' title='bbox 1758 1674 1824 1705; x_wconf 78' lang='lat' dir='ltr'>par-</span> 
     </span>
     <span class='ocr_line' id='line_1_116' title="bbox 950 1699 1822 1743; baseline 0.01 -16"><span class='ocrx_word' id='word_1_903' title='bbox 950 1707 995 1728; x_wconf 87' lang='lat' dir='ltr'>tus</span> <span class='ocrx_word' id='word_1_904' title='bbox 1014 1699 1119 1737; x_wconf 86' lang='lat' dir='ltr'>spurios</span> <span class='ocrx_word' id='word_1_905' title='bbox 1135 1702 1249 1738; x_wconf 90' lang='lat' dir='ltr'>impune</span> <span class='ocrx_word' id='word_1_906' title='bbox 1267 1703 1396 1738; x_wconf 83' lang='lat' dir='ltr'>abigere,</span> <span class='ocrx_word' id='word_1_907' title='bbox 1425 1703 1444 1731; x_wconf 86' lang='lat' dir='ltr'><strong>fi</strong></span> <span class='ocrx_word' id='word_1_908' title='bbox 1466 1705 1540 1733; x_wconf 91' lang='lat' dir='ltr'>enim</span> <span class='ocrx_word' id='word_1_909' title='bbox 1555 1705 1599 1734; x_wconf 89' lang='lat' dir='ltr'>vel</span> <span class='ocrx_word' id='word_1_910' title='bbox 1616 1706 1644 1734; x_wconf 91' lang='lat' dir='ltr'>id</span> <span class='ocrx_word' id='word_1_911' title='bbox 1661 1706 1822 1743; x_wconf 69' lang='lat' dir='ltr'>negassem,</span> 
     </span>
     <span class='ocr_line' id='line_1_117' title="bbox 952 1738 1822 1781; baseline 0.009 -15"><span class='ocrx_word' id='word_1_912' title='bbox 952 1738 996 1774; x_wconf 73' lang='grc' dir='ltr'>δι,</span> <span class='ocrx_word' id='word_1_913' title='bbox 1025 1744 1055 1767; x_wconf 90' lang='lat' dir='ltr'>ut</span> <span class='ocrx_word' id='word_1_914' title='bbox 1080 1739 1236 1768; x_wconf 64' lang='lat' dir='ltr'>indistincta</span> <span class='ocrx_word' id='word_1_915' title='bbox 1258 1740 1342 1776; x_wconf 87' lang='lat' dir='ltr'>sunt,</span> <span class='ocrx_word' id='word_1_916' title='bbox 1369 1740 1526 1771; x_wconf 69' lang='lat' dir='ltr'>indistinete</span> <span class='ocrx_word' id='word_1_917' title='bbox 1549 1742 1713 1781; x_wconf 75' lang='lat' dir='ltr'>accepissem</span> <span class='ocrx_word' id='word_1_918' title='bbox 1732 1745 1822 1774; x_wconf 73' lang='lat' dir='ltr'>verba·</span> 
     </span>
     <span class='ocr_line' id='line_1_118' title="bbox 951 1777 1825 1820; baseline 0.01 -15"><span class='ocrx_word' id='word_1_919' title='bbox 951 1777 1068 1814; x_wconf 88' lang='lat' dir='ltr'>Ulpiani</span> <span class='ocrx_word' id='word_1_920' title='bbox 1092 1778 1120 1806; x_wconf 91' lang='lat' dir='ltr'>in</span> <span class='ocrx_word' id='word_1_921' title='bbox 1148 1778 1173 1807; x_wconf 89' lang='lat' dir='ltr'>d.</span> <span class='ocrx_word' id='word_1_922' title='bbox 1203 1780 1221 1807; x_wconf 85' lang='lat'>1.</span> <span class='ocrx_word' id='word_1_923' title='bbox 1243 1781 1268 1808; x_wconf 85' lang='lat'>8.</span> <span class='ocrx_word' id='word_1_924' title='bbox 1284 1777 1324 1817; x_wconf 87' lang='lat' dir='ltr'>ff.</span> <span class='ocrx_word' id='word_1_925' title='bbox 1353 1779 1384 1808; x_wconf 83' lang='lat' dir='ltr'>de</span> <span class='ocrx_word' id='word_1_926' title='bbox 1411 1779 1446 1809; x_wconf 91' lang='lat' dir='ltr'>L.</span> <span class='ocrx_word' id='word_1_927' title='bbox 1474 1780 1551 1810; x_wconf 86' lang='lat' dir='ltr'>Corn.</span> <span class='ocrx_word' id='word_1_928' title='bbox 1574 1782 1604 1811; x_wconf 83' lang='lat' dir='ltr'>de</span> <span class='ocrx_word' id='word_1_929' title='bbox 1624 1781 1710 1812; x_wconf 64' lang='grc' dir='ltr'><em>δίων.</em></span> <span class='ocrx_word' id='word_1_930' title='bbox 1730 1783 1825 1820; x_wconf 49' lang='lat' dir='ltr'>pluria</span> 
     </span>
     <span class='ocr_line' id='line_1_119' title="bbox 950 1815 1562 1854; baseline 0.007 -10"><span class='ocrx_word' id='word_1_931' title='bbox 950 1824 1025 1844; x_wconf 89' lang='lat' dir='ltr'>mum</span> <span class='ocrx_word' id='word_1_932' title='bbox 1042 1815 1160 1846; x_wconf 86' lang='lat' dir='ltr'>sudasses</span> <span class='ocrx_word' id='word_1_933' title='bbox 1178 1818 1205 1846; x_wconf 90' lang='lat' dir='ltr'>in</span> <span class='ocrx_word' id='word_1_934' title='bbox 1222 1818 1393 1854; x_wconf 87' lang='lat' dir='ltr'>probatione</span> <span class='ocrx_word' id='word_1_935' title='bbox 1410 1821 1562 1849; x_wconf 84' lang='lat' dir='ltr'>contraria.</span> 
     </span>
    </p>

    <p class='ocr_par' dir='ltr' id='par_1_11' title="bbox 949 1855 1822 2153">
     <span class='ocr_line' id='line_1_120' title="bbox 989 1855 1821 1898; baseline 0.01 -16"><span class='ocrx_word' id='word_1_936' title='bbox 989 1862 1015 1889; x_wconf 76' lang='lat'>3.</span> <span class='ocrx_word' id='word_1_937' title='bbox 1036 1855 1104 1883; x_wconf 90' lang='lat' dir='ltr'>Non</span> <span class='ocrx_word' id='word_1_938' title='bbox 1137 1856 1300 1890; x_wconf 86' lang='lat' dir='ltr'>intercedo,</span> <span class='ocrx_word' id='word_1_939' title='bbox 1321 1865 1374 1885; x_wconf 90' lang='lat' dir='ltr'>nec</span> <span class='ocrx_word' id='word_1_940' title='bbox 1389 1857 1526 1887; x_wconf 81' lang='lat' dir='ltr'>interceffi</span> <span class='ocrx_word' id='word_1_941' title='bbox 1543 1866 1686 1896; x_wconf 84' lang='lat' dir='ltr'>unquam,</span> <span class='ocrx_word' id='word_1_942' title='bbox 1707 1861 1821 1898; x_wconf 81' lang='lat' dir='ltr'>quomi-</span> 
     </span>
     <span class='ocr_line' id='line_1_121' title="bbox 950 1893 1822 1934; baseline 0.008 -13"><span class='ocrx_word' id='word_1_943' title='bbox 950 1901 1001 1921; x_wconf 90' lang='lat' dir='ltr'>nus</span> <span class='ocrx_word' id='word_1_944' title='bbox 1019 1893 1046 1921; x_wconf 90' lang='lat' dir='ltr'>in</span> <span class='ocrx_word' id='word_1_945' title='bbox 1064 1893 1179 1923; x_wconf 88' lang='lat' dir='ltr'>muliere</span> <span class='ocrx_word' id='word_1_946' title='bbox 1197 1896 1314 1932; x_wconf 85' lang='lat' dir='ltr'>innupta</span> <span class='ocrx_word' id='word_1_947' title='bbox 1337 1896 1396 1924; x_wconf 81' lang='lat' dir='ltr'>haec</span> <span class='ocrx_word' id='word_1_948' title='bbox 1415 1895 1500 1924; x_wconf 89' lang='lat' dir='ltr'>fuerit</span> <span class='ocrx_word' id='word_1_949' title='bbox 1529 1899 1602 1926; x_wconf 87' lang='lat' dir='ltr'>ratio</span> <span class='ocrx_word' id='word_1_950' title='bbox 1622 1899 1756 1934; x_wconf 88' lang='lat' dir='ltr'>permissae</span> <span class='ocrx_word' id='word_1_951' title='bbox 1772 1899 1822 1927; x_wconf 89' lang='lat' dir='ltr'>ab·</span> 
     </span>
     <span class='ocr_line' id='line_1_122' title="bbox 950 1932 1819 1974; baseline 0.009 -15"><span class='ocrx_word' id='word_1_952' title='bbox 950 1933 1087 1961; x_wconf 89' lang='lat' dir='ltr'>ortionis,</span> <span class='ocrx_word' id='word_1_953' title='bbox 1113 1932 1141 1960; x_wconf 90' lang='lat' dir='ltr'>in</span> <span class='ocrx_word' id='word_1_954' title='bbox 1168 1941 1256 1970; x_wconf 80' lang='lat' dir='ltr'>nupta</span> <span class='ocrx_word' id='word_1_955' title='bbox 1277 1934 1331 1961; x_wconf 82' lang='lat' dir='ltr'>alia</span> <span class='ocrx_word' id='word_1_956' title='bbox 1356 1934 1381 1962; x_wconf 73' lang='grc' dir='ltr'>δε</span> <span class='ocrx_word' id='word_1_957' title='bbox 1402 1933 1503 1963; x_wconf 82' lang='lat' dir='ltr'>fortior</span> <span class='ocrx_word' id='word_1_958' title='bbox 1519 1937 1594 1964; x_wconf 88' lang='lat' dir='ltr'>ratio</span> <span class='ocrx_word' id='word_1_959' title='bbox 1608 1936 1667 1973; x_wconf 66' lang='lat' dir='ltr'>est,</span> <span class='ocrx_word' id='word_1_960' title='bbox 1690 1945 1750 1974; x_wconf 86' lang='lat' dir='ltr'>quae</span> <span class='ocrx_word' id='word_1_961' title='bbox 1766 1938 1819 1968; x_wconf 86' lang='lat' dir='ltr'>im-</span> 
     </span>
     <span class='ocr_line' id='line_1_123' title="bbox 949 1970 1817 2011; baseline 0.007 -13"><span class='ocrx_word' id='word_1_962' title='bbox 949 1970 1078 2006; x_wconf 86' lang='lat' dir='ltr'>pedivit,</span> <span class='ocrx_word' id='word_1_963' title='bbox 1106 1977 1138 1999; x_wconf 93' lang='lat' dir='ltr'>ut</span> <span class='ocrx_word' id='word_1_964' title='bbox 1165 1980 1233 2000; x_wconf 84' lang='lat' dir='ltr'>mox</span> <span class='ocrx_word' id='word_1_965' title='bbox 1257 1972 1363 2000; x_wconf 85' lang='lat' dir='ltr'>audies.</span> <span class='ocrx_word' id='word_1_966' title='bbox 1410 1973 1522 2002; x_wconf 81' lang='lat' dir='ltr'>Interea</span> <span class='ocrx_word' id='word_1_967' title='bbox 1548 1974 1691 2003; x_wconf 84' lang='lat' dir='ltr'>observari</span> <span class='ocrx_word' id='word_1_968' title='bbox 1711 1974 1817 2011; x_wconf 81' lang='lat' dir='ltr'>velim,</span> 
     </span>
     <span class='ocr_line' id='line_1_124' title="bbox 950 2009 1822 2050; baseline 0.008 -14"><span class='ocrx_word' id='word_1_969' title='bbox 950 2016 978 2037; x_wconf 90' lang='lat' dir='ltr'>te</span> <span class='ocrx_word' id='word_1_970' title='bbox 1000 2009 1045 2037; x_wconf 85' lang='lat' dir='ltr'>hic</span> <span class='ocrx_word' id='word_1_971' title='bbox 1067 2010 1138 2037; x_wconf 86' lang='lat' dir='ltr'>inter</span> <span class='ocrx_word' id='word_1_972' title='bbox 1161 2017 1277 2047; x_wconf 83' lang='lat' dir='ltr'>nuptam</span> <span class='ocrx_word' id='word_1_973' title='bbox 1301 2010 1327 2039; x_wconf 71' lang='grc' dir='ltr'>δι</span> <span class='ocrx_word' id='word_1_974' title='bbox 1360 2011 1508 2049; x_wconf 84' lang='lat' dir='ltr'>innuptam</span> <span class='ocrx_word' id='word_1_975' title='bbox 1539 2020 1597 2041; x_wconf 89' lang='lat' dir='ltr'>non</span> <span class='ocrx_word' id='word_1_976' title='bbox 1630 2013 1822 2050; x_wconf 56' lang='lat' dir='ltr'>distinguere,</span> 
     </span>
     <span class='ocr_line' id='line_1_125' title="bbox 949 2047 1815 2090; baseline 0.008 -16"><span class='ocrx_word' id='word_1_977' title='bbox 949 2053 979 2075; x_wconf 90' lang='lat' dir='ltr'>ut</span> <span class='ocrx_word' id='word_1_978' title='bbox 997 2047 1122 2084; x_wconf 87' lang='lat' dir='ltr'>nuspiam</span> <span class='ocrx_word' id='word_1_979' title='bbox 1142 2049 1227 2076; x_wconf 78' lang='lat' dir='ltr'>etiarn</span> <span class='ocrx_word' id='word_1_980' title='bbox 1252 2049 1395 2085; x_wconf 84' lang='lat' dir='ltr'>distinguis</span> <span class='ocrx_word' id='word_1_981' title='bbox 1417 2050 1444 2078; x_wconf 91' lang='lat' dir='ltr'>in</span> <span class='ocrx_word' id='word_1_982' title='bbox 1461 2050 1543 2090; x_wconf 80' lang='lat' dir='ltr'>Julio</span> <span class='ocrx_word' id='word_1_983' title='bbox 1569 2051 1655 2080; x_wconf 79' lang='lat' dir='ltr'>Paulo</span> <span class='ocrx_word' id='word_1_984' title='bbox 1672 2073 1680 2086; x_wconf 92' lang='lat'>‚</span> <span class='ocrx_word' id='word_1_985' title='bbox 1704 2053 1750 2080; x_wconf 90' lang='lat' dir='ltr'>sed</span> <span class='ocrx_word' id='word_1_986' title='bbox 1766 2061 1815 2081; x_wconf 88' lang='lat' dir='ltr'>au—</span> 
     </span>
     <span class='ocr_line' id='line_1_126' title="bbox 949 2086 1815 2120; baseline 0.008 -7"><span class='ocrx_word' id='word_1_987' title='bbox 949 2086 1122 2115; x_wconf 67' lang='lat' dir='ltr'>etoritatibus</span> <span class='ocrx_word' id='word_1_988' title='bbox 1145 2088 1289 2117; x_wconf 65' lang='lat' dir='ltr'>convietus</span> <span class='ocrx_word' id='word_1_989' title='bbox 1313 2096 1381 2117; x_wconf 83' lang='lat' dir='ltr'>mox</span> <span class='ocrx_word' id='word_1_990' title='bbox 1407 2097 1469 2118; x_wconf 86' lang='lat' dir='ltr'>eam</span> <span class='ocrx_word' id='word_1_991' title='bbox 1494 2090 1700 2120; x_wconf 70' lang='lat' dir='ltr'>distinetionem</span> <span class='ocrx_word' id='word_1_992' title='bbox 1716 2090 1815 2120; x_wconf 84' lang='lat' dir='ltr'>admit-</span> 
     </span>
     <span class='ocr_line' id='line_1_127' title="bbox 950 2131 1000 2153; baseline 0 0"><span class='ocrx_word' id='word_1_993' title='bbox 950 2131 1000 2153; x_wconf 81' lang='lat' dir='ltr'>tes.</span> 
     </span>
    </p>

    <p class='ocr_par' dir='ltr' id='par_1_12' title="bbox 948 2163 1816 2240">
     <span class='ocr_line' id='line_1_128' title="bbox 987 2163 1816 2205; baseline 0.008 -15"><span class='ocrx_word' id='word_1_994' title='bbox 987 2171 1015 2198; x_wconf 78' lang='lat'>4.</span> <span class='ocrx_word' id='word_1_995' title='bbox 1038 2163 1095 2191; x_wconf 86' lang='lat' dir='ltr'>Cur</span> <span class='ocrx_word' id='word_1_996' title='bbox 1119 2164 1171 2192; x_wconf 83' lang='lat' dir='ltr'>iilis</span> <span class='ocrx_word' id='word_1_997' title='bbox 1198 2172 1255 2193; x_wconf 84' lang='lat' dir='ltr'>non</span> <span class='ocrx_word' id='word_1_998' title='bbox 1278 2164 1468 2202; x_wconf 85' lang='lat' dir='ltr'>responderim</span> <span class='ocrx_word' id='word_1_999' title='bbox 1487 2187 1496 2201; x_wconf 90' lang='lat'><strong>‚</strong></span> <span class='ocrx_word' id='word_1_1000' title='bbox 1516 2175 1569 2196; x_wconf 89' lang='lat' dir='ltr'>nec</span> <span class='ocrx_word' id='word_1_1001' title='bbox 1584 2167 1753 2205; x_wconf 85' lang='lat' dir='ltr'>respondere</span> <span class='ocrx_word' id='word_1_1002' title='bbox 1768 2168 1816 2197; x_wconf 75' lang='lat' dir='ltr'>ha=</span> 
     </span>
     <span class='ocr_line' id='line_1_129' title="bbox 948 2202 1596 2240; baseline 0.009 -11"><span class='ocrx_word' id='word_1_1003' title='bbox 948 2202 1057 2230; x_wconf 86' lang='lat' dir='ltr'>buerim</span> <span class='ocrx_word' id='word_1_1004' title='bbox 1075 2203 1198 2237; x_wconf 77' lang='lat' dir='ltr'>necesse,</span> <span class='ocrx_word' id='word_1_1005' title='bbox 1221 2210 1291 2240; x_wconf 88' lang='lat' dir='ltr'>puto</span> <span class='ocrx_word' id='word_1_1006' title='bbox 1309 2211 1336 2232; x_wconf 81' lang='lat' dir='ltr'>te</span> <span class='ocrx_word' id='word_1_1007' title='bbox 1349 2205 1405 2239; x_wconf 83' lang='lat' dir='ltr'>jam</span> <span class='ocrx_word' id='word_1_1008' title='bbox 1422 2205 1596 2235; x_wconf 77' lang='lat' dir='ltr'>intellexisse.</span> 
     </span>
    </p>

    <p class='ocr_par' dir='ltr' id='par_1_13' title="bbox 944 2240 1834 3314">
     <span class='ocr_line' id='line_1_130' title="bbox 985 2240 1820 2282; baseline 0.007 -14"><span class='ocrx_word' id='word_1_1009' title='bbox 985 2247 1010 2275; x_wconf 82' lang='lat'>5.</span> <span class='ocrx_word' id='word_1_1010' title='bbox 1033 2240 1126 2269; x_wconf 85' lang='lat' dir='ltr'>Totus</span> <span class='ocrx_word' id='word_1_1011' title='bbox 1149 2242 1195 2270; x_wconf 80' lang='lat' dir='ltr'>hic</span> <span class='ocrx_word' id='word_1_1012' title='bbox 1218 2251 1246 2270; x_wconf 90' lang='lat' dir='ltr'>es</span> <span class='ocrx_word' id='word_1_1013' title='bbox 1267 2243 1296 2270; x_wconf 87' lang='lat' dir='ltr'>in</span> <span class='ocrx_word' id='word_1_1014' title='bbox 1320 2242 1496 2280; x_wconf 83' lang='lat' dir='ltr'>profliganda</span> <span class='ocrx_word' id='word_1_1015' title='bbox 1517 2247 1629 2274; x_wconf 84' lang='lat' dir='ltr'>ratione</span> <span class='ocrx_word' id='word_1_1016' title='bbox 1650 2266 1658 2279; x_wconf 90' lang='lat'>‚</span> <span class='ocrx_word' id='word_1_1017' title='bbox 1685 2249 1743 2282; x_wconf 85' lang='lat' dir='ltr'>qua</span> <span class='ocrx_word' id='word_1_1018' title='bbox 1757 2249 1820 2274; x_wconf 82' lang='lat' dir='ltr'>ute-</span> 
     </span>
     <span class='ocr_line' id='line_1_131' title="bbox 949 2278 1823 2319; baseline 0.005 -11"><span class='ocrx_word' id='word_1_1019' title='bbox 949 2286 1011 2308; x_wconf 84' lang='lat' dir='ltr'>rum</span> <span class='ocrx_word' id='word_1_1020' title='bbox 1029 2278 1154 2308; x_wconf 76' lang='lat' dir='ltr'>dixeram</span> <span class='ocrx_word' id='word_1_1021' title='bbox 1175 2280 1209 2308; x_wconf 87' lang='lat' dir='ltr'>ad</span> <span class='ocrx_word' id='word_1_1022' title='bbox 1226 2283 1356 2309; x_wconf 87' lang='lat' dir='ltr'>maritum</span> <span class='ocrx_word' id='word_1_1023' title='bbox 1371 2283 1528 2318; x_wconf 86' lang='lat' dir='ltr'>pertinere,</span> <span class='ocrx_word' id='word_1_1024' title='bbox 1556 2283 1686 2319; x_wconf 85' lang='lat' dir='ltr'>adeoque</span> <span class='ocrx_word' id='word_1_1025' title='bbox 1702 2285 1772 2312; x_wconf 83' lang='lat' dir='ltr'>citra</span> <span class='ocrx_word' id='word_1_1026' title='bbox 1787 2289 1823 2312; x_wconf 81' lang='lat' dir='ltr'>e-·</span> 
     </span>
     <span class='ocr_line' id='line_1_132' title="bbox 948 2318 1817 2358; baseline 0.005 -12"><span class='ocrx_word' id='word_1_1027' title='bbox 948 2318 992 2353; x_wconf 84' lang='lat' dir='ltr'>jus</span> <span class='ocrx_word' id='word_1_1028' title='bbox 1016 2318 1149 2353; x_wconf 70' lang='lat' dir='ltr'>iniuriam</span> <span class='ocrx_word' id='word_1_1029' title='bbox 1170 2319 1205 2347; x_wconf 82' lang='lat' dir='ltr'>ab</span> <span class='ocrx_word' id='word_1_1030' title='bbox 1229 2325 1318 2347; x_wconf 80' lang='lat' dir='ltr'>uxore</span> <span class='ocrx_word' id='word_1_1031' title='bbox 1337 2321 1412 2357; x_wconf 84' lang='lat' dir='ltr'>abigi</span> <span class='ocrx_word' id='word_1_1032' title='bbox 1434 2329 1493 2350; x_wconf 86' lang='lat' dir='ltr'>non</span> <span class='ocrx_word' id='word_1_1033' title='bbox 1512 2321 1599 2358; x_wconf 85' lang='lat' dir='ltr'>poss&#39;e.</span> <span class='ocrx_word' id='word_1_1034' title='bbox 1638 2320 1817 2356; x_wconf 79' lang='lat' dir='ltr'>Suffecisset,</span> 
     </span>
     <span class='ocr_line' id='line_1_133' title="bbox 951 2355 1821 2397; baseline 0.005 -13"><span class='ocrx_word' id='word_1_1035' title='bbox 951 2355 970 2384; x_wconf 84' lang='lat' dir='ltr'>fi</span> <span class='ocrx_word' id='word_1_1036' title='bbox 985 2356 1109 2385; x_wconf 81' lang='lat' dir='ltr'>dixissem</span> <span class='ocrx_word' id='word_1_1037' title='bbox 1122 2362 1247 2392; x_wconf 87' lang='lat' dir='ltr'>,uterum</span> <span class='ocrx_word' id='word_1_1038' title='bbox 1258 2359 1402 2394; x_wconf 86' lang='lat' dir='ltr'>utriusque</span> <span class='ocrx_word' id='word_1_1039' title='bbox 1416 2362 1540 2397; x_wconf 82' lang='lat' dir='ltr'>parentis</span> <span class='ocrx_word' id='word_1_1040' title='bbox 1554 2359 1607 2388; x_wconf 78' lang='lat' dir='ltr'>esse</span> <span class='ocrx_word' id='word_1_1041' title='bbox 1624 2367 1821 2396; x_wconf 77' lang='lat' dir='ltr'>communem,</span> 
     </span>
     <span class='ocr_line' id='line_1_134' title="bbox 949 2395 1818 2433; baseline 0.006 -11"><span class='ocrx_word' id='word_1_1042' title='bbox 949 2395 1015 2431; x_wconf 85' lang='lat' dir='ltr'>quia</span> <span class='ocrx_word' id='word_1_1043' title='bbox 1037 2396 1121 2423; x_wconf 88' lang='lat' dir='ltr'>etiam</span> <span class='ocrx_word' id='word_1_1044' title='bbox 1142 2396 1177 2424; x_wconf 91' lang='lat' dir='ltr'>de</span> <span class='ocrx_word' id='word_1_1045' title='bbox 1200 2405 1229 2424; x_wconf 92' lang='lat' dir='ltr'>re</span> <span class='ocrx_word' id='word_1_1046' title='bbox 1248 2399 1392 2425; x_wconf 88' lang='lat' dir='ltr'>communi</span> <span class='ocrx_word' id='word_1_1047' title='bbox 1407 2398 1506 2433; x_wconf 76' lang='lat' dir='ltr'>alteri,</span> <span class='ocrx_word' id='word_1_1048' title='bbox 1527 2399 1620 2426; x_wconf 87' lang='lat' dir='ltr'>invito</span> <span class='ocrx_word' id='word_1_1049' title='bbox 1636 2397 1741 2433; x_wconf 80' lang='lat' dir='ltr'>altem,</span> <span class='ocrx_word' id='word_1_1050' title='bbox 1763 2398 1818 2427; x_wconf 86' lang='lat' dir='ltr'>sta-</span> 
     </span>
     <span class='ocr_line' id='line_1_135' title="bbox 949 2434 1820 2473; baseline 0.006 -12"><span class='ocrx_word' id='word_1_1051' title='bbox 949 2439 1026 2461; x_wconf 85' lang='lat' dir='ltr'>tuere</span> <span class='ocrx_word' id='word_1_1052' title='bbox 1045 2434 1088 2468; x_wconf 87' lang='lat' dir='ltr'>jus</span> <span class='ocrx_word' id='word_1_1053' title='bbox 1105 2434 1146 2463; x_wconf 82' lang='lat' dir='ltr'>fas</span> <span class='ocrx_word' id='word_1_1054' title='bbox 1160 2442 1218 2462; x_wconf 89' lang='lat' dir='ltr'>non</span> <span class='ocrx_word' id='word_1_1055' title='bbox 1238 2434 1286 2463; x_wconf 86' lang='lat' dir='ltr'>est.</span> <span class='ocrx_word' id='word_1_1056' title='bbox 1324 2435 1379 2464; x_wconf 91' lang='lat' dir='ltr'>Sed</span> <span class='ocrx_word' id='word_1_1057' title='bbox 1395 2436 1472 2470; x_wconf 83' lang='lat' dir='ltr'>dixi,</span> <span class='ocrx_word' id='word_1_1058' title='bbox 1499 2438 1584 2473; x_wconf 81' lang='lat' dir='ltr'>patris</span> <span class='ocrx_word' id='word_1_1059' title='bbox 1606 2436 1659 2465; x_wconf 82' lang='lat' dir='ltr'>esse</span> <span class='ocrx_word' id='word_1_1060' title='bbox 1672 2458 1681 2471; x_wconf 90' lang='lat'>,</span> <span class='ocrx_word' id='word_1_1061' title='bbox 1702 2436 1728 2465; x_wconf 70' lang='grc' dir='ltr'>ὅ(</span> <span class='ocrx_word' id='word_1_1062' title='bbox 1749 2437 1820 2467; x_wconf 81' lang='lat' dir='ltr'>hinc:</span> 
     </span>
     <span class='ocr_line' id='line_1_136' title="bbox 947 2470 1821 2513; baseline 0.006 -14"><span class='ocrx_word' id='word_1_1063' title='bbox 947 2470 1009 2508; x_wconf 83' lang='lat' dir='ltr'>post</span> <span class='ocrx_word' id='word_1_1064' title='bbox 1026 2471 1179 2501; x_wconf 84' lang='lat' dir='ltr'>divortium</span> <span class='ocrx_word' id='word_1_1065' title='bbox 1194 2495 1201 2506; x_wconf 93' lang='lat'>,</span> <span class='ocrx_word' id='word_1_1066' title='bbox 1221 2472 1266 2501; x_wconf 87' lang='lat' dir='ltr'>vel</span> <span class='ocrx_word' id='word_1_1067' title='bbox 1280 2480 1394 2502; x_wconf 90' lang='lat' dir='ltr'>mortuo</span> <span class='ocrx_word' id='word_1_1068' title='bbox 1410 2476 1531 2510; x_wconf 75' lang='lat' dir='ltr'>marim,</span> <span class='ocrx_word' id='word_1_1069' title='bbox 1552 2481 1683 2504; x_wconf 87' lang='lat' dir='ltr'>ventrem</span> <span class='ocrx_word' id='word_1_1070' title='bbox 1707 2475 1821 2513; x_wconf 76' lang='lat' dir='ltr'>inspici.</span> 
     </span>
     <span class='ocr_line' id='line_1_137' title="bbox 948 2509 1819 2551; baseline 0.005 -13"><span class='ocrx_word' id='word_1_1071' title='bbox 948 2510 990 2544; x_wconf 68' lang='grc' dir='ltr'>ἂ,</span> <span class='ocrx_word' id='word_1_1072' title='bbox 1018 2509 1037 2538; x_wconf 83' lang='lat' dir='ltr'><strong>fi</strong></span> <span class='ocrx_word' id='word_1_1073' title='bbox 1059 2511 1160 2540; x_wconf 90' lang='lat' dir='ltr'>mulier</span> <span class='ocrx_word' id='word_1_1074' title='bbox 1179 2513 1361 2540; x_wconf 84' lang='lat' dir='ltr'>renuncietur</span> <span class='ocrx_word' id='word_1_1075' title='bbox 1381 2512 1516 2548; x_wconf 86' lang='lat' dir='ltr'>gravida,</span> <span class='ocrx_word' id='word_1_1076' title='bbox 1540 2513 1684 2542; x_wconf 88' lang='lat' dir='ltr'>custodem</span> <span class='ocrx_word' id='word_1_1077' title='bbox 1707 2515 1819 2551; x_wconf 64' lang='lat' dir='ltr'>apponi?</span> 
     </span>
     <span class='ocr_line' id='line_1_138' title="bbox 947 2547 1818 2590; baseline 0.005 -14"><span class='ocrx_word' id='word_1_1078' title='bbox 947 2550 965 2576; x_wconf 84' lang='lat' dir='ltr'>l.</span> <span class='ocrx_word' id='word_1_1079' title='bbox 989 2557 1014 2576; x_wconf 90' lang='lat'>1.</span> <span class='ocrx_word' id='word_1_1080' title='bbox 1032 2555 1073 2586; x_wconf 84' lang='lat' dir='ltr'>pr.</span> <span class='ocrx_word' id='word_1_1081' title='bbox 1095 2547 1131 2583; x_wconf 64' lang='lat'>&amp;2⁹</span> <span class='ocrx_word' id='word_1_1082' title='bbox 1153 2550 1176 2587; x_wconf 67' lang='lat'>§—</span> <span class='ocrx_word' id='word_1_1083' title='bbox 1202 2558 1245 2579; x_wconf 89' lang='lat'>10.</span> <span class='ocrx_word' id='word_1_1084' title='bbox 1261 2549 1300 2588; x_wconf 85' lang='lat' dir='ltr'>ff.</span> <span class='ocrx_word' id='word_1_1085' title='bbox 1321 2551 1351 2578; x_wconf 85' lang='lat' dir='ltr'>de</span> <span class='ocrx_word' id='word_1_1086' title='bbox 1381 2550 1476 2590; x_wconf 61' lang='lat' dir='ltr'>Injpic.</span> <span class='ocrx_word' id='word_1_1087' title='bbox 1496 2557 1583 2580; x_wconf 67' lang='lat' dir='ltr'>vener.</span> <span class='ocrx_word' id='word_1_1088' title='bbox 1623 2552 1670 2581; x_wconf 93' lang='lat' dir='ltr'>Sic</span> <span class='ocrx_word' id='word_1_1089' title='bbox 1685 2561 1739 2588; x_wconf 86' lang='lat' dir='ltr'>ego</span> <span class='ocrx_word' id='word_1_1090' title='bbox 1754 2553 1818 2580; x_wconf 85' lang='lat' dir='ltr'>bre-</span> 
     </span>
     <span class='ocr_line' id='line_1_139' title="bbox 948 2587 1820 2626; baseline 0.006 -11"><span class='ocrx_word' id='word_1_1091' title='bbox 948 2587 1036 2621; x_wconf 82' lang='lat' dir='ltr'>viter3</span> <span class='ocrx_word' id='word_1_1092' title='bbox 1060 2594 1159 2616; x_wconf 88' lang='lat' dir='ltr'>contra</span> <span class='ocrx_word' id='word_1_1093' title='bbox 1178 2597 1240 2624; x_wconf 80' lang='lat' dir='ltr'>quae</span> <span class='ocrx_word' id='word_1_1094' title='bbox 1261 2596 1292 2616; x_wconf 90' lang='lat' dir='ltr'>tu</span> <span class='ocrx_word' id='word_1_1095' title='bbox 1307 2589 1416 2625; x_wconf 78' lang='lat' dir='ltr'>prolixe</span> <span class='ocrx_word' id='word_1_1096' title='bbox 1438 2590 1463 2619; x_wconf 73' lang='grc' dir='ltr'>δε</span> <span class='ocrx_word' id='word_1_1097' title='bbox 1484 2592 1586 2619; x_wconf 84' lang='lat' dir='ltr'>acriter</span> <span class='ocrx_word' id='word_1_1098' title='bbox 1604 2590 1735 2626; x_wconf 69' lang='lat' dir='ltr'>insurgis,</span> <span class='ocrx_word' id='word_1_1099' title='bbox 1756 2594 1820 2619; x_wconf 73' lang='lat' dir='ltr'>ute-v</span> 
     </span>
     <span class='ocr_line' id='line_1_140' title="bbox 949 2625 1817 2665; baseline 0.005 -12"><span class='ocrx_word' id='word_1_1100' title='bbox 949 2634 1010 2653; x_wconf 86' lang='lat' dir='ltr'>rum</span> <span class='ocrx_word' id='word_1_1101' title='bbox 1027 2625 1077 2654; x_wconf 90' lang='lat' dir='ltr'>soli</span> <span class='ocrx_word' id='word_1_1102' title='bbox 1097 2627 1207 2655; x_wconf 84' lang='lat' dir='ltr'>mulieri</span> <span class='ocrx_word' id='word_1_1103' title='bbox 1221 2627 1381 2657; x_wconf 81' lang='lat' dir='ltr'>vindicans.</span> <span class='ocrx_word' id='word_1_1104' title='bbox 1420 2629 1457 2657; x_wconf 87' lang='lat' dir='ltr'>Et</span> <span class='ocrx_word' id='word_1_1105' title='bbox 1477 2635 1570 2658; x_wconf 87' lang='lat' dir='ltr'>tamen</span> <span class='ocrx_word' id='word_1_1106' title='bbox 1585 2630 1711 2665; x_wconf 79' lang='lat' dir='ltr'>agnoscis</span> <span class='ocrx_word' id='word_1_1107' title='bbox 1725 2651 1732 2662; x_wconf 96' lang='lat'>,</span> <span class='ocrx_word' id='word_1_1108' title='bbox 1751 2636 1817 2658; x_wconf 84' lang='lat' dir='ltr'>curn</span> 
     </span>
     <span class='ocr_line' id='line_1_141' title="bbox 949 2663 1818 2704; baseline 0.003 -12"><span class='ocrx_word' id='word_1_1109' title='bbox 949 2663 1012 2700; x_wconf 85' lang='lat' dir='ltr'>post</span> <span class='ocrx_word' id='word_1_1110' title='bbox 1028 2664 1180 2694; x_wconf 88' lang='lat' dir='ltr'>divortium</span> <span class='ocrx_word' id='word_1_1111' title='bbox 1196 2666 1312 2695; x_wconf 84' lang='lat' dir='ltr'>maritus</span> <span class='ocrx_word' id='word_1_1112' title='bbox 1334 2675 1450 2695; x_wconf 83' lang='lat' dir='ltr'>uxorem</span> <span class='ocrx_word' id='word_1_1113' title='bbox 1467 2674 1656 2704; x_wconf 59' lang='lat' dir='ltr'>pregnantem</span> <span class='ocrx_word' id='word_1_1114' title='bbox 1670 2667 1724 2696; x_wconf 81' lang='lat' dir='ltr'>ess‘e</span> <span class='ocrx_word' id='word_1_1115' title='bbox 1740 2666 1818 2695; x_wconf 82' lang='lat' dir='ltr'>dice-</span> 
     </span>
     <span class='ocr_line' id='line_1_142' title="bbox 947 2702 1815 2742; baseline 0.005 -12"><span class='ocrx_word' id='word_1_1116' title='bbox 947 2708 1005 2737; x_wconf 88' lang='lat' dir='ltr'>ret,</span> <span class='ocrx_word' id='word_1_1117' title='bbox 1026 2702 1052 2731; x_wconf 84' lang='lat'>&amp;</span> <span class='ocrx_word' id='word_1_1118' title='bbox 1068 2702 1113 2731; x_wconf 88' lang='lat' dir='ltr'>illa</span> <span class='ocrx_word' id='word_1_1119' title='bbox 1135 2710 1267 2740; x_wconf 80' lang='lat' dir='ltr'>negaret,</span> <span class='ocrx_word' id='word_1_1120' title='bbox 1297 2713 1315 2732; x_wconf 73' lang='lat' dir='ltr'>a</span> <span class='ocrx_word' id='word_1_1121' title='bbox 1328 2706 1412 2734; x_wconf 85' lang='lat' dir='ltr'>Divis</span> <span class='ocrx_word' id='word_1_1122' title='bbox 1427 2707 1569 2734; x_wconf 85' lang='lat' dir='ltr'>Fratribus</span> <span class='ocrx_word' id='word_1_1123' title='bbox 1585 2706 1749 2742; x_wconf 82' lang='lat' dir='ltr'>rescriptum</span> <span class='ocrx_word' id='word_1_1124' title='bbox 1773 2714 1815 2734; x_wconf 83' lang='lat' dir='ltr'>es-</span> 
     </span>
     <span class='ocr_line' id='line_1_143' title="bbox 948 2741 1815 2780; baseline 0.003 -11"><span class='ocrx_word' id='word_1_1125' title='bbox 948 2741 989 2775; x_wconf 87' lang='lat' dir='ltr'>se,</span> <span class='ocrx_word' id='word_1_1126' title='bbox 1010 2742 1212 2779; x_wconf 88' lang='lat' dir='ltr'>inspiciendam</span> <span class='ocrx_word' id='word_1_1127' title='bbox 1233 2743 1397 2778; x_wconf 84' lang='lat' dir='ltr'>mulierem,</span> <span class='ocrx_word' id='word_1_1128' title='bbox 1421 2744 1464 2777; x_wconf 75' lang='grc' dir='ltr'>δε,</span> <span class='ocrx_word' id='word_1_1129' title='bbox 1492 2744 1512 2773; x_wconf 90' lang='lat' dir='ltr'>fi</span> <span class='ocrx_word' id='word_1_1130' title='bbox 1528 2745 1708 2772; x_wconf 88' lang='lat' dir='ltr'>renuncietur</span> <span class='ocrx_word' id='word_1_1131' title='bbox 1723 2744 1815 2780; x_wconf 85' lang='lat' dir='ltr'>gravi-</span> 
     </span>
     <span class='ocr_line' id='line_1_144' title="bbox 947 2780 1818 2816; baseline 0.005 -8"><span class='ocrx_word' id='word_1_1132' title='bbox 947 2780 1000 2816; x_wconf 80' lang='lat' dir='ltr'>da,</span> <span class='ocrx_word' id='word_1_1133' title='bbox 1031 2787 1157 2810; x_wconf 87' lang='lat' dir='ltr'>ventrem</span> <span class='ocrx_word' id='word_1_1134' title='bbox 1182 2781 1236 2810; x_wconf 75' lang='lat' dir='ltr'>esse</span> <span class='ocrx_word' id='word_1_1135' title='bbox 1256 2781 1480 2811; x_wconf 83' lang='lat' dir='ltr'>custodiendum.</span> <span class='ocrx_word' id='word_1_1136' title='bbox 1521 2783 1567 2812; x_wconf 85' lang='lat' dir='ltr'>Sic</span> <span class='ocrx_word' id='word_1_1137' title='bbox 1591 2782 1630 2810; x_wconf 80' lang='lat' dir='ltr'>est</span> <span class='ocrx_word' id='word_1_1138' title='bbox 1645 2783 1673 2810; x_wconf 87' lang='lat' dir='ltr'>in</span> <span class='ocrx_word' id='word_1_1139' title='bbox 1694 2781 1719 2810; x_wconf 87' lang='lat' dir='ltr'>d.</span> <span class='ocrx_word' id='word_1_1140' title='bbox 1741 2782 1759 2810; x_wconf 87' lang='lat' dir='ltr'>l.</span> <span class='ocrx_word' id='word_1_1141' title='bbox 1784 2790 1818 2812; x_wconf 88' lang='lat'>1.</span> 
     </span>
     <span class='ocr_line' id='line_1_145' title="bbox 944 2819 1814 2857; baseline 0.001 -10"><span class='ocrx_word' id='word_1_1142' title='bbox 944 2825 984 2855; x_wconf 82' lang='lat' dir='ltr'>pr.</span> <span class='ocrx_word' id='word_1_1143' title='bbox 1005 2827 1090 2856; x_wconf 81' lang='lat' dir='ltr'>quarn</span> <span class='ocrx_word' id='word_1_1144' title='bbox 1105 2821 1151 2848; x_wconf 93' lang='lat' dir='ltr'>hic</span> <span class='ocrx_word' id='word_1_1145' title='bbox 1167 2826 1272 2854; x_wconf 78' lang='lat' dir='ltr'>totam,</span> <span class='ocrx_word' id='word_1_1146' title='bbox 1295 2828 1347 2857; x_wconf 84' lang='lat' dir='ltr'>pro</span> <span class='ocrx_word' id='word_1_1147' title='bbox 1363 2829 1457 2854; x_wconf 86' lang='lat' dir='ltr'>more,</span> <span class='ocrx_word' id='word_1_1148' title='bbox 1472 2820 1612 2849; x_wconf 83' lang='lat' dir='ltr'>describis.</span> <span class='ocrx_word' id='word_1_1149' title='bbox 1655 2819 1709 2847; x_wconf 89' lang='lat' dir='ltr'>Cui</span> <span class='ocrx_word' id='word_1_1150' title='bbox 1724 2819 1814 2855; x_wconf 82' lang='lat' dir='ltr'>bono,</span> 
     </span>
     <span class='ocr_line' id='line_1_146' title="bbox 946 2858 1814 2896; baseline 0.002 -11"><span class='ocrx_word' id='word_1_1151' title='bbox 946 2859 974 2886; x_wconf 87' lang='lat' dir='ltr'>in</span> <span class='ocrx_word' id='word_1_1152' title='bbox 996 2858 1049 2886; x_wconf 81' lang='lat' dir='ltr'>hac</span> <span class='ocrx_word' id='word_1_1153' title='bbox 1073 2859 1163 2896; x_wconf 86' lang='lat' dir='ltr'>specie</span> <span class='ocrx_word' id='word_1_1154' title='bbox 1177 2880 1184 2892; x_wconf 88' lang='lat'>‚</span> <span class='ocrx_word' id='word_1_1155' title='bbox 1214 2859 1306 2887; x_wconf 85' lang='lat' dir='ltr'>custos</span> <span class='ocrx_word' id='word_1_1156' title='bbox 1329 2859 1480 2895; x_wconf 82' lang='lat' dir='ltr'>apponitur</span> <span class='ocrx_word' id='word_1_1157' title='bbox 1495 2859 1509 2887; x_wconf 73' lang='lat'>⁸?</span> <span class='ocrx_word' id='word_1_1158' title='bbox 1535 2866 1588 2893; x_wconf 88' lang='lat' dir='ltr'>ne,</span> <span class='ocrx_word' id='word_1_1159' title='bbox 1616 2863 1647 2886; x_wconf 90' lang='lat' dir='ltr'>ut</span> <span class='ocrx_word' id='word_1_1160' title='bbox 1669 2865 1734 2886; x_wconf 82' lang='lat' dir='ltr'>mox</span> <span class='ocrx_word' id='word_1_1161' title='bbox 1749 2860 1789 2887; x_wconf 78' lang='lat' dir='ltr'>ais</span> <span class='ocrx_word' id='word_1_1162' title='bbox 1803 2880 1814 2892; x_wconf 88' lang='lat'>,</span> 
     </span>
     <span class='ocr_line' id='line_1_147' title="bbox 946 2895 1816 2934; baseline 0.001 -9"><span class='ocrx_word' id='word_1_1163' title='bbox 946 2895 1109 2931; x_wconf 85' lang='lat' dir='ltr'>subjiciatur</span> <span class='ocrx_word' id='word_1_1164' title='bbox 1137 2903 1243 2934; x_wconf 87' lang='lat' dir='ltr'>partus.</span> <span class='ocrx_word' id='word_1_1165' title='bbox 1289 2897 1399 2933; x_wconf 89' lang='lat' dir='ltr'>Atquin</span> <span class='ocrx_word' id='word_1_1166' title='bbox 1420 2897 1469 2924; x_wconf 87' lang='lat' dir='ltr'>ubi</span> <span class='ocrx_word' id='word_1_1167' title='bbox 1492 2897 1591 2924; x_wconf 85' lang='lat' dir='ltr'>mulier</span> <span class='ocrx_word' id='word_1_1168' title='bbox 1615 2896 1641 2923; x_wconf 89' lang='lat' dir='ltr'>se</span> <span class='ocrx_word' id='word_1_1169' title='bbox 1666 2897 1816 2932; x_wconf 78' lang='lat' dir='ltr'>gravidam</span> 
     </span>
     <span class='ocr_line' id='line_1_148' title="bbox 945 2934 1816 2971; baseline 0.001 -8"><span class='ocrx_word' id='word_1_1170' title='bbox 945 2941 1048 2970; x_wconf 85' lang='lat' dir='ltr'>negat,</span> <span class='ocrx_word' id='word_1_1171' title='bbox 1077 2935 1230 2964; x_wconf 83' lang='lat' dir='ltr'>metuenda</span> <span class='ocrx_word' id='word_1_1172' title='bbox 1252 2935 1349 2971; x_wconf 86' lang='lat' dir='ltr'>utique</span> <span class='ocrx_word' id='word_1_1173' title='bbox 1371 2943 1430 2962; x_wconf 89' lang='lat' dir='ltr'>non</span> <span class='ocrx_word' id='word_1_1174' title='bbox 1447 2934 1486 2963; x_wconf 86' lang='lat' dir='ltr'>est</span> <span class='ocrx_word' id='word_1_1175' title='bbox 1504 2934 1635 2968; x_wconf 69' lang='lat' dir='ltr'>subjectio</span> <span class='ocrx_word' id='word_1_1176' title='bbox 1650 2941 1760 2970; x_wconf 84' lang='lat' dir='ltr'>partus,</span> <span class='ocrx_word' id='word_1_1177' title='bbox 1781 2941 1816 2964; x_wconf 87' lang='lat' dir='ltr'>ut</span> 
     </span>
     <span class='ocr_line' id='line_1_149' title="bbox 946 2972 1816 3011; baseline 0.002 -10"><span class='ocrx_word' id='word_1_1178' title='bbox 946 2974 1005 3001; x_wconf 78' lang='lat' dir='ltr'>haec</span> <span class='ocrx_word' id='word_1_1179' title='bbox 1028 2973 1067 3001; x_wconf 75' lang='lat' dir='ltr'>est</span> <span class='ocrx_word' id='word_1_1180' title='bbox 1091 2973 1257 3006; x_wconf 82' lang='lat' dir='ltr'>metuenda,</span> <span class='ocrx_word' id='word_1_1181' title='bbox 1287 2973 1306 3000; x_wconf 90' lang='lat' dir='ltr'>fi</span> <span class='ocrx_word' id='word_1_1182' title='bbox 1330 2972 1474 3008; x_wconf 83' lang='lat' dir='ltr'>gravidam</span> <span class='ocrx_word' id='word_1_1183' title='bbox 1493 2973 1518 3000; x_wconf 89' lang='lat' dir='ltr'>se</span> <span class='ocrx_word' id='word_1_1184' title='bbox 1534 2972 1588 3000; x_wconf 79' lang='lat' dir='ltr'>effe</span> <span class='ocrx_word' id='word_1_1185' title='bbox 1609 2973 1680 3007; x_wconf 83' lang='lat' dir='ltr'>ajat,</span> <span class='ocrx_word' id='word_1_1186' title='bbox 1703 2973 1738 3001; x_wconf 89' lang='lat' dir='ltr'>de</span> <span class='ocrx_word' id='word_1_1187' title='bbox 1758 2982 1816 3011; x_wconf 79' lang='lat' dir='ltr'>qua</span> 
     </span>
     <span class='ocr_line' id='line_1_150' title="bbox 947 3010 1817 3048; baseline 0.002 -8"><span class='ocrx_word' id='word_1_1188' title='bbox 947 3012 1036 3048; x_wconf 86' lang='lat' dir='ltr'>specie</span> <span class='ocrx_word' id='word_1_1189' title='bbox 1052 3010 1090 3039; x_wconf 83' lang='lat' dir='ltr'>est</span> <span class='ocrx_word' id='word_1_1190' title='bbox 1109 3012 1236 3040; x_wconf 63' lang='lat' dir='ltr'>Edietum</span> <span class='ocrx_word' id='word_1_1191' title='bbox 1253 3010 1421 3040; x_wconf 85' lang='lat' dir='ltr'>Praetorisin</span> <span class='ocrx_word' id='word_1_1192' title='bbox 1449 3010 1474 3039; x_wconf 82' lang='lat' dir='ltr'>d.</span> <span class='ocrx_word' id='word_1_1193' title='bbox 1495 3012 1513 3039; x_wconf 83' lang='lat' dir='ltr'>l.</span> <span class='ocrx_word' id='word_1_1194' title='bbox 1539 3019 1563 3038; x_wconf 91' lang='lat'>1.</span> <span class='ocrx_word' id='word_1_1195' title='bbox 1585 3010 1609 3047; x_wconf 64' lang='lat'>§-</span> <span class='ocrx_word' id='word_1_1196' title='bbox 1634 3020 1677 3041; x_wconf 66' lang='grc' dir='ltr'>ιο.</span> <span class='ocrx_word' id='word_1_1197' title='bbox 1700 3013 1768 3040; x_wconf 91' lang='lat' dir='ltr'>Non</span> <span class='ocrx_word' id='word_1_1198' title='bbox 1786 3022 1817 3042; x_wconf 83' lang='lat' dir='ltr'>a·</span> 
     </span>
     <span class='ocr_line' id='line_1_151' title="bbox 946 3048 1814 3086; baseline 0.002 -8"><span class='ocrx_word' id='word_1_1199' title='bbox 946 3050 1011 3078; x_wconf 86' lang='lat' dir='ltr'>iiam</span> <span class='ocrx_word' id='word_1_1200' title='bbox 1035 3049 1199 3085; x_wconf 84' lang='lat' dir='ltr'>inspiciendi</span> <span class='ocrx_word' id='word_1_1201' title='bbox 1222 3048 1456 3086; x_wconf 84' lang='lat' dir='ltr'>custodiendique</span> <span class='ocrx_word' id='word_1_1202' title='bbox 1480 3050 1584 3077; x_wconf 84' lang='lat' dir='ltr'>ventris</span> <span class='ocrx_word' id='word_1_1203' title='bbox 1605 3050 1714 3078; x_wconf 86' lang='lat' dir='ltr'>causam</span> <span class='ocrx_word' id='word_1_1204' title='bbox 1737 3050 1814 3080; x_wconf 87' lang='lat' dir='ltr'>adse-</span> 
     </span>
     <span class='ocr_line' id='line_1_152' title="bbox 947 3087 1819 3125; baseline 0.003 -10"><span class='ocrx_word' id='word_1_1205' title='bbox 947 3096 1033 3125; x_wconf 84' lang='lat' dir='ltr'>quor,</span> <span class='ocrx_word' id='word_1_1206' title='bbox 1064 3088 1112 3116; x_wconf 87' lang='lat' dir='ltr'>ubi</span> <span class='ocrx_word' id='word_1_1207' title='bbox 1137 3088 1236 3116; x_wconf 82' lang='lat' dir='ltr'>mulier</span> <span class='ocrx_word' id='word_1_1208' title='bbox 1259 3087 1284 3115; x_wconf 91' lang='lat' dir='ltr'>se</span> <span class='ocrx_word' id='word_1_1209' title='bbox 1300 3088 1446 3122; x_wconf 84' lang='lat' dir='ltr'>gravidam</span> <span class='ocrx_word' id='word_1_1210' title='bbox 1467 3095 1569 3123; x_wconf 78' lang='lat' dir='ltr'>negat,</span> <span class='ocrx_word' id='word_1_1211' title='bbox 1590 3096 1673 3123; x_wconf 87' lang='lat' dir='ltr'>quam</span> <span class='ocrx_word' id='word_1_1212' title='bbox 1687 3097 1722 3117; x_wconf 89' lang='lat' dir='ltr'>ne</span> <span class='ocrx_word' id='word_1_1213' title='bbox 1734 3090 1819 3119; x_wconf 83' lang='lat' dir='ltr'>mari-</span> 
     </span>
     <span class='ocr_line' id='line_1_153' title="bbox 947 3125 1817 3165; baseline 0.005 -12"><span class='ocrx_word' id='word_1_1214' title='bbox 947 3134 1009 3158; x_wconf 87' lang='lat' dir='ltr'>tus,</span> <span class='ocrx_word' id='word_1_1215' title='bbox 1038 3126 1085 3161; x_wconf 81' lang='lat' dir='ltr'>qui</span> <span class='ocrx_word' id='word_1_1216' title='bbox 1109 3125 1134 3154; x_wconf 93' lang='lat' dir='ltr'>se</span> <span class='ocrx_word' id='word_1_1217' title='bbox 1157 3133 1264 3162; x_wconf 86' lang='lat' dir='ltr'>patrem</span> <span class='ocrx_word' id='word_1_1218' title='bbox 1289 3132 1393 3162; x_wconf 79' lang='lat' dir='ltr'>optat,</span> <span class='ocrx_word' id='word_1_1219' title='bbox 1415 3126 1509 3154; x_wconf 89' lang='lat' dir='ltr'>liberis</span> <span class='ocrx_word' id='word_1_1220' title='bbox 1525 3127 1669 3163; x_wconf 84' lang='lat' dir='ltr'>privetur,</span> <span class='ocrx_word' id='word_1_1221' title='bbox 1689 3135 1773 3165; x_wconf 86' lang='lat' dir='ltr'>quam</span> <span class='ocrx_word' id='word_1_1222' title='bbox 1795 3129 1817 3157; x_wconf 90' lang='lat' dir='ltr'>i-</span> 
     </span>
     <span class='ocr_line' id='line_1_154' title="bbox 947 3164 1819 3202; baseline 0.005 -10"><span class='ocrx_word' id='word_1_1223' title='bbox 947 3164 1022 3201; x_wconf 87' lang='lat' dir='ltr'>psam</span> <span class='ocrx_word' id='word_1_1224' title='bbox 1039 3164 1178 3192; x_wconf 82' lang='lat' dir='ltr'>rationem</span> <span class='ocrx_word' id='word_1_1225' title='bbox 1196 3164 1335 3200; x_wconf 81' lang='lat' dir='ltr'>Ulpianus</span> <span class='ocrx_word' id='word_1_1226' title='bbox 1352 3165 1442 3193; x_wconf 86' lang='lat' dir='ltr'>innuit</span> <span class='ocrx_word' id='word_1_1227' title='bbox 1465 3166 1492 3193; x_wconf 91' lang='lat' dir='ltr'>in</span> <span class='ocrx_word' id='word_1_1228' title='bbox 1514 3166 1540 3194; x_wconf 80' lang='lat' dir='ltr'>cl.</span> <span class='ocrx_word' id='word_1_1229' title='bbox 1563 3165 1581 3193; x_wconf 84' lang='lat' dir='ltr'>l.</span> <span class='ocrx_word' id='word_1_1230' title='bbox 1606 3173 1629 3193; x_wconf 88' lang='lat'>1.</span> <span class='ocrx_word' id='word_1_1231' title='bbox 1650 3165 1676 3202; x_wconf 76' lang='lat'>§.</span> <span class='ocrx_word' id='word_1_1232' title='bbox 1695 3173 1721 3201; x_wconf 86' lang='lat'>3.</span> <span class='ocrx_word' id='word_1_1233' title='bbox 1759 3166 1819 3196; x_wconf 85' lang='lat' dir='ltr'>Sed</span> 
     </span>
     <span class='ocr_line' id='line_1_155' title="bbox 949 3202 1834 3239; baseline 0.003 -8"><span class='ocrx_word' id='word_1_1234' title='bbox 949 3210 980 3231; x_wconf 90' lang='lat' dir='ltr'>tu</span> <span class='ocrx_word' id='word_1_1235' title='bbox 1003 3202 1107 3231; x_wconf 81' lang='lat' dir='ltr'>videris</span> <span class='ocrx_word' id='word_1_1236' title='bbox 1133 3208 1172 3230; x_wconf 75' lang='lat' dir='ltr'>eo⁴</span> <span class='ocrx_word' id='word_1_1237' title='bbox 1192 3204 1299 3231; x_wconf 82' lang='lat' dir='ltr'>moveri</span> <span class='ocrx_word' id='word_1_1238' title='bbox 1316 3225 1324 3237; x_wconf 92' lang='lat'>,</span> <span class='ocrx_word' id='word_1_1239' title='bbox 1352 3203 1432 3239; x_wconf 87' lang='lat' dir='ltr'>quod</span> <span class='ocrx_word' id='word_1_1240' title='bbox 1451 3204 1520 3232; x_wconf 91' lang='lat' dir='ltr'>Divi</span> <span class='ocrx_word' id='word_1_1241' title='bbox 1537 3204 1663 3239; x_wconf 71' lang='lat' dir='ltr'>Fratres,</span> <span class='ocrx_word' id='word_1_1242' title='bbox 1684 3211 1716 3234; x_wconf 83' lang='lat' dir='ltr'>ut</span> <span class='ocrx_word' id='word_1_1243' title='bbox 1736 3203 1770 3233; x_wconf 85' lang='lat' dir='ltr'>de</span> <span class='ocrx_word' id='word_1_1244' title='bbox 1788 3214 1834 3234; x_wconf 84' lang='lat' dir='ltr'>re-</span> 
     </span>
     <span class='ocr_line' id='line_1_156' title="bbox 947 3240 1822 3314; baseline -0.001 -42"><span class='ocrx_word' id='word_1_1245' title='bbox 947 3249 1025 3272; x_wconf 80' lang='lat' dir='ltr'>nova</span> <span class='ocrx_word' id='word_1_1246' title='bbox 1051 3240 1239 3314; x_wconf 59' lang='lat' dir='ltr'>rescripseErint</span> <span class='ocrx_word' id='word_1_1247' title='bbox 1256 3262 1263 3275; x_wconf 90' lang='lat'>‚</span> <span class='ocrx_word' id='word_1_1248' title='bbox 1295 3240 1340 3271; x_wconf 87' lang='lat' dir='ltr'>sed</span> <span class='ocrx_word' id='word_1_1249' title='bbox 1369 3241 1437 3273; x_wconf 84' lang='lat' dir='ltr'>ideo</span> <span class='ocrx_word' id='word_1_1250' title='bbox 1458 3251 1525 3273; x_wconf 71' lang='lat' dir='ltr'>nova</span> <span class='ocrx_word' id='word_1_1251' title='bbox 1542 3264 1550 3279; x_wconf 89' lang='lat'>‚</span> <span class='ocrx_word' id='word_1_1252' title='bbox 1579 3243 1822 3311; x_wconf 50' lang='lat' dir='ltr'>quemadmodgp</span> 
     </span>
    </p>

    <p class='ocr_par' dir='ltr' id='par_1_14' title="bbox 1206 3287 1821 3314">
     <span class='ocr_line' id='line_1_157' title="bbox 1206 3287 1821 3314; baseline 0.005 -5"><span class='ocrx_word' id='word_1_1253' title='bbox 1206 3287 1221 3309; x_wconf 80' lang='lat' dir='ltr'>e</span> <span class='ocrx_word' id='word_1_1254' title='bbox 1243 3288 1258 3308; x_wconf 87' lang='lat' dir='ltr'>e</span> <span class='ocrx_word' id='word_1_1255' title='bbox 1275 3287 1290 3314; x_wconf 80' lang='lat'>3</span> <span class='ocrx_word' id='word_1_1256' title='bbox 1810 3293 1821 3304; x_wconf 72' lang='lat'>-2</span> 
     </span>
    </p>
   </div>
  </div>
 </body>
</html>
