2008 3436
154 110 594 151 ossaRvArioNuM
644 110 778 160 Jums
828 110 1039 148 ROMAN1
1087 112 1174 148 Lm.
1203 113 1272 150 iv.
1325 115 1363 151 e.
1390 114 1504 154 xxii.
1532 116 1664 155 xxiii.

35 198 126 239 isius
149 195 355 234 hereditatis,
387 192 471 235 quod
498 192 611 224 iterum
636 191 774 234 sequitur
800 190 897 232 Hugo

35 207 170 274 grotius
194 240 224 270 in
248 237 327 269 Flor.
342 237 428 278 spur.
449 234 486 266 ad
509 237 536 266 h.
559 235 599 267 L.
622 233 672 266 scd
692 234 748 266 vix
766 231 812 280 cst
827 257 844 280 ,ι
862 242 898 265 ut

36 283 117 316 bene
131 281 238 312 habeat
252 303 261 319 ,
287 279 330 311 ita
350 277 433 310 enim
454 276 501 308 bis
525 278 590 305 navve
610 275 630 307 ἒξ
652 281 722 306 αὐτῆ
745 274 895 314 dixisset,

36 333 101 357 non
121 332 155 355 ut
174 322 219 353 illi
238 322 268 352 in
292 321 311 352 1.
336 329 361 352 1.
387 317 414 360 ὃ.
441 328 467 359 7.
488 317 529 365 ff;
548 319 582 350 de
604 317 706 366 AEdil3
728 316 832 350 Εαῐὲῖ.
856 325 897 348 ne

35 375 95 407 qua
117 363 273 395 dubitatio
302 359 484 402 superesset,
512 360 561 392 led
583 369 618 391 ut
648 369 770 401 major,
805 368 895 406 nam,

58 415 131 438 uum
146 405 185 436 de
199 403 337 442 defuneio
352 403 381 434 ὁ(
398 403 508 433 haereae
530 401 646 434 dixerit
658 423 668 441 ,
692 402 765 443 quid
781 409 898 433 attinet

34 416 74 479 ge
96 447 264 478 hereditate
286 445 405 483 dicere,
431 443 461 474 δι
478 443 526 475 bis
549 443 724 483 inculcare,
749 453 818 485 quae
846 442 896 482 Ju-

36 489 78 522 ris
93 487 187 520 sunt?
210 485 347 525 constat,
365 493 592 526 quemcumque
605 484 708 517 actum
722 495 781 527 pro
800 484 896 515 liaere-

35 530 133 562 ditate
146 528 240 560 alium
255 527 316 560 ess'e
335 536 398 559 non
421 525 526 566 poss‘e,
550 535 642 567 quam
687 537 723 559 ro
746 525 897 558 defuncto

33 578 86 602 aut
101 579 158 612 pro
179 569 307 602 haeredc.
352 568 462 600 Taceo
481 567 639 600 audaciam
673 569 818 600 acinoris.
856 566 897 598 A·

34 613 75 644 lia
86 611 278 653 exagitandos
297 609 506 642 emendationi
524 609 716 650 conquisivit
735 607 897 643 Salmasius

34 654 164 694 Observ.
187 654 224 684 ad
246 652 310 693 Jus
328 651 401 682 Ait.
423 650 460 686 ὅ)
484 651 568 682 Rom.
595 651 627 683 C.
641 651 750 685 XXV.
773 659 804 693 p.
819 659 895 691 554.

33 694 70 731 ὅ)
103 705 146 737 eq.
177 704 247 736 quae
271 703 375 726 tamen
401 693 500 725 nolim
524 701 592 724 mea
616 691 730 725 facere.
777 693 898 738 Interea

31 746 70 769 au
102 746 138 769 or
159 735 242 774 sum,
266 734 429 777 sequamur
444 733 629 766 sententiam
645 733 779 767 Salmasii
797 758 806 774 ,
828 743 897 780 *exi-

32 777 203 817 stimantis,
230 778 260 809 in
280 776 389 808 ordine
405 776 435 808 ὃ(
451 775 681 808 vocabulorum
700 774 899 808 distinctione

31 820 85 853 hic
102 819 164 851 ess'e
179 819 312 857 vitium;
335 817 420 859 quod
433 816 554 855 aberit,
577 816 599 849 si
616 817 658 850 ita
676 818 813 859 legamus
832 827 840 848 t
865 828 897 847 u—

34 869 117 894 trum
136 862 285 903 negotium
309 863 376 900 quis
403 860 452 891 vel
473 858 610 899 defunffl
630 859 678 891 vel
702 859 824 890 Daeredis
844 868 895 899 ge-

33 906 78 936 rit
90 926 100 942 ‚
122 913 162 935 on
181 913 251 934 vero
265 901 355 945 ipfiys
367 902 564 933 burnaniccitis
576 924 585 937 ‚
609 902 658 933 vel
676 901 894 941 misericordiae,

33 946 84 978 vel
95 947 227 986 pietati,
244 944 294 975 vel
309 943 460 985 affectioni
479 944 624 974 trione-ns.
671 941 795 987 Nempe
816 950 892 987 con-

34 986 175 1019 fidei-abit
189 986 323 1024 arbiter,
340 994 398 1022 an,
424 983 476 1024 qui
496 982 590 1014 funus
609 983 804 1022 condiderat,
829 992 892 1029 ani:

32 1038 87 1060 mo
103 1026 260 1069 repetendi
277 1025 416 1066 sumptus
437 1024 622 1064 expenderit
637 1047 648 1063 ,
671 1034 708 1055 an
732 1033 894 1055 communi

56 1070 150 1101 ietate
167 1068 197 1100 δι
212 1065 447 1104 benevolentia,
473 1074 565 1106 quam
582 1065 678 1097 homo
697 1065 818 1096 honuni
842 1064 893 1096 de-

74 1119 104 1149 t;
149 1108 212 1140 uod
224 1108 336 1140 deinde
351 1105 508 1148 restringit
529 1106 679 1148 Ulpianus
696 1107 727 1138 in
744 1106 823 1142 vers.
845 1113 892 1153 po-

32 1151 99 1192 test.
173 1158 264 1181 ocem
288 1151 506 1189 burnanitotis,
530 1147 696 1189 posteriori
720 1146 893 1189 praese1·[lm

35 1200 143 1230 necate,
175 1191 237 1223 hoc
264 1189 352 1223 sensu
385 1199 546 1231 acceptam
571 1189 695 1221 Gellius
726 1190 893 1221 annotavit

31 1234 124 1266 Noa.
148 1233 218 1265 Act.
244 1232 282 1265 L.
305 1231 396 1265 XIII.
422 1232 453 1263 C.
484 1241 530 1272 15.
556 1231 587 1263 ὅς
603 1231 751 1273 quicquid
767 1239 892 1278 contra-

31 1276 114 1307 dicat
129 1274 303 1312 Heraldus‚
326 1273 424 1315 proba
438 1273 522 1305 recta
536 1282 661 1319 quoque
683 1271 727 1304 est
739 1272 873 1319 ,locutio
882 1294 893 1311 ,

30 1319 180 1359 negotium
197 1326 302 1358 gerere
323 1316 540 1352 butnanitatis3
564 1323 720 1356 gemmam
735 1324 768 1347 m
784 1313 894 1346 Petro-

1743 127 1810 164 125

939 191 994 224 nio
1025 191 1207 225 observavit
1232 194 1396 227 Salmasius
1420 198 1449 228 d.
1472 199 1526 230 loc.
1550 199 1719 240 pluresque
1740 199 1817 230 alias

940 233 1051 265 Petrus
1075 233 1174 267 Faber
1199 235 1237 267 L.
1262 234 1302 267 ll.
1329 236 1469 277 Semestr.
1495 241 1527 272 C.
1554 250 1581 271 1.
1628 240 1680 273 Illi
1708 249 1815 272 autem

938 283 1052 317 gerunt
1071 275 1276 309 humanitatis
1293 279 1477 319 negotium,
1497 282 1569 322 qui,
1590 290 1626 313 ut
1645 282 1676 314 id
1695 281 1816 314 extulit

939 319 961 350 l.
987 326 1015 350 Ι.
1039 317 1071 350 C.
1094 321 1129 350 de
1151 318 1264 360 Negot.
1284 320 1361 361 gest.
1382 331 1505 354 munere
1520 325 1645 362 pietatis
1666 324 1813 366 fungun-

941 366 1013 400 tur,
1037 369 1097 391 nec
1113 361 1282 402 quicquam
1300 364 1479 404 recepturi,
1499 363 1576 403 soli,
1602 366 1688 405 quod
1703 373 1814 408 agunt,

940 403 1126 434 humanitati
1146 403 1294 443 praeslanc
1317 404 1337 435 l.
1351 414 1403 436 20.
1427 406 1463 437 de
1487 404 1579 445 Posti.
1594 410 1706 448 revers
1730 408 1812 440 l’rae-

942 451 989 475 ter
1006 444 1176 485 Ulpianum
1188 445 1293 487 paffim
1311 455 1437 488 quoque
1455 448 1508 479 alii
1529 447 1682 479 Auctor-es
1697 448 1815 490 gratui-

942 494 1005 517 tam
1028 484 1215 527 sepulturam
1240 488 1424 520 hzmzanitaii
1449 490 1629 521 tribuerunt
1647 512 1656 529 ‚
1681 490 1734 521 vel
1759 489 1818 520 liae

941 526 1004 568 ipsa
1020 537 1120 563 voce,
1146 529 1197 560 vel
1214 529 1291 567 alia,
1316 540 1386 571 quae
1405 530 1544 571 ejusdem
1563 530 1600 563 fit
1615 531 1818 572 significatio—

942 569 1005 600 nis:
1044 568 1137 601 Plura
1163 570 1317 609 ejusmodi
1346 572 1416 604 loca
1441 573 1552 609 attulit
1580 571 1680 604 Faber
1704 575 1734 605 ci.
1758 573 1814 605 loc.

941 612 971 643 δι
988 609 1123 642 Grotius
1148 613 1183 642 (le
1202 612 1284 652 Jure
1307 613 1344 647 B.
1368 613 1404 648 &⁴
1427 613 1464 646 P.
1490 614 1530 646 L.
1554 613 1593 646 IL
1617 614 1650 646 C.
1679 624 1724 653 19.
1772 613 1812 646 E-

939 662 981 693 go
998 652 1079 683 addo
1098 651 1223 685 Gloss'as
1249 654 1392 688 Petronii
1409 656 1440 688 in
1459 656 1558 688 verbo
1584 657 1742 688 tralaticia
1760 657 1814 688 hu-

940 697 1088 726 manitas:
1112 693 1129 734 ζ
1140 694 1180 726 fic
1198 696 1282 728 enim
1299 696 1429 729 Arbiter
1444 698 1658 738 a-pcllaverat
1677 698 1816 742 sepultu-

942 745 985 767 rae
1002 735 1173 777 officium)
1192 738 1267 778 jus,
1292 738 1439 780 inquiunt
1489 739 1594 779 lossie,
1611 740 1817 772 humanitatis

941 787 1108 816 commune,
1122 780 1250 817 sacrum
1263 782 1341 811 enim
1362 788 1430 812 erat
1448 781 1484 816 ἃ
1498 783 1665 814 execrabile
1681 784 1816 814 cadaver

941 820 1066 850 bominis
1087 821 1197 851 mortui
1208 823 1364 861 praeterire
1378 846 1387 861 ,
1412 822 1448 858 ὅ)
1468 834 1526 855 nou
1539 824 1675 865 fhpelire'.
1720 824 1815 857 Addo

940 861 970 891 ὃς
987 860 1155 906 Philonem
1170 862 1332 903 Judaeum,
1358 865 1411 906 qui
1439 866 1472 897 in
1496 865 1597 897 Flac-c.
1617 874 1648 908 p.
1671 877 1710 898 m.
1737 871 1815 906 814.

938 901 1026 942 Iplos
1053 900 1157 934 hostes
1172 926 1182 942 ,
1215 904 1389 937 dummodo
1414 906 1619 940 humanitatis
1636 917 1815 946 memores,

938 942 1070 982 sepelire
1096 944 1140 974 ait
1156 967 1166 983 ,
1222 946 1252 976 ui
1278 946 1310 978 in
1330 947 1416 979 bello
1431 949 1625 982 ceciderunt.
1671 950 1731 982 Sed
1750 959 1816 982 non

936 983 981 1015 est
999 982 1151 1015 illustrior
1165 985 1196 1016 in
1222 996 1294 1019 iane
1310 997 1375 1019 rem
1395 989 1487 1021 locus
1513 1000 1607 1031 quam
1626 992 1754 1024 Senecae
1779 994 1815 1023 de

936 1025 1042 1064 Benef.
1066 1025 1107 1056 L.
1124 1026 1164 1057 V.
1189 1027 1220 1059 C.
1235 1038 1284 1060 20.
1311 1029 1364 1060 ubi
1382 1029 1492 1062 iisdem
1507 1031 1575 1063 fere
1591 1033 1696 1065 verbis
1708 1055 1719 1071 ‚
1744 1033 1812 1074 qui-

936 1066 993 1098 bus
1011 1066 1063 1098 hic
1079 1067 1252 1108 Ulpianus,
1276 1069 1320 1101 ita
1339 1069 1482 1110 demum,
1508 1072 1529 1105 fi
1546 1082 1607 1114 ego
1626 1073 1815 1115 sepelivero,

936 1108 1013 1139 mihi
1035 1108 1168 1150 obligari
1191 1109 1293 1150 dixit,
1325 1111 1363 1144 ad
1385 1121 1479 1153 quem
1500 1113 1597 1146 funus
1616 1115 1814 1156 pertinebat,

928 1148 959 1189 fi
973 1160 1031 1181 non
1047 1153 1255 1187 misericordiae
1278 1152 1315 1188 ὅ)
1338 1154 1526 1186 humanitati
1542 1157 1610 1187 dedi
1627 1181 1636 1195 ,
1660 1163 1692 1187 ut
1721 1160 1812 1197 quoa-

937 1193 1008 1223 libet
1027 1194 1160 1224 cadaver
1175 1195 1391 1234 absconderem.
1437 1196 1545 1238 Atque
1566 1197 1611 1229 ita
1636 1198 1666 1230 δι’.
1683 1198 1734 1230 hic
1753 1198 1811 1230 Ul-

937 1234 1065 1275 pianus,
1091 1244 1131 1266 ex
1146 1235 1282 1269 Salmafii
1298 1236 1453 1269 sententia
1472 1237 1655 1278 restitutus3
1679 1240 1729 1272 cui
1749 1249 1812 1272 ma·

937 1275 985 1316 gis
1000 1276 1136 1316 accedO,
1162 1285 1198 1309 ut
1213 1279 1266 1320 qui
1288 1277 1400 1318 sciam,
1425 1279 1554 1312 facilem
1568 1281 1629 1312 ess‘e
1644 1280 1764 1322 lapsum
1782 1282 1813 1313 δε

937 1316 1138 1359 frequentem
1155 1319 1188 1352 in
1203 1329 1322 1353 vocum
1342 1321 1464 1354 ordine.

581 1406 938 1444 CAPUT
1011 1409 1240 1448 XXIII.

98 1497 150 1533 De
171 1496 363 1533 Pizmcums
388 1503 591 1531 Anonurms
616 1495 651 1530 in
677 1494 719 1530 L.
747 1504 804 1541 32.
830 1506 883 1543 pr.
907 1495 947 1532 ff.
974 1496 1019 1534 de
1042 1499 1127 1536 Aur.
1157 1511 1228 1548 arg.
1253 1501 1323 1550 leg.
1349 1509 1480 1539 tentata
1505 1502 1738 1540 emendatione.

119 1594 228 1628 Ifficile
245 1593 290 1627 est
308 1593 371 1626 five
394 1591 525 1625 Paulum
545 1593 609 1626 five
625 1592 795 1625 Vitellium
812 1603 830 1626 a
841 1599 890 1635 pe-

115 1655 119 1658 ·
140 1637 248 1670 dicatis
274 1636 405 1669 liberare
425 1636 458 1667 in
488 1637 508 1667 l.
531 1645 584 1678 3²·
613 1641 664 1676 pr.
679 1634 721 1675 ff.
751 1637 786 1667 de
807 1636 889 1668 Aur.

25 1693 93 1723 arg.
119 1680 145 1712 le
168 1703 176 1711 .
198 1679 242 1711 ita
269 1677 352 1709 enim
377 1676 528 1709 alteruter
553 1676 702 1719 seripfiss'e
726 1677 889 1710 creditur:

25 1690 179 1756 Pcaicuffs
194 1720 344 1763 argenteis
359 1718 507 1761 adjuncta
521 1717 627 1762 sigilla
647 1729 756 1758 cenea,
769 1727 890 1753 ecetera-

26 1776 86 1808 que.
101 1766 198 1797 omnia
215 1785 228 1803 ,
256 1772 319 1804 quae
341 1765 378 1795 ad
403 1763 524 1794 eandem
542 1761 774 1802 fimilitudinem
789 1763 888 1805 redigi

19 1807 138 1849 poffunt
154 1828 165 1846 ,
188 1811 311 1848 argento
319 1805 407 1846 fabio
423 1806 543 1836 cedunt.
586 1803 751 1836 Accurfius
768 1806 888 1844 pedicu-

25 1844 88 1889 l'os,
110 1849 219 1890 apede
228 1846 348 1887 dictos,
374 1848 597 1888 interpretatur
619 1851 762 1887 argentea
767 1846 887 1888 susten-

26 1891 146 1930 tacula,
162 1892 268 1933 quibus
284 1892 356 1931 vaso
369 1914 378 1929 ,
397 1895 450 1921 aut
469 1898 518 1919 res
539 1888 674 1929 quaelibet
693 1911 702 1924 ,
733 1889 819 1921 velut
836 1896 886 1931 pe-

24 1935 112 1966 dibus
124 1955 134 1970 .
146 1931 375 1974 sustentantur.
409 1929 504 1977 Quasi
519 1928 604 1962 bases
619 1929 649 1961 δε
665 1929 768 1962 fulcra
780 1931 865 1964 dieas
877 1954 887 1969 ‚

26 1974 138 2016 quibus
157 1969 217 2007 alia
240 1982 435 2015 quaeeunquc
463 1970 564 2003 solent
592 1971 694 2003 inniti.
747 1972 887 2005 Accursii

24 2016 332 2057 interpretationem,
345 2024 418 2047 cum
434 2013 494 2045 alia
509 2013 539 2045 &
553 2013 667 2058 melior
685 2023 749 2045 non
764 2012 888 2046 succur-

26 2065 127 2097 reret,
150 2057 264 2100 vulgus
283 2057 495 2098 interpretum
519 2054 659 2096 arripuit.
705 2054 775 2097 Ego
799 2056 887 2088 dubi-

25 2107 110 2137 tem,
128 2108 166 2131 an
181 2100 335 2139 pediculus
347 2107 383 2130 ea
399 2094 757 2139 fignificationeiuspiam
773 2107 885 2130 occur-

26 2147 95 2178 rat,
117 2149 188 2171 nam
204 2142 284 2182 apud
300 2140 456 2173 Catonem
479 2140 514 2170 de
536 2137 578 2170 R.
603 2137 645 2169 R.
668 2138 699 2169 C.
710 2137 798 2184 VIII.
823 2137 886 2171 Co-

25 2180 186 2214 lumellam
211 2183 242 2214 6(
265 2183 402 2215 Plinium
417 2203 428 2219 ,
456 2179 552 2211 variis
574 2180 655 2212 loeis
672 2204 682 2220 ,
706 2179 790 2212 ahud
815 2179 887 2212 sunt

25 2223 174 2264 pediculi,
199 2223 342 2266 quamvis
362 2222 455 2253 etiarn
479 2219 615 2253 distincti
636 2231 654 2253 a
676 2221 888 2253 celeberrimis

24 2265 88 2297 illis
104 2261 320 2299 mendicorum
343 2261 527 2304 hospitibus.
572 2266 670 2301 ιεὶιτρφ
692 2262 775 2294 dixit
794 2263 887 2304 Julia⁶

26 2316 85 2339 nus
109 2305 206 2349 Epist.
229 2310 266 2339 ad
281 2307 472 2344 Serapionem
485 2311 516 2345 p.
528 2312 600 2335 210.
611 2304 698 2336 Edit.
708 2305 782 2336 Par.
799 2310 888 2346 1583.

27 2348 59 2381 &
76 2347 159 2381 redte
180 2350 332 2391 interpres
356 2346 398 2379 ibi
426 2345 525 2377 vertit
546 2347 717 2386 pauculos
741 2346 833 2388 plane
852 2354 888 2377 ut

26 2390 120 2422 etiam
141 2391 181 2423 de
204 2391 270 2423 ficu
294 2389 325 2421 id
350 2387 483 2420 verbum
502 2386 664 2429 usurpavit
689 2386 771 2420 Cato
795 2389 824 2420 d.
853 2389 885 2420 C.

27 2431 112 2465 VIII.
157 2432 281 2465 Deinde
298 2431 319 2464 fi
335 2429 388 2462 vel
409 2429 542 2469 pediculi
564 2429 659 2461 etiam
681 2428 779 2461 essent
799 2432 887 2470 pedes

27 2483 63 2506 ac
77 2475 205 2514 fulcra,
228 2473 280 2506 cui
299 2471 516 2514 probabuntur
532 2470 631 2512 figilla
653 2481 731 2503 cenea
745 2470 887 2511 adjuneta

27 2519 178 2556 argenteis
200 2513 356 2558 pediculis
371 2512 388 2544 ἱ)
420 2520 583 2554 utcunque
605 2512 689 2545 enim
709 2512 810 2554 sigilla
833 2512 886 2544 hic

26 2557 124 2590 effent
137 2552 239 2599 parvae
259 2555 387 2593 statuae‚
412 2553 566 2585 cubitales
587 2554 639 2586 vel
677 2554 827 2594 almares,
853 2562 889 2586 ut

29 2598 90 2630 esse
104 2599 185 2631 dixit
200 2597 307 2630 Guido
325 2596 507 2628 Pancirolus
531 2595 571 2627 L.
594 2594 620 2627 I.
678 2597 775 2628 ariar.
799 2595 888 2629 Lea.

29 2639 63 2672 C.
81 2651 132 2682 44.
155 2649 249 2673 nemo
271 2647 374 2669 tamen
394 2636 477 2669 ullus
501 2635 632 2668 statuam
647 2647 764 2670 aeneam
788 2638 888 2680 impo-

27 2689 81 2714 nat
104 2690 255 2723 argenteae
277 2678 364 2718 bafi3
393 2678 469 2720 quin
492 2678 602 2720 junget
626 2679 734 2720 potius
751 2679 890 2713 humano,

29 2723 123 2764 capiti
138 2723 294 2755 cervicem
309 2720 461 2762 equinam.
506 2719 633 2752 Ferrem
651 2720 733 2753 bafin
749 2730 865 2752 :eneam
877 2745 887 2760 ,

251 2762 337 2795 fitam
355 2761 483 2793 statuam
499 2769 677 2802 argenteam
692 2785 702 2802 ,
727 2772 791 2794 non
809 2772 888 2794 vero

224 2812 298 2845 tque
318 2812 354 2834 ea
374 2802 455 2834 ratio
471 2826 481 2842 ,
505 2812 570 2835 non
589 2802 690 2843 dicta,
709 2807 747 2835 'at
762 2803 886 2836 intelle-

29 2764 61 2795 &
79 2763 150 2796 huic
164 2765 204 2796 im

30 2813 151 2837 contra.

30 2845 79 2877 sta
113 2844 198 2877 forte
226 2843 291 2876 fuit
314 2843 423 2885 Joanni
453 2843 650 2877 Leunclavio
675 2845 825 2877 Adnotat.
849 2845 888 2877 ad

29 2886 173 2919 Pande-ci.
203 2896 235 2918 n.
262 2889 318 2926 46.
352 2895 446 2926 quum
470 2886 502 2917 in
526 2887 554 2916 b.
579 2886 601 2917 l.
623 2896 675 2927 32.
699 2894 748 2928 pr.
770 2886 888 2928 JCtum

16 2928 158 2969 ‘quidem
170 2928 313 2969 pediculis
334 2926 467 2967 eripuit,
492 2926 543 2959 sed
555 2950 565 2966 ,
589 2936 653 2960 non
668 2929 793 2961 meliori
804 2927 886 2967 fato,

27 2970 161 3001 reddidit
173 2968 341 3012 pendiculis
361 2968 415 2999 vel
434 2969 589 3009 pendiclis.
614 2969 693 3001 Hoc
709 2978 813 3002 autem
830 2970 886 3008 ita,

27 3011 102 3051 quia
124 3011 157 3043 in
186 3011 286 3043 veteri
306 3007 463 3042 Glossario
479 3011 612 3051 pendicli
634 3009 705 3044 sunt
728 3012 857 3050 ἀςπιδόυες
875 3021 886 3050 ;

26 3052 102 3091 sed,
126 3053 210 3093 quod
231 3049 383 3084 monuisse
449 3058 529 3083 terat
543 3075 554 3091 ,
583 3052 666 3084 idem
692 3052 886 3085 Glossarium

22 3095 174 3135 pediculos
192 3102 318 3136 quoque
334 3099 401 3123 tran
432 3092 492 3124 ulit
513 3093 666 3130 gembl-ae:
690 3102 788 3136 utque
807 3093 886 3125 adeo

25 3145 61 3166 ea
79 3136 201 3167 ratione
220 3134 300 3166 nihil
320 3132 568 3179 mutareufuisset
590 3144 678 3176 opus.
723 3136 783 3168 Sed
807 3145 885 3181 vero

22 3178 182 3218 pendicula
197 3176 250 3209 vel
261 3176 357 3215 funes
372 3173 424 3205 h1c
443 3175 636 3217 mtelligere,
653 3175 728 3208 satis
741 3176 820 3208 mihi
836 3186 884 3207 vr-

25 3218 115 3251 detur
129 3216 190 3251 ‘esse
208 3216 368 3259 ineptum,
390 3224 461 3248 nam
475 3237 486 3254 ,
510 3225 549 3250 ne
573 3217 658 3250 aliud
679 3218 781 3250 dicam
798 3241 809 3258 ‚
832 3217 884 3249 cui

933 1595 967 1627 in
988 1604 1126 1630 mentem
1142 1600 1267 1632 venerit
1281 1600 1462 1641 adfirmare,
1483 1601 1603 1644 signum
1618 1600 1709 1640 funi,
1727 1601 1810 1633 unde

932 1638 1068 1679 pendet,
1094 1641 1228 1673 cedere?
1249 1641 1319 1674 Nec
1333 1642 1506 1683 Vitellius,
1528 1653 1587 1676 nec
1599 1642 1714 1676 Paulus
1732 1643 1811 1675 adeo

932 1679 1013 1712 male
1030 1682 1199 1721 prudentes
1216 1681 1357 1716 fuerunt.

975 1720 1038 1753 Pro
1057 1732 1186 1764 recepta
1206 1724 1343 1761 lectione
1359 1724 1447 1758 forte
1463 1727 1527 1758 dici
1541 1726 1664 1768 posset,
1685 1728 1808 1768 pedicu-

933 1763 1014 1799 lum,
1037 1773 1096 1805 pro
1111 1765 1198 1798 varia
1214 1766 1281 1806 ejus
1294 1767 1386 1800 vocis
1404 1767 1651 1810 fignificatione,
1675 1769 1737 1801 effe
1759 1778 1807 1801 et-

932 1805 994 1837 iam
1015 1815 1052 1838 os
1080 1806 1159 1839 utris
1180 1815 1235 1839 aut
1258 1808 1354 1849 vasis,
1380 1819 1420 1841 ex
1462 1819 1504 1841 uo
1521 1811 1596 1852 quid
1613 1809 1810 1852 effunditur,

932 1848 1195 1888 quemadmodum
1221 1849 1267 1881 est
1294 1850 1376 1892 apud
1398 1851 1441 1883 Fe
1472 1861 1524 1883 um
1547 1853 1581 1884 in
1606 1852 1808 1891 Amicinum3

931 1888 1051 1921 diceres
1076 1899 1203 1932 quoque
1219 1892 1431 1932 fundibulum.
1481 1892 1579 1936 Quod
1604 1893 1625 1925 fi
1641 1894 1700 1934 fit,
1718 1893 1807 1936 sigil-

931 1930 993 1961 lum
1016 1930 1078 1962 esse
1091 1933 1212 1972 poterit
1237 1934 1364 1969 ἐνείμω,
1380 1957 1390 1973 ,
1414 1933 1585 1967 fundibulo
1602 1958 1612 1974 ,
1637 1945 1701 1977 quo
1724 1938 1809 1968 clau-

931 1971 1023 2004 datur
1041 1972 1072 2004 &
1088 1972 1270 2014 obfignetur
1284 1999 1293 2015 ‚
1319 1975 1510 2017 adjunCtum.
1556 1977 1659 2008 Video
1682 1985 1807 2018 tamen,

955 2023 1001 2045 uae
1019 2021 1132 2046 contra
1147 2016 1210 2047 dici
1224 2017 1355 2058 poffint:
1380 2026 1482 2058 neque
1497 2018 1577 2050 adeo
1604 2018 1673 2051 haec
1693 2029 1806 2061 urgeo.

932 2023 1020 2101 {uin
1033 2056 1142 2097 potius
1157 2056 1314 2090 sollicitus
1329 2058 1397 2091 sum
1414 2059 1453 2090 de
1468 2068 1649 2102 opportuna
1664 2061 1808 2093 emenda-

931 2099 1039 2136 tione3
1063 2107 1128 2129 non
1145 2098 1205 2130 alia
1222 2108 1346 2140 autem,
1371 2101 1404 2132 in
1421 2109 1480 2142 qua
1500 2102 1596 2134 liceat
1624 2100 1806 2143 subsistere,

930 2148 1017 2171 nunc
1041 2139 1185 2171 occurrit
1201 2164 1210 2179 ,
1244 2145 1336 2183 quain
1360 2141 1383 2175 fi
1399 2144 1530 2174 remotis
1549 2142 1637 2176 forte
1655 2145 1806 2185 pediculis

930 2179 1151 2213 substituamus
1189 2184 1338 2215 reticulis.
1381 2183 1559 2217 Reticulum
1600 2186 1728 2227 proprie
1765 2187 1805 2218 ad

929 2221 1080 2253 mundum
1116 2223 1303 2256 muliebrem
1325 2226 1465 2267 pertinet
1483 2250 1493 2266 ,
1520 2225 1626 2268 estque
1649 2228 1806 2268 ejusmodi

930 2262 1198 2303 instrumentum,
1233 2276 1298 2308 quo
1326 2265 1469 2299 solebant
1493 2269 1688 2300 mulierculae
1706 2278 1742 2301 ca
1766 2270 1804 2302 il-

930 2305 980 2337 los
1005 2305 1160 2347 colligere
1177 2330 1189 2346 ,
1214 2307 1245 2339 ὅτ.
1260 2311 1410 2340 coercere
1425 2330 1436 2346 ‚
1460 2319 1500 2341 ne
1516 2310 1705 2342 diffluerent.
1785 2321 1805 2343 e

930 2355 971 2378 eo
985 2346 1069 2378 dixit
1084 2346 1212 2381 Nonius
1227 2349 1259 2380 ln
1274 2350 1462 2382 Reticulum.
1495 2351 1604 2393 thue
1623 2352 1676 2383 hic
1693 2362 1802 2394 argen-

932 2394 1011 2419 teum
1031 2411 1041 2427 ,
1077 2389 1159 2430 apud
1185 2390 1370 2431 Juvenalem
1391 2400 1536 2425 auratum
1560 2392 1607 2425 est
1628 2393 1735 2436 Satyr.
1760 2394 1801 2427 ΙΙ.

930 2429 1018 2469 Vers.
1041 2433 1092 2467 96-

971 2471 1206 2515 Reticulumque
1232 2476 1322 2507 comis
1338 2483 1482 2510 auratum
1497 2478 1672 2519 ingentibus
1686 2480 1802 2521 implet..

931 2512 983 2546 sed
1000 2523 1108 2553 aurea,
1133 2524 1294 2557 argentea,
1320 2516 1418 2550 serica
1433 2519 1614 2562 promiscuo
1629 2520 1662 2554 in
1681 2520 1804 2562 usu,‚ut

932 2556 963 2587 ὃς
981 2554 1115 2595 Joannes
1131 2556 1332 2592 Britannicus
1348 2559 1530 2593 observavit
1554 2562 1591 2593 ad
1615 2563 1643 2593 d.
1669 2562 1723 2595 loc.
1747 2563 1804 2594 At—

931 2605 993 2637 que
1001 2596 1056 2643 ⁸his
1071 2598 1214 2631 reticulis
1230 2601 1353 2641 optime
1367 2604 1566 2636 conveniunt
1582 2602 1706 2646 figilla,
1730 2613 1803 2635 nam

931 2638 1077 2670 mulieres
1094 2639 1236 2681 apicibus
1251 2641 1331 2682 suis,
1352 2644 1466 2685 quibus
1485 2654 1609 2677 comam
1625 2644 1802 2684 includunt,

930 2678 1034 2712 solent
1049 2681 1223 2721 appendere
1241 2682 1357 2725 sigilla,
1383 2694 1453 2726 quae
1474 2686 1557 2717 recte
1583 2695 1659 2718 tunc
1676 2685 1804 2718 dixiss'et

931 2720 1045 2753 Paulus
1058 2723 1375 2763 adjunctareticulis:
1402 2727 1423 2759 fi
1441 2727 1525 2758 enirn
1541 2737 1613 2758 cum
1632 2727 1804 2759 Pancirolo

930 2771 985 2804 per
1001 2762 1107 2804 sigilla
1121 2765 1300 2808 intelligere
1316 2767 1398 2800 velis
1413 2768 1552 2840 &Koffis
1567 2767 1692 2807 statuas,
1709 2769 1739 2800 ὅ(
1769 2778 1803 2801 er

927 2805 1079 2845 pediculos
1102 2805 1207 2846 bases,
1232 2807 1336 2839 minus
1353 2809 1436 2840 recte
1478 2818 1550 2840 atua
1564 2809 1723 2841 diceretur
1762 2810 1803 2842 aii

930 2847 1077 2888 adjunci‘a
1093 2871 1103 2887 ‚
1128 2857 1186 2889 pro
1211 2848 1356 2890 impofita.
1402 2849 1458 2881 Est
1482 2850 1512 2881 δε
1536 2851 1699 2881 reticulum
1720 2849 1799 2892 sepi-

930 2896 1091 2929 mentum,
1103 2889 1140 2921 ad
1155 2889 1250 2921 instar
1269 2891 1345 2922 retis
1365 2891 1514 2922 cancellis
1533 2891 1723 2932 distinctum,
1737 2902 1802 2933 quo

929 2930 1155 2970 prohibebatur
1173 2931 1312 2971 vulgaris
1328 2931 1440 2963 aditus.
1486 2932 1652 2972 Ejusmodi
1670 2935 1802 2966 reticula

929 2981 1009 3003 cenea
1028 2980 1184 3003 memorat
1202 2970 1311 3003 Festus
1326 2972 1367 3003 in.
1382 2972 1550 3014 Secerila3
1574 2973 1626 3005 sed
1642 2974 1723 3008 nihil
1744 2986 1797 3008 ve-

930 3020 977 3044 tat
991 3036 1002 3052 ,
1025 3013 1193 3053 quominus
1213 3012 1340 3044 luxuria
1366 3014 1461 3046 etiam
1481 3023 1625 3056 argentea
1647 3025 1799 3049 extruxe-

928 3054 993 3092 rit,
1016 3053 1265 3095 dependentibus
1284 3054 1322 3086 ad
1335 3062 1482 3087 ornatum
1499 3057 1620 3098 figulis.
1662 3058 1707 3090 At
1731 3059 1798 3091 for-

930 3103 962 3126 te
985 3094 1038 3126 hic
1063 3094 1163 3126 tutius
1190 3095 1251 3126 erit
1280 3096 1312 3128 in
1335 3096 1480 3129 reticulis
1503 3099 1670 3132 mulierum
1694 3100 1801 3142 acqui÷

928 3134 1057 3174 escere3
1091 3136 1186 3167 etiam
1212 3136 1285 3168 ideo
1299 3161 1311 3177 ‚
1342 3138 1428 3179 quod
1453 3139 1491 3170 de
1512 3140 1631 3172 mundo
1653 3141 1801 3174 muliebri

928 3186 998 3218 agat
1023 3186 1150 3219 quoque
1167 3177 1302 3211 Titulus
1315 3178 1409 3218 ,sub
1424 3190 1490 3223 quo
1506 3181 1624 3224 digesta
1641 3183 1711 3215 haec
1728 3183 1799 3221 Lex

927 3217 985 3249 est.

1355 3262 1388 3309 Q
1399 3273 1418 3306 3
1731 3264 1799 3296 CA-
