2008 3436
152 127 223 161 422
423 111 823 150 CORNELII

156 212 259 234 tamen
287 210 407 241 1111310,
431 202 591 234 venditori
612 200 689 232 nibil
710 198 765 230 nifi
775 198 1023 230 vindicationem

156 244 264 285 supere
289 244 331 282 ’0,
356 254 446 281 nam,
469 244 490 276 fi
507 244 616 279 malit,
641 239 744 281 potest
766 248 875 271 contra
900 247 1020 280 empto-

157 295 222 317 rem
239 286 334 316 etiam
357 295 447 326 agere
462 286 497 316 ad
518 284 651 325 pretium
668 282 712 311 rei
729 281 862 312 venditae
876 302 886 318 ,
911 282 940 311 ἅ
955 280 1022 319 ejus

158 327 250 366 pretii
276 326 378 358 usuras
399 326 510 364 besses,
538 333 571 355 ut
588 322 632 354 est
652 323 681 353 in
702 322 801 352 veteri
817 320 1022 352 Amsterdam-

157 367 305 399 inenfium
323 369 450 400 Statuto
467 375 516 401 28.
542 365 628 397 Nov.
660 366 748 398 1609.
774 362 848 403 (7)
868 364 897 394 &t
916 363 944 392 iii
965 371 1019 392 no-

157 409 280 440 viffimo
307 420 357 451 30.
383 409 447 449 Jan.
479 411 568 446 1665.
603 404 676 445 (8)
704 404 735 434 in
763 413 826 443 quo
857 402 1022 445 novissimo

158 451 327 491 prudenter
342 451 481 487 additur,
506 447 604 479 bell'es
627 445 730 476 usuras
752 445 857 475 deberi
881 445 944 483 post
965 450 1023 473 rra-

160 492 299 523 zmioizem
315 492 462 521 merciimn.
483 489 566 533 Quae
581 483 1025 519 Statuta1Ainsterdammensia

159 535 191 564 in
212 533 394 574 quotidiano
418 531 472 563 usu
495 530 556 561 effe
581 528 674 559 variis
697 527 850 566 exemplis
875 526 1026 566 probatur

163 573 267 613 Corifil.
294 574 328 604 B.
358 573 390 604 T.
418 572 472 603 111.
498 569 599 609 Confil.
625 579 663 609 47
700 568 742 608 vs:
773 568 833 598 ‘sen
852 568 976 603 cler-alen,
997 566 1027 596 ἅ

162 616 314 652 memini,
339 624 388 644 me
405 615 557 645 Senatore
577 613 607 643 ἃ.
624 608 753 642 Praeside
770 631 781 646 ,
803 608 950 640 Senatum
972 607 1026 638 Su-

161 666 304 697 premum
322 655 431 696 ficpius
449 656 492 685 ita
506 651 660 694 judicasse.

204 698 263 729 Sed
283 696 410 734 neseio,
433 706 469 726 an
495 694 631 731 rationi,
655 692 715 732 juri
739 691 899 722 communi
923 691 953 722 ὃ(
980 690 1028 721 his

161 738 295 771 Statutis
312 745 531 778 usquequaque
549 740 743 766 conveniant
762 731 920 772 Responsa
947 731 1026 771 Juris

162 781 193 812 &
215 789 263 811 res
292 779 380 809 vario
406 786 548 818 tempore
570 776 729 816 judicatae.
776 773 882 814 Vulgo
907 772 1028 805 scilicet

163 821 322 859 creditur,
349 819 466 850 etiamsi
485 819 559 850 rides
573 817 676 848 habita
698 815 739 858 sit
754 815 792 845 de
809 813 912 855 pretio
925 836 935 852 ‚
959 814 1027 845 vin-

163 862 314 893 dicationi
340 869 443 892 tamen
468 860 574 891 locum
609 857 694 894 effe,
724 858 745 888 11
773 863 924 895 emptor,
955 864 1028 885 cum

161 912 299 941 emeret,
324 912 434 944 gnarus
455 901 483 933 se
511 901 634 933 solvere
662 908 725 929 non
750 896 860 937 poss'e,
886 897 1030 927 vendito-

162 954 228 976 rem
249 944 430 984 deceperit,
458 943 486 975 ὃ(
506 941 599 973 aufim
616 941 720 971 dicere
744 939 824 969 hanc
845 937 1032 969 sententiam

162 986 196 1017 :in
214 985 385 1016 Hollandia
407 984 475 1017 fere
504 983 565 1014 effe
595 989 796 1013 communem
814 1001 825 1017 ‚
848 986 883 1009 ut
906 979 1031 1010 efficere

163 1027 239 1059 licet
264 1036 303 1057 ex
326 1027 385 1064 iis,
409 1035 477 1067 quae
504 1024 612 1056 retulit
640 1023 709 1054 Van
736 1021 895 1052 Leeuwen
916 1019 957 1050 R.
985 1018 1028 1050 H.

165 1068 208 1100 R.
234 1068 274 1099 L.
301 1068 354 1099 lV.
383 1069 413 1099 C.
444 1077 491 1107 17.
514 1077 542 1097 n.
568 1075 600 1106 3.
623 1071 751 1104 quaeque
778 1061 829 1092 hic
857 1070 920 1092 non
946 1069 1031 1101 repe-

163 1117 223 1148 to,
247 1110 276 1141 δε
302 1109 346 1140 ita
372 1108 493 1148 Hagani
521 1108 648 1148 quidam
676 1102 856 1140 Advocati,
882 1101 976 1139 etiam
1002 1102 1033 1132 in

165 1150 254 1182 causa
278 1147 568 1181 Amsterdammcnii
596 1145 838 1186 responderunt,
865 1151 938 1173 cum
966 1151 1032 1182 age-

166 1199 253 1225 retur
280 1192 319 1222 de
345 1199 489 1231 emptore
513 1194 622 1218 amaras
648 1185 708 1218 suae
735 1193 797 1214 non
817 1184 941 1224 ignaro,
966 1192 1035 1222 quae

166 1233 255 1265 brevi
284 1232 353 1274 post
378 1232 476 1272 palam
498 1229 580 1261 facta
595 1234 661 1258 erat
685 1226 754 1265 (9)-
793 1224 859 1269 *Sed
880 1224 911 1255 id
927 1223 1035 1254 admit-

167 1274 297 1306 tendum
314 1283 375 1305 non
403 1271 468 1309 est,
493 1271 522 1302 &
538 1269 644 1300 nescio
657 1290 666 1306 ,
700 1276 737 1297 an
760 1265 851 1296 aliani
871 1265 1035 1296 auctorita-

167 1323 234 1347 tem
256 1316 384 1350 habeat,
410 1321 502 1353 quam
523 1311 553 1342 in
572 1310 641 1347 illa,
666 1316 759 1349 quam
777 1305 865 1348 supra
886 1315 1037 1338 meinora-

165 1357 200 1388 vi
214 1382 221 1392 ,
256 1354 489 1387 Consuetudine
522 1348 762 1391 Annwerpienfi.
814 1348 933 1388 Magna
949 1369 960 1385 ,
989 1346 1036 1377 fa-

168 1405 258 1434 teor,
291 1396 370 1436 juris
395 1392 638 1434 Antwerpienfis
658 1390 826 1421 auctoritas
841 1398 936 1419 etiam
960 1389 1038 1419 olim

167 1439 222 1470 hic
239 1438 320 1475 fuit,
345 1438 424 1477 ssepe
447 1437 476 1468 δι
490 1446 506 1466 a
526 1434 644 1466 Grotio
674 1433 705 1463 in
724 1440 827 1472 partes
845 1439 959 1461 vocata
974 1454 983 1467 ‚
1007 1437 1039 1460 at

169 1482 240 1521 quis
263 1489 330 1510 eam
357 1479 410 1510 sibi
432 1477 553 1509 obtrudi
586 1475 720 1516 patietur
738 1480 847 1503 contra
863 1473 1040 1508 rationem,

167 1522 222 1563 ]us
243 1521 438 1558 Commune,
465 1520 495 1550 o't
512 1517 607 1558 ipsam
626 1515 741 1556 Legem
760 1513 1039 1545 Auillerdarnmen-

166 1562 233 1596 sem
252 1563 283 1594 in
302 1561 390 1593 causa
413 1558 701 1592 Amsterdainriienli
715 1556 732 1587 Ἰ)

215 1605 263 1636 An
289 1604 349 1635 illis
376 1600 618 1634 Consultoribus
643 1600 711 1639 plus
729 1597 860 1638 praefidii
877 1596 915 1629 fit
934 1596 964 1628 in
981 1596 1040 1628 Re-

170 1647 228 1678 bus
249 1645 395 1685 iudicatis
421 1643 559 1675 nondum
588 1641 676 1682 potui
697 1640 967 1676 animadvertere,
989 1648 1042 1669 ex-

170 1686 253 1720 stant
264 1686 346 1718 enim
362 1686 391 1717 in
402 1693 563 1725 utramque
579 1691 712 1723 partein.
737 1681 880 1712 Relatum
895 1678 1040 1720 est(1o)‚

172 1728 302 1760 Curiam
335 1726 513 1758 Hollandiae
548 1726 580 1757 in
606 1724 724 1755 duabus
760 1721 856 1753 causis
888 1731 940 1763 30.
975 1720 1042 1761 Jan.

174 1773 267 1810 16i7.
300 1767 474 1809 judicasse,
504 1767 588 1808 quod
620 1766 652 1796 in
678 1764 761 1795 diem
790 1764 955 1794 venditum
973 1761 1046 1800 est,

174 1811 351 1842 venditoris
381 1818 525 1848 manere,
558 1807 579 1839 fi
595 1806 758 1838 venditum
775 1804 811 1836 fit
828 1805 972 1846 proxime
993 1813 1045 1835 an-

174 1860 208 1883 te
232 1853 334 1882 murm
363 1851 515 1892 emptoris
535 1873 544 1888 ‚
578 1849 640 1881 sine
663 1856 746 1878 nova
765 1854 942 1887 emergente
958 1844 1046 1877 causa

175 1903 339 1932 exortam,
365 1893 416 1925 sed
431 1901 504 1924 cum
521 1898 629 1923 neutra
651 1887 738 1920 causa
759 1889 851 1928 plene
876 1885 1047 1928 perscripta

176 1934 235 1972 fit,
259 1944 353 1975 grave
383 1933 428 1966 est
451 1934 488 1964 de
509 1931 663 1972 ejusmodi
683 1929 845 1961 sententiis
861 1928 1046 1960 sententiam

175 1974 268 2007 ferre.
316 1975 412 2021 Quod
430 1974 503 2006 alibi
523 1973 656 2004 relatum
676 1970 723 2002 est
745 1970 845 2011 (11),
870 1969 981 2001 Curias
994 1968 1045 2001 sae-

177 2025 218 2058 pe
238 2017 385 2056 judicaffe
397 2040 406 2054 ,
431 2025 495 2047 rem
514 2015 673 2046 venditam
687 2035 697 2051 ,
722 2021 786 2043 non
810 2013 913 2043 soluto
930 2011 1046 2051 pretio,

127 2059 137 2069 s
179 2057 264 2089 reste
283 2057 458 2095 vindicari,
488 2055 543 2087 ets1
564 2064 689 2096 emptor
714 2053 767 2084 alii
786 2052 982 2089 vendiderit,
1006 2051 1045 2082 is-

179 2108 241 2140 que
268 2098 330 2138 jam
352 2098 482 2131 solverit
507 2096 667 2127 venditori
684 2093 760 2132 1110,
786 2094 895 2133 utique
912 2092 1048 2124 reseren-

179 2142 255 2172 dum
275 2138 320 2170 est
337 2140 375 2170 ad
393 2139 547 2179 speciem,
569 2137 606 2167 de
623 2145 683 2177 qua
698 2135 740 2165 ibi
755 2134 876 2174 agitur,
901 2133 923 2165 fi
936 2142 1048 2174 nempe

180 2179 326 2222 praesen'ti
343 2183 475 2221 pecunia
490 2187 539 2210 res
554 2177 690 2210 venierit
703 2198 714 2213 ,
737 2174 1006 2216 necwreprehendo
1020 2184 1049 2205 a·

179 2223 242 2256 lios
265 2221 367 2262 (12),
396 2221 438 2253 fic
457 2221 495 2252 de
518 2219 585 2259 Jure
607 2216 846 2259 respondentes,
870 2216 921 2248 ubi
938 2216 1051 2249 ssmiles

180 2263 302 2306 species
320 2268 503 2294 occurrunt.

225 2304 286 2336 Sed
310 2313 472 2345 pergamus
503 2301 541 2333 ad
568 2311 615 2334 res
635 2300 785 2342 judicatas
799 2323 809 2339 ,
844 2299 964 2340 plenius
981 2308 1049 2339 per-

181 2346 320 2386 scriptas.
368 2344 475 2417 th'iuin
501 2342 613 2382 Titia,
645 2353 684 2375 ex
700 2341 761 2372 fide
775 2351 876 2373 rerum
893 2350 964 2371 cum
983 2339 1051 2372 aliis

181 2386 336 2429 gestarum
354 2409 364 2425 ‚
421 2394 517 2417 onum
539 2394 654 2416 nomen
676 2382 924 2421 existimaretur,
949 2390 1050 2421 neque

183 2437 289 2461 tamen
306 2427 383 2459 essct
395 2451 405 2466 ‚
430 2428 459 2461 ὃς
473 2426 533 2457 hac
549 2433 615 2458 arte
630 2426 728 2458 multa
739 2423 880 2463 emisset,
898 2432 968 2464 quae
985 2432 1049 2454 rui·-

184 2469 236 2502 sus
264 2468 444 2502 distraxerat
473 2467 526 2499 vel
550 2467 581 2499 in
607 2466 742 2499 solutum
763 2466 890 2497 dederat
906 2486 917 2502 ,
957 2463 1052 2496 Curia

185 2510 368 2543 Hollandiae
385 2533 395 2548 ,
428 2510 478 2547 ἀ,
511 2517 582 2540 011111
602 2509 641 2540 de
655 2506 861 2549 appellatione
882 2504 1051 2546 cognosce-

186 2559 254 2589 ret,
276 2551 444 2591 Supremus
463 2550 594 2582 Senatus
610 2572 620 2587 ,
651 2548 758 2590 primis
775 2549 992 2580 venditoribus
1010 2547 1053 2578 rei

185 2592 453 2629 vindicationem,
477 2596 570 2631 atque
587 2589 607 2622 fi
624 2590 715 2621 dolus
741 2590 915 2624 contractui
933 2587 1054 2619 causam

186 2633 318 2666 dediss'et
330 2656 340 2671 ,
364 2639 548 2672 competere
562 2631 736 2670 J'udicavit,
759 2631 854 2661 etiam
867 2637 977 2662 contra
994 2636 1052 2660 ter-

186 2675 249 2707 tios
272 2672 456 2715 poss'essorcs
486 2671 503 2712 (
510 2671 576 2714 13).
622 2671 718 2718 Quod
735 2671 758 2703 fi
774 2680 883 2702 verum
899 2670 961 2709 cst,
987 2680 1051 2702 non

186 2717 248 2748 erit
263 2715 393 2746 difficile
410 2723 541 2752 omnes,
564 2723 637 2755 quas
660 2712 775 2744 solutio
802 2721 865 2743 non
884 2711 1020 2752 sequitur
1039 2735 1049 2750 ,

186 2756 387 2788 venditiones
410 2754 584 2787 rescindere
599 2777 612 2793 ‚
641 2763 736 2796 quum
757 2760 840 2784 emat
862 2762 975 2792 neniO,
997 2753 1050 2793 qui

187 2797 219 2831 se
246 2796 399 2829 solvendo
422 2795 484 2828 ess'c
507 2805 571 2836 prae
595 2794 625 2827 sc
647 2805 711 2827 non
727 2794 829 2832 ferat,
852 2803 954 2834 neque
975 2803 1050 2825 vcn-

188 2839 243 2870 dat
262 2838 422 2879 quisquam
441 2837 496 2869 nifi
522 2836 688 2869 solutionis
701 2835 938 2877 expectationC‚
961 2843 1052 2875 atque

187 2879 235 2911 ita
253 2879 334 2920 quast
349 2878 535 2910 conditione
555 2879 659 2909 tacita.
705 2877 764 2909 Sed
781 2886 821 2908 ne
836 2877 904 2908 haec
923 2885 970 2908 res
984 2877 1053 2909 aliis

187 2919 373 2962 praejudicio
396 2919 433 2952 fit
448 2941 461 2958 ,
491 2919 658 2952 dicendum
683 2918 810 2960 pocius,
832 2918 913 2950 hanc
930 2917 1052 2949 causam

228 3049 289 3085 (7)
308 3050 416 3080 Ibidem
436 3059 465 3089 p.
487 3054 550 3082 280.
571 3061 598 3081 n.
621 3060 649 3088 7.

229 3087 292 3161 {33
312 3089 385 3118 Ibid.
404 3099 431 3126 p.
456 3099 521 3125 905.

191 3163 242 3194 Vl·
263 3126 403 3200 Conffinfig.
431 3129 473 3156 H.
501 3128 534 3157 T.
561 3129 610 3158 111.
639 3128 771 3173 Amsperd.
799 3127 893 3168 Confil.
922 3136 950 3160 2.
970 3127 996 3159 δι
1017 3126 1051 3160 T.

227 3200 308 3239 (10)
327 3201 446 3239 Append.
467 3204 558 3242 Confil.
578 3205 622 3236 H.
640 3206 692 3237 111.
712 3207 753 3237 A.
773 3214 802 3244 p.
821 3207 872 3242 48.

890 119 997 147 VAN
1060 110 1680 149 BYNKERSHOEK

1064 197 1157 243 {uisse
1177 199 1442 239 Antwerpicnsem
1455 221 1464 237 ,
1490 201 1519 232 δε
1536 209 1696 242 utramque
1714 200 1838 235 Curiam*¹
1857 203 1932 237 suis-

1067 241 1097 270 1e
1115 239 1274 280 sequutam
1293 242 1341 280 jus
1359 241 1506 281 singulare
1518 264 1527 279 ,
1552 241 1633 281 quod
1651 243 1690 272 ibi
1713 244 1844 275 obi‘instv

1101 280 1191 326 ¹Cum
1218 282 1333 313 Socrus
1351 305 1361 319 ‚
1395 292 1510 322 genero
1530 283 1703 320 comitata,
1730 285 1755 314 ei
1774 297 1786 315 zi
1808 295 1930 319 1111111111

1068 323 1238 353 tricliniare
1256 322 1397 361 emisset,
1423 333 1522 364 neque
1544 322 1707 363 lblviffet,
1728 326 1754 356 ἃ
1775 320 1934 367 venditor,

1067 364 1150 404 quod
1177 363 1315 394 nondum
1340 363 1477 396 solutum
1505 373 1591 401 erat,
1615 373 1630 394 a
1649 366 1791 406 privigno
1812 378 1933 408 peteret

1067 413 1224 449 pretium,
1262 404 1356 449 Curia
1389 405 1571 436 llollandize
1597 415 1649 446 31.
1667 407 1723 446 jul.
1744 413 1828 440 1670.
1853 408 1934 451 (1.1)

1067 445 1252 485 Privignum
1276 446 1410 476 abrolvi't
1432 469 1440 484 ‚
1477 447 1496 478 11
1514 447 1657 486 jai-afflet,
1683 447 1711 478 se
1731 442 1790 480 11011
1808 451 1933 490 emisse,

1067 486 1280 532 neque-ullam
1297 495 1366 517 cum
1385 488 1549 519 venditore
1575 489 1816 522 conventionem
1840 502 1875 523 ea
1897 493 1936 523 (10

1070 537 1103 573 re
1122 527 1240 572 1001110.
1287 526 1393 572 Probo
1411 528 1616 568 sententiam,
1642 531 1730 569 quia,
1757 542 1786 562 rc
1806 534 1932 573 [rr-dita,

1070 578 1101 600 in
1133 568 1288 613 creditum
1321 577 1421 599 iverat
1445 570 1621 607 venditor,
1647 574 1676 603 ἃ
1696 575 1932 606 oinninosatuce

1073 608 1353 682 suntl-ratiunculae
1371 633 1380 649 ,
1415 620 1490 651 quas
1517 611 1664 643 venditor
1686 613 1717 644 in
1744 617 1933 648 contrarium

1073 659 1139 682 attu
1156 659 1190 682 it.

1076 734 1081 739 Ι
1117 692 1207 737 Addo
1229 702 1294 724 rem
1313 715 1324 730 ‚
1355 701 1405 738 ine
1430 693 1561 725 Praeside
1583 717 1593 732 ‚
1622 705 1638 726 a
1655 696 1765 728 Senatu
1784 698 1936 739 Supremo

1072 733 1252 778 judicatam.
1313 733 1423 765 Titius
1446 735 1571 767 Maevio
1594 735 1699 775 Judaeo
1714 761 1723 776 ,
1757 738 1933 781 Vlissingoe,

1073 775 1183 805 vendit
1214 784 1332 820 merces
1360 776 1507 815 quasdam
1523 787 1554 816 5.
1572 777 1646 817 Apr.
1668 783 1756 819 1718.
1781 790 1936 822 quumque

1074 825 1124 846 eas
1144 815 1314 862 tradidisset
1335 821 1365 850 8.
1385 817 1460 857 Apr.
1488 818 1628 851 Maevius
1644 821 1744 851 mittit
1764 820 1936 854 Amsterda-

1075 866 1160 903 mum
1178 858 1215 888 ad
1236 857 1364 903 Cajam,
1390 859 1610 891 mandatariam
1638 860 1735 893 suain.
1780 862 1938 902 Maevius,

1074 898 1179 944 medio
1199 897 1307 938 Majo‚
1319 898 1394 929 foro
1412 901 1496 930 cedit
1512 925 1518 937 ‚
1538 910 1598 932 non
1616 901 1719 934 soluto
1736 913 1841 936 earum
1863 913 1940 936 mei·-

1077 948 1163 971 cium
1184 949 1298 980 pretiO.
1344 939 1451 980 Quare
1471 941 1580 974 Titius
1603 952 1640 980 19
1669 945 1696 975 ἃ
1716 954 1766 976 20.
1790 945 1867 985 Maj.
1893 939 1942 978 eas

1078 990 1198 1025 merces
1219 991 1312 1021 penes
1338 981 1443 1021 Caijaai
1470 982 1587 1014 ari-esto
1616 985 1770 1025 includit,
1808 986 1837 1018 &
1860 986 1940 1026 apud

1077 1021 1199 1061 Judrces
1229 1021 1542 1067 Ari—isterdammenses
1574 1025 1714 1058 vindicat
1732 1051 1741 1066 ,
1782 1028 1834 1059 nisi
1868 1027 1943 1068 Caja

1076 1063 1184 1094 mallet
1203 1071 1355 1108 pretium,
1381 1073 1397 1094 a
1417 1064 1523 1103 judaeo
1542 1067 1722 1106 promissum
1738 1091 1749 1106 ,
1771 1068 1822 1100 fibi
1844 1068 1944 1100 solve-

1077 1112 1111 1134 re
1128 1113 1199 1148 eum
1218 1106 1326 1136 ulurls.
1370 1105 1425 1137 llla
1444 1107 1652 1139 vindnatiOiri
1667 1111 1879 1148 contradixit,
1893 1109 1945 1141 sed

1078 1144 1202 1184 judices
1216 1144 1528 1177 Amsterdafflnienses
1542 1157 1616 1178 acam
1632 1150 1802 1189 probarunt
1817 1161 1841 1183 1.
1854 1150 1940 1182 Nov.

1084 1193 1172 1224 1719.
1197 1185 1459 1230 quemadmodum
1477 1188 1506 1218 ἃ
1526 1188 1641 1227 Curia,
1667 1200 1705 1222 ex
1722 1193 1943 1232 appellatione,

1079 1231 1229 1271 probawt
1246 1229 1275 1256 6.
1295 1225 1367 1266 Apr.
1390 1236 1478 1268 1723.
1513 1228 1616 1274 Quum
1637 1231 1738 1263 rursus
1752 1233 1942 1273 appeliatum

1080 1265 1174 1304 estet,
1209 1268 1426 1312 quaerebatur,
1461 1269 1534 1310 quid
1559 1270 1660 1309 juris?
1684 1271 1792 1304 Titius
1807 1273 1943 1315 agebat,

1080 1306 1112 1338 se
1127 1307 1299 1338 vendidisse
1318 1314 1351 1349 op
1379 1309 1543 1349 Koopmans
1569 1313 1695 1343 conditie
1708 1337 1716 1350 ‚
1743 1323 1775 1345 ut
1792 1314 1946 1346 Proxcne-

1081 1357 1114 1380 ta
1139 1347 1334 1388 testabatur,
1367 1349 1450 1385 sive.
1484 1352 1567 1394 quod
1593 1353 1673 1384 idem
1691 1354 1752 1386 ess'e
1769 1356 1918 1396 putabant
1933 1378 1944 1395 ,

1083 1400 1149 1421 voor
1170 1396 1290 1436 comant
1303 1413 1328 1436 ,ι
1345 1400 1417 1436 nam
1439 1391 1479 1423 fic
1496 1393 1604 1426 Titius
1622 1395 1835 1427 venditionem
1851 1397 1945 1428 aduo-

1085 1439 1205 1463 taverat
1233 1441 1264 1462 111
1292 1432 1396 1477 Libris
1410 1432 1482 1465 suis.
1526 1434 1630 1476 Atque
1653 1436 1724 1468 inde
1740 1438 1892 1470 efficiebat
1916 1436 1946 1469 se

1085 1473 1268 1519 fidemnon
1292 1473 1429 1505 habuiss'e
1454 1475 1492 1506 de
1516 1477 1621 1516 pretio
1640 1499 1651 1515 ,
1681 1488 1780 1519 neque
1797 1479 1873 1510 adeo
1895 1487 1949 1519 per

1086 1514 1288 1560 traditionem
1313 1515 1487 1547 dominium
1521 1516 1707 1550 transtuliss'e
1732 1522 1763 1552 in
1792 1521 1948 1553 Maevium

1085 1555 1224 1601 judaeuin
1246 1556 1411 1588 recundum
1441 1558 1468 1588 cl.
1501 1558 1520 1589 l.
1542 1568 1587 1595 19.
1613 1559 1656 1600 ff.
1677 1562 1710 1591 cle
1738 1562 1836 1593 Coiztr.
1859 1565 1944 1602 empt-

1087 1596 1165 1643 Non
1189 1596 1290 1636 ajebat
1308 1619 1319 1635 ‚
1350 1599 1543 1645 emptionem
1562 1601 1776 1635 venditionem
1797 1602 1864 1643 ipso
1879 1603 1949 1642 jure

1086 1637 1323 1684 fuisseunullarn·
1336 1661 1347 1677 ,
1370 1648 1406 1669 ac
1424 1641 1463 1679 11,
1496 1650 1625 1682 propter
1642 1642 1805 1675 instantem
1823 1646 1949 1682 inmo,

1086 1680 1199 1724 Maevii
1219 1679 1326 1725 *judaei
1347 1680 1439 1712 dolus
1460 1683 1633 1714 contractui
1658 1685 1775 1716 causam
1792 1685 1920 1716 dedisset
1935 1707 1946 1723 ,

1087 1730 1147 1762 qua
1166 1721 1423 1761 jurisprudentia,
1449 1731 1484 1754 ut
1502 1724 1598 1754 modo
1612 1725 1769 1765 dicebam,
1806 1725 1875 1758 sunt
1892 1725 1947 1767 qui

1088 1770 1238 1808 utuntur,
1261 1760 1312 1792 sed
1334 1772 1393 1803 ego
1410 1773 1474 1796 non
1497 1774 1587 1804 utor,
1613 1767 1703 1798 unice
1721 1768 1866 1806 urgebat,
1891 1769 1948 1798 do-

1090 1812 1220 1849 minium
1236 1812 1299 1835 non
1315 1804 1459 1850 transiiss‘e
1471 1828 1481 1843 ,
1511 1806 1583 1847 quia
1604 1817 1707 1847 parata
1728 1800 1859 1849 pecunia
1876 1817 1948 1849 pro-

1090 1844 1197 1884 miffa,
1221 1854 1283 1890 1100
1304 1852 1405 1877 tamen
1433 1848 1534 1878 loluta
1559 1856 1635 1879 erat.
1680 1849 1725 1880 Ea
1743 1850 1864 1881 ratione
1878 1858 1947 1890 pro-

1090 1887 1185 1917 babat
1199 1885 1374 1932 dominium
1394 1896 1431 1919 ex
1450 1887 1501 1920 sua
1522 1897 1626 1929 pai-tc,
1651 1890 1680 1922 &
1697 1891 1736 1922 de
1753 1890 1947 1933 posscffionc,

1089 1937 1126 1959 ex
1144 1936 1232 1973 parte
1252 1926 1357 1967 CaJae,
1379 1928 1542 1960 videbatui·
1558 1930 1708 1964 constare.
1862 1941 1865 1945 ·

1132 1968 1206 2008 CaJa
1224 1975 1325 1999 tamen
1346 1969 1430 1999 varie
1444 1969 1474 2001 se
1495 1970 1636 2003 defendit
1657 1996 1666 2009 ‚
1691 1973 1844 2013 primum,
1867 1972 1949 2014 quod

1090 2018 1230 2047 mei-ces,
1257 2009 1294 2039 ad
1320 2008 1350 2040 se
1379 2011 1564 2043 transmiss'as
1580 2021 1619 2044 eo
1636 2013 1703 2054 ipso
1719 2015 1787 2052 die,
1809 2024 1871 2055 quo
1889 2013 1949 2045 Ti-

1092 2052 1156 2096 tius·
1177 2059 1228 2089 cas
1255 2049 1370 2081 arresto
1397 2051 1563 2083 incluserat
1583 2075 1594 2092 ,
1627 2055 1655 2086 δε
1678 2055 1801 2095 quidem
1830 2056 1951 2096 aliquot

1091 2092 1174 2123 horis
1188 2099 1260 2137 ante
1275 2091 1437 2138 ari-ellum,
1460 2093 1522 2132 jam
1544 2095 1634 2126 alteri
1651 2096 1834 2128 vendidiss'et
1845 2119 1855 2135 ,
1876 2096 1956 2137 quin.

1091 2134 1122 2165 dc
1143 2131 1313 2179 tradidisset
1335 2134 1506 2175 lymbolica
1530 2136 1698 2168 traditione
1722 2138 1859 2170 clavium
1886 2136 1953 2177 ejus

1093 2174 1216 2212 horrei,
1239 2183 1271 2205 111
1287 2183 1350 2214 quo
1365 2184 1484 2207 merces
1510 2185 1596 2209 erant
1619 2179 1779 2218 repositae,
1802 2187 1895 2219 atque
1917 2187 1948 2209 a-

1092 2216 1152 2246 deo
1171 2215 1224 2247 has
1252 2224 1390 2254 merces,
1426 2225 1537 2256 utpote
1559 2228 1606 2250 res
1625 2219 1776 2259 mobiles,
1801 2219 1951 2260 sequelam

1092 2266 1156 2288 non
1174 2256 1288 2286 habere
1299 2279 1316 2302 ‚³
1333 2256 1384 2289 sed
1400 2257 1437 2288 ad
1454 2257 1640 2298 postremum
1667 2270 1839 2301 emptorem
1858 2258 1949 2300 pcrti-

1093 2306 1175 2343 nere.
1198 2338 1203 2343 ¹
1222 2298 1380 2343 Omnibus
1392 2308 1470 2344 vero
1485 2300 1686 2332 Senatoribus
1702 2310 1736 2332 ca
1755 2302 1891 2334 defensio
1905 2300 1952 2331 di-

1095 2338 1239 2385 splicuit,
1267 2348 1337 2370 eum
1363 2340 1434 2371 latis
1450 2350 1629 2381 appareret,
1650 2352 1717 2374 eam
1737 2343 1950 2374 venditionem

1093 2379 1184 2427 fuisse
1211 2380 1333 2418 naam,
1363 2380 1393 2412 &
1414 2391 1430 2412 a
1452 2382 1545 2422 Caja,
1568 2384 1616 2416 cui
1634 2383 1729 2422 ἀπορία
1749 2383 1860 2420 Maevl'i
1886 2383 1950 2422 jam

1094 2429 1300 2460 innotuerat,
1331 2423 1423 2468 unice
1445 2423 1632 2463 simulatam,
1665 2432 1700 2455 ut
1716 2424 1869 2456 securitati
1891 2422 1951 2455 suae

1094 2462 1298 2509 consuleret-,j
1327 2472 1402 2504 quin
1426 2473 1487 2495 nec
1503 2465 1638 2504 perfetta
1653 2472 1718 2496 erat
1736 2473 1770 2495 ca
1787 2463 1952 2502 venditio,

1095 2512 1131 2535 ut
1148 2503 1211 2545 ipsa
1227 2503 1302 2550 Cara
1316 2514 1383 2536 eain
1400 2505 1591 2546 suggerebat.
1641 2505 1715 2537 Duo
1733 2512 1835 2537 tamen
1860 2506 1952 2537 Sena-

1098 2554 1182 2592 tores
1198 2544 1570 2586 cx1st1mabant,‘riti'u1n
1587 2554 1694 2578 contra
1711 2546 1817 2587 Cajam
1828 2555 1950 2587 ‚quam-

1097 2596 1145 2619 Vis
1160 2587 1378 2618 mandatarium
1399 2588 1511 2619 Maevii
1524 2610 1533 2625 ‚
1563 2596 1652 2629 agere
1667 2597 1730 2619 non
1748 2587 1834 2628 poll'e
1847 2609 1857 2626 ,
1879 2586 1950 2629 quia

1096 2627 1235 2673 Maevius
1258 2627 1357 2672 inulta
1379 2629 1477 2660 millia
1501 2628 1584 2668 Cajae
1607 2628 1738 2660 debebat
1771 2628 1841 2670 (110
1868 2628 1951 2659 0111111

1095 2678 1134 2700 ex
1153 2668 1342 2708 rationibus,
1365 2678 1439 2709 quas
1467 2668 1667 2709 proferebat,
1700 2670 1860 2702 videbatur
1874 2677 1949 2700 con-

1095 2709 1212 2754 stare)
1226 2710 1255 2740 ὅ(
1272 2709 1344 2748 quia
1359 2718 1397 2741 ex
1414 2710 1481 2749 jure
1496 2711 1735 2748 Mei-catorum,
1761 2710 1790 2742 δι
1810 2719 1848 2742 ex
1866 2709 1951 2742 Con-

1095 2750 1255 2795 suetudine
1276 2748 1562 2783 Amsterdaminenfl
1585 2761 1692 2784 verum
1710 2751 1771 2789 cst,
1796 2750 1950 2783 mandata-

1095 2800 1176 2822 rium
1205 2791 1236 2822 i'n
1262 2791 1370 2830 rebus,
1411 2800 1484 2832 quas
1513 2794 1708 2825 amandantc
1725 2792 1778 2824 suo
1797 2790 1950 2832 poffidct,

1095 2835 1288 2878 πρωτρς-ραξζαν
1312 2831 1424 2864 habere
1444 2842 1516 2864 ante
1538 2843 1645 2866 omncs
1665 2835 1741 2865 alios
1759 2832 1950 2865 Ort-ditores.

1095 2873 1207 2906 Nolim
1230 2871 1386 2913 disputare
1406 2897 1414 2913 ,
1445 2884 1483 2906 an
1502 2874 1532 2906 id
1556 2875 1741 2917 generaliter
1759 2882 1866 2905 verum
1891 2871 1948 2910 fit,

1095 2924 1133 2947 an
1157 2914 1309 2946 duntaxat
1332 2916 1416 2953 quod
1437 2916 1474 2947 ad
1492 2925 1610 2948 merces
1625 2938 1638 2955 ,
1666 2925 1752 2947 Ιιυααν
1771 2920 1803 2955 op
1818 2911 1952 2955 speciant

1890 2962 1948 2986 cre-

1131 3046 1207 3086 (11)
1228 3047 1321 3086 Confil.
1343 3047 1383 3076 H.
1407 3047 1439 3076 T.
1462 3048 1486 3077 1.
1506 3047 1598 3086 Confil.
1620 3055 1684 3082 245.

1130 3087 1207 3122 (12)
1230 3086 1320 3124 Confil.
1342 3086 1382 3115 H.
1405 3085 1437 3114 T.
1456 3087 1478 3116 1.
1500 3086 1593 3123 Confil.
1616 3093 1681 3121 253.
1702 3088 1766 3122 285.
1787 3083 1824 3121 ἃ
1845 3084 1911 3113 286,

1130 3125 1213 3161 (13)
1232 3124 1368 3154 Ncostad.
1389 3123 1478 3162 Deccff.
1499 3125 1576 3161 Supr.
1597 3122 1660 3154 Cur.
1679 3124 1716 3153 V.

1131 3163 1211 3202 (14)
1231 3163 1307 3194 Bello
1324 3161 1423 3202 Juria.
1442 3162 1511 3202 Casu
1531 3170 1576 3200 54.
