2008 3436
262 100 699 162 OBSERVATiONUM
731 114 866 165 Jnrus
899 112 1110 151 ROMANI
1167 113 1252 150 Lm.
1279 114 1329 152 v.
1383 117 1485 154 cAP.
1514 115 1581 155 iv.

37 204 86 240 nis
110 204 190 239 infra
212 203 381 238 Praetorem
402 202 463 244 juri
484 199 621 233 dicundo
647 195 776 245 praefuit
791 219 800 235 ,
827 194 897 228 stine

38 248 158 281 nullum
178 271 187 285 ‚
212 256 229 278 a
253 245 370 287 quoad
388 245 558 279 Praetorem
576 240 673 281 fuerit
693 238 894 280 appellatum.

39 291 143 322 Locus
166 287 353 334 Quintiliani
384 286 422 317 L.
447 284 502 330 Ill.
536 282 635 329 Instit.
669 281 764 313 Orac.
800 279 830 310 Cv
862 282 893 325 6.

37 340 130 372 quem
155 330 354 362 Hotomanus
379 327 504 359 adducit
522 349 531 364 ‚
572 333 673 370 minus
697 330 787 363 aptus
801 319 846 352 cst
862 329 894 352 in

37 382 104 404 cain
130 381 195 403 16111
212 394 221 410 ,
245 379 315 408 nam
333 369 397 407 ait,
430 363 699 399 fideicommissum
725 372 789 394 non
814 362 895 408 apud

37 413 228 449 Praetorem,
252 409 302 442 sed
326 409 406 451 apud
424 406 576 440 Consules
599 404 767 448 petendum
787 428 796 443 ‚
822 412 894 444 quia

36 456 133 497 major
152 453 295 485 Praetori'a
310 452 473 491 cognatione
486 450 598 485 samma
614 446 665 488 est.
712 445 814 493 Quod·
827 444 893 476 Ho-

37 504 164 528 toiuano
177 493 272 534 tnagis
286 493 389 531 obest,
413 500 504 531 quam
523 489 667 532 prodest,
684 497 756 529 quia
774 495 894 518 minora

34 537 184 568 duntaxat
209 532 441 566 fideicoinmissa
463 532 648 574 petebantur
674 528 755 570 apud
778 528 893 559 Praeto-

34 586 98 609 reni
121 574 434 608 fideicommiss'arium
449 597 458 613 ,
482 574 599 613 majora
622 571 701 616 apud
721 567 891 608 Consules,

33 626 69 650 ut
87 617 117 649 &
143 616 290 656 Cujacius
310 616 420 647 docuit
445 615 482 646 L.
508 614 601 646 xxi.
629 614 757 653 Observ.
782 612 813 642 C.
838 613 893 657 3⁶·

33 657 120 691 Infra
141 658 295 690 Praetores
323 657 447 698 quidem
472 656 611 693 AEdilcs,
637 654 688 695 qui
717 652 894 698 itidemqus

32 699 176 732 dicebant
192 723 202 738 ‚
228 697 279 730 scd
296 698 448 730 duntaxat
468 698 499 728 in
517 696 612 728 cei-tis
637 694 732 726 causis
749 717 758 733 ‚
783 693 895 738 quibus

32 750 140 773 eorum
156 738 393 781 circumscripta
411 747 477 770 erat
497 735 631 779 potestas
646 761 655 776 ‚
680 744 714 767 ut
733 735 763 766 δε
788 734 894 775 Ulpia-

22 792 91 814 .nus
112 781 262 822 fignificat
287 781 318 812 in
341 782 362 812 1.
383 784 402 811 6
429 805 434 811 .
463 781 512 820 ff.
536 784 570 811 de
590 778 686 810 sEail.
711 775 812 808 Edist.
836 784 894 806 nec

34 823 64 855 in
87 823 132 854 liis
148 822 244 854 causis
259 822 296 853 ab
311 822 406 853 AEdili
433 832 467 852 us
481 821 517 853 ad
533 821 687 852 Praetorcs
703 817 892 859 appellatum

32 863 124 896 fuiss'e
142 863 250 902 ullibi,
274 864 357 904 quod
377 862 469 894 sciam
489 886 498 901 ,
522 862 653 894 relatum
676 859 730 891 611.
776 858 892 889 Praeto-

34 915 83 937 res
100 905 224 945 quidem
241 904 353 936 dabant
370 904 487 944 judices
499 925 510 941 ,
533 912 550 934 a
599 901 687 946 uibus
713 898 766 944 ipsi
789 897 891 939 appel-

33 947 175 978 labantur
189 968 200 984 ‚
225 944 273 977 sed
296 953 500 986 praeterquam
519 953 580 984 quo
620 942 664 973 illi
683 940 806 984 judices
828 947 891 970 non

34 987 131 1019 ell'ent
154 985 353 1027 Magistratus
369 1008 379 1024 ,
414 994 449 1015 ea
473 993 599 1025 quoque
621 981 792 1022 appellatio
819 988 890 1020 pro-

35 1027 150 1060 miscue
165 1026 307 1058 conceil'a
329 1027 350 1058 l.
380 1035 404 1057 1.
423 1032 472 1066 pr.
487 1026 535 1065 ff.
580 1024 659 1068 Quis
673 1032 690 1054 a
706 1031 761 1063 quo
782 1021 890 1067 appell.

33 1078 94 1101 non
111 1067 236 1100 definita
252 1076 362 1108 nempe
376 1066 510 1106 summa,
536 1075 623 1107 quae,
648 1072 683 1096 ut
700 1070 736 1094 ut
751 1071 889 1101 minima,

32 1108 269 1151 appellationem
283 1107 490 1150 prohibuerit.

73 1149 271 1196 Quapropter
291 1159 353 1181 non
371 1149 603 1187 animadverto,
627 1145 890 1191 quemadmodum

29 1191 139 1224 idonea
156 1190 206 1222 liic
226 1189 286 1222 effe
302 1190 393 1232 ponit
416 1190 562 1223 Praetori's
587 1189 707 1220 mentio
727 1189 759 1220 in
782 1186 889 1232 defini-

28 1231 106 1264 enda
123 1230 256 1270 sinum-a,
281 1241 368 1273 quae,
394 1232 425 1263 in
445 1231 535 1264 causa
557 1229 776 1275 appellationis
790 1251 799 1267 ‚
823 1236 889 1267 ejus

28 1273 192 1306 notionem
210 1272 329 1304 faceret
341 1297 350 1312 ‚
375 1274 428 1306 vel
443 1283 508 1305 non
526 1271 654 1304 faceret.
679 1271 784 1312 Magis
801 1278 886 1300 com-

28 1314 158 1346 modum
173 1313 247 1346 ess'et
289 1314 397 1356 liquid
421 1314 532 1346 mutari
555 1314 692 1356 placeret
720 1310 889 1356 utrobique

28 1356 61 1388 in
84 1357 112 1387 b.
136 1356 163 1396 §.
192 1365 218 1386 1.
244 1338 427 1388 f'ubstitucre
440 1365 553 1387 vocem
578 1352 737 1393 Praefidis,
761 1353 792 1386 δί
818 1360 888 1391 qma

28 1396 187 1430 fimilitudi
211 1405 229 1428 e
244 1397 274 1429 ὃς
293 1397 370 1429 sono
385 1398 454 1439 plus
468 1396 590 1428 accedit
606 1398 642 1428 ad
662 1405 774 1427 vocem
796 1393 886 1425 Prin-

28 1439 124 1479 cipis,
149 1434 180 1470 di
221 1438 270 1469 uia
287 1439 353 1479 ejus
370 1438 512 1480 cognitio
539 1437 575 1469 ad
598 1437 758 1479 graviores
782 1433 886 1467 causas

27 1479 193 1522 pei-tinet,v
246 1489 276 1510 m
290 1490 307 1512 a
322 1479 558 1522 Magistratibus
573 1477 821 1519 Municipalibus
838 1484 887 1508 res

27 1530 93 1553 non
106 1520 299 1562 judicantur,
323 1521 379 1554 nifi
394 1532 486 1562 usque
506 1524 542 1551 ad
557 1526 705 1560 jain-mam
722 1544 730 1559 ‚
754 1529 813 1562 qua
831 1518 886 1559 jus

26 1563 126 1595 dicere
136 1560 259 1604 poffin-t,
282 1572 317 1593 ut
332 1563 376 1594 est
395 1563 475 1604 apud
492 1562 623 1594 Paulum
645 1562 764 1603 Fragm.
788 1562 828 1594 L.
844 1558 883 1591 V.

19 1603 65 1637 T.
88 1603 128 1635 V.
150 1603 179 1644 ς’.
206 1613 231 1635 1.
276 1603 368 1636 Unde
384 1606 414 1636 ἃ
431 1603 546 1644 Gajus,
572 1603 602 1635 in
618 1604 686 1645 jure
706 1602 884 1635 Provincia-

25 1655 96 1678 rum
110 1645 360 1686 interpretando,
384 1645 463 1677 hanc
480 1643 685 1686 quaestionem
706 1655 747 1677 ex
788 1642 885 1676 rofes-

21 1685 61 1728 so
86 1686 229 1719 tractavit
250 1687 282 1718 in
313 1687 323 1717 l
361 1695 409 1718 11.
437 1694 484 1727 pr.
502 1688 546 1728 ff.
574 1690 607 1719 cle
628 1687 755 1728 Jzirisdi
772 1689 794 1718 t.
818 1692 887 1727 quae

26 1727 72 1760 est
88 1737 130 1760 ex
156 1727 196 1760 L.
216 1727 240 1760 Ι.
264 1731 302 1759 aa
324 1728 462 1760 &aruum
478 1729 691 1767 Provfflciale,
714 1729 808 1760 docet
825 1727 886 1763 ibi,

20 1769 168 1812 pluribus
193 1769 366 1802 actionibus
392 1770 544 1802 institutis
560 1793 571 1809 ,
602 1781 730 1812 quarum
750 1770 886 1811 fiizgzcla-

25 1820 93 1842 rum
105 1812 260 1852 quantitas
279 1813 362 1844 intra
378 1812 624 1854 jurisdictionem
639 1814 810 1854 judicantis
823 1811 885 1851 sit,

26 1854 207 1884 coacervatio
241 1863 313 1885 vero
352 1856 481 1885 omnium
517 1857 640 1886 excedat
658 1877 668 1892 ,
699 1854 886 1896 finguiamm

25 1892 156 1927 summas
168 1893 229 1926 esse
245 1893 435 1941 spectandas,
449 1895 611 1937 pluribus,
623 1896 767 1938 inquam,
791 1895 886 1928 attio-

22 1934 114 1967 nibus
136 1935 287 1969 institutis
301 1960 311 1976 ,
335 1947 408 1968 cum
424 1961 434 1976 ‚
458 1937 480 1969 fi
505 1937 574 1978 quis
597 1947 658 1969 una
684 1937 884 1978 experiatur,

25 1985 95 2018 quae
112 1977 200 2018 plura
215 1978 319 2018 capita
342 1977 455 2018 habet,
480 1978 567 2011 secus
594 1978 630 2010 111
656 1979 821 2010 dicendum
845 1989 885 2010 ex

25 2018 55 2048 b.
77 2017 98 2048 Ι.
127 2028 172 2050 10.
195 2018 223 2058 §.
251 2027 277 2050 1.
324 2019 459 2052 Omnem
484 2020 610 2061 quidem
633 2019 886 2061 Jurisdittionem

24 2057 258 2100 Magistratibus
286 2060 536 2102 Municipalibus
560 2061 753 2102 denegarunt
777 2061 885 2103 Scipio

26 2097 164 2132 Gentilis
185 2100 216 2132 &
239 2101 395 2134 Reinesius
410 2126 420 2141 ‚
445 2102 495 2134 sed
522 2103 559 2134 iis
581 2103 716 2136 mascule
735 2102 766 2135 se
785 2111 884 2145 oppo-

23 2138 89 2173 suit
118 2140 167 2173 Cl.
199 2141 290 2174 Otto.
315 2144 350 2174 de
371 2143 467 2176 AEdz'l.
491 2145 637 2176 Cutorziar.
662 2144 698 2180 ἐξ
729 2144 883 2186 Munictp.

27 2181 59 2213 C.
90 2191 136 2224 13.
161 2181 240 2221 ubi,
264 2184 409 2225 quicquid
432 2184 477 2217 est
499 2188 565 2226 ejus
587 2187 788 2228 argumenti,
822 2187 886 2228 ple-

26 2233 66 2255 na
83 2233 175 2255 manu
191 2223 381 2265 exsequutus
395 2225 448 2258 est.
494 2227 592 2268 igitur
611 2229 707 2269 magis
732 2237 884 2269 opportu-

24 2264 137 2311 uzi-hic
162 2264 238 2296 ess'et
262 2266 381 2297 mentio
406 2267 544 2307 Praefiais
564 2291 572 2303 .
598 2278 689 2310 quam
711 2268 857 2301 Praetoris
874 2292 883 2308 ‚

26 2314 79 2347 qui
98 2314 210 2337 contra
222 2315 314 2348 quam
333 2307 396 2339 dici
415 2308 494 2341 solet
509 2333 518 2349 ,
544 2309 653 2341 Romae
672 2311 766 2342 etiam
791 2311 883 2343 mini-

25 2355 76 2378 ma
91 2346 235 2387 curabat,
261 2356 465 2390 praeteiquam
489 2352 520 2383 in
543 2350 632 2382 causa
655 2351 730 2383 doli.
756 2353 776 2383 1.
799 2362 828 2389 9.
854 2353 884 2393 §-

26 2387 82 2419 ult.
105 2387 126 2419 l.
154 2397 201 2420 10.
226 2388 262 2423 ὃ
277 2390 297 2421 l.
327 2399 373 2422 11.
393 2398 442 2430 pr.
457 2393 505 2432 ff.
530 2395 564 2423 cle
585 2392 654 2424 Dal.
676 2393 747 2424 mal.

67 2429 126 2461 Sed
155 2430 261 2470 quidni
285 2430 442 2465 servemus
467 2434 633 2465 lectionem
653 2456 664 2472 ,
689 2434 742 2466 sibi
770 2434 886 2476 ubique

26 2468 217 2517 constantem
234 2495 243 2511 ‚
274 2482 291 2503 a
314 2473 451 2506 Basilicis
473 2484 599 2516 quoque
623 2475 794 2516 express'am
809 2500 820 2515 ,
856 2478 886 2508 ὀί

23 2509 100 2543 boni
119 2509 220 2544 sensus
235 2513 384 2554 plenam?
407 2515 543 2556 disputat
569 2515 738 2557 Ulpianus,
763 2517 785 2549 fi
803 2527 884 2557 quae-

27 2559 134 2591 ratur,
165 2553 202 2584 ad
224 2564 315 2596 quam
340 2554 488 2588 summam
519 2558 612 2589 liceat
641 2567 817 2599 provocare
848 2558 884 2590 ad

26 2590 200 2634 Principem
217 2618 226 2633 ,
249 2597 508 2636 quemadmodum
530 2598 655 2631 summae
679 2599 737 2632 fint
756 2609 897 2642 compu-·

27 2633 145 2673 tandae,
164 2634 186 2666 fi
203 2635 355 2669 sententia
369 2638 473 2679 plures
491 2640 654 2672 contineat
664 2663 676 2680 ,
701 2642 730 2674 &
745 2642 807 2680 ait,
821 2651 885 2673 non

25 2671 224 2721 separandas,
248 2676 299 2709 sed
314 2679 545 2721 conjungendas
556 2703 567 2719 ‚
591 2681 612 2713 fi
629 2691 668 2713 ex
684 2692 745 2714 una
762 2683 885 2715 afflone

28 2713 280 2786 proficiscantut3
302 2719 339 2750 ad
357 2720 532 2763 Principem
552 2723 649 2763 igitur
666 2724 813 2766 appellari
846 2724 885 2756 „fi

45 2764 154 2800 ummae
172 2759 344 2798 conjunt'tae
358 2761 423 2801 ejus
441 2764 604 2796 notionem
619 2763 747 2797 faciant.
793 2765 832 2798 Sa
846 2775 886 2798 va

28 2803 139 2841 utique
157 2806 206 2843 res
225 2800 270 2831 est
286 2823 296 2839 ‚
320 2801 350 2833 δί
367 2802 448 2835 salva
465 2803 616 2846 scriptura
631 2829 641 2845 ,
666 2807 688 2839 fi
710 2814 803 2838 aetate
828 2807 883 2839 Ul-

28 2845 110 2881 piani
130 2837 167 2868 ad
185 2839 284 2879 ipsum
297 2841 470 2916 Principem
488 2845 586 2877 fuerit
604 2855 832 2888 provocatum,
853 2849 884 2880 ἃ

28 2876 120 2909 fuisse
134 2887 340 2928 provocatum
357 2884 387 2925 ip
402 2896 420 2916 e
434 2886 585 2927 Ulpianus
601 2889 709 2921 auftor
724 2891 778 2922 611.
806 2890 844 2921 L.
856 2889 880 2921 Ι.

28 2920 63 2950 de
81 2918 334 2959 Appellationibus
349 2947 359 2962 ‚
379 2927 450 2958 nani
471 2937 512 2959 ex
532 2938 572 2960 eo
593 2929 729 2963 refertur
749 2931 780 2963 in
804 2931 824 2962 l.
853 2940 880 2962 1.

29 2959 58 3001 §.
87 2969 113 2991 1.
130 2961 179 3000 ff.
201 2964 232 2994 A
248 2967 449 3013 quia-appell.
472 2979 528 3001 non
544 2971 595 3002 lic.
613 2970 745 3012 stultum
764 2972 816 3014 effe
830 2975 881 3004 ad-

30 3011 145 3034 monere
161 3026 172 3042 ,
205 3014 224 3036 a
238 3005 380 3048 Principe
402 3011 548 3050 appellare
558 3013 615 3054 fas
638 3023 696 3046 non
718 3013 792 3056 effe,
814 3025 882 3049 cum

1742 126 1808 163 142⁷

939 195 997 235 ipse
1014 192 1078 231 fit,
1101 194 1153 235 qai
1164 199 1362 234 provocatur.
1408 195 1485 227 Inde
1502 205 1552 229 tot
1569 195 1758 240 quaestiones
1772 195 1812 227 de

938 235 1203 277 appellationibus
1217 235 1254 266 ad
1274 236 1453 277 Principem
1473 238 1503 269 iii
1529 240 1548 269 ι.
1574 249 1624 271 21.
1645 247 1696 280 pr.
1721 236 1757 273 ὅ)
1777 238 1808 277 §.

942 286 967 309 1.
992 278 1022 309 «Sc
1043 278 1063 309 l.
1089 277 1202 316 25.ff.
1227 279 1261 308 cle
1279 277 1436 318 Appellat.
1461 278 1503 310 Et
1518 279 1655 312 Tacitus
1680 279 1806 312 LXV.

938 318 1054 351 Amial.
1080 319 1113 350 C.
1141 323 1189 352 28.
1212 318 1250 349 de
1274 317 1430 351 Nerone:
1465 323 1556 352 auxit
1575 328 1701 361 patrum
1723 323 1807 352 hono-

937 372 999 393 rem
1018 384 1027 400 ,
1042 359 1205 401 statuendo
1223 383 1232 399 ,
1254 367 1288 391 ut
1311 363 1364 401 qui
1388 372 1405 393 a
1423 363 1560 401 privatis
1581 363 1747 403 Judz'ci'bus
1769 363 1808 394 aa

938 403 1083 435 Senatum
1105 400 1348 443 provocaviffent
1371 427 1381 439 ,
1413 404 1545 445 ejusdem
1568 406 1701 444 pecuniae
1728 406 1807 445 peri-

937 445 1037 477 culum
1053 445 1197 485 facerent
1218 467 1227 482 ‚
1251 445 1386 486 cujus'ii
1402 469 1411 483 ,
1450 447 1502 486 qm·
1525 446 1735 487 Imperatorem
1756 451 1806 486 ap-

934 487 1097 528 pellavere.
1143 485 1239 518 Vides
1264 495 1389 527 poenam
1414 485 1543 519 frivolae
1567 487 1807 529 appellationis,

936 539 1006 571 quae
1030 528 1124 560 hodie
1152 527 1269 568 ubique
1292 526 1360 559 fere
1385 526 1538 560 Gentium
1566 529 1615 561 fre
1640 536 1807 564 uentatur,

937 572 968 602 δε
982 569 1060 601 011111
1079 569 1190 601 Romae
1206 568 1375 601 obtinuiss'e
1391 593 1399 608 ,
1426 570 1455 602 δε
1474 579 1599 611 poenam
1644 570 1719 601 uiss'e
1743 579 1807 601 ma·

938 611 1074 649 ximam,
1099 610 1121 643 fi
1137 610 1206 651 quis
1224 610 1255 641 iii
1271 610 1391 650 J'udicio
1411 611 1634 652 appellationis
1650 610 1740 643 causa
1754 620 1804 642 ca-

937 653 1024 683 deret
1040 651 1121 693 apud
1140 651 1318 697 Principem
1337 675 1346 691 ‚
1372 660 1407 684 ut
1433 654 1463 684 ὃς
1487 652 1581 684 hodie
1603 653 1739 685 maxima
1761 650 1809 683 est

912 696 915 698 '
937 693 1018 735 apud
1034 703 1108 731 eos,
1132 693 1182 733 qui
1200 701 1272 723 Vice
1291 691 1374 725 sacra
1389 693 1546 734 judicant:
1559 704 1631 726 nam
1647 693 1701 736 ipfi
1717 693 1805 726 Prin-

938 737 1023 776 cipes
1039 734 1132 766 hodie
1155 733 1263 765 litibus
1279 734 1454 774 judicandis
1472 745 1537 767 non
1554 744 1677 768 vacant.
1724 735 1806 767 1³1·ae-

939 784 1026 807 16160
1052 776 1197 816 exempla
1213 776 1459 816 appellationum
1472 801 1482 816 ‚
1506 786 1575 818 qua}
1592 777 1672 818 apud
1690 777 1806 808 Roma-

937 827 994 848 nos
1017 816 1054 847 ad
1081 816 1260 857 Principem
1282 815 1375 849 factae
1401 817 1472 849 sunt
1490 841 1499 857 ,
1525 819 1555 850 &
1575 818 1606 850 in
1629 819 1806 850 Annalibus

936 857 1067 896 Taciti,
1093 858 1122 889 ἃ
1138 857 1212 892 alibi
1227 857 1360 890 exstant.
1407 859 1481 890 Scio
1503 859 1682 902 Principes,
1708 860 1804 892 etiam

936 899 1016 930 citi-a
1033 898 1276 939 appellationem
1290 922 1299 937 ,
1325 899 1408 932 retia
1425 899 1505 941 ssepe
1521 899 1614 933 fuiss'e
1631 901 1805 941 aditos,de
1825 902 1828 904 ’

935 939 1026 970 rebus
1047 948 1173 979 quoque
1197 940 1334 972 minimis
1349 964 1359 980 ,
1386 941 1415 972 δε
1441 951 1457 972 a
1475 941 1615 982 personis
1632 943 1805 981 vilifiimis,

934 980 972 1011 de
990 989 1054 1021 quo
1077 979 1223 1011 nonnihil
1242 980 1309 1012 dixi
1335 983 1425 1013 Libr.
1448 983 1568 1024 singul.
1593 986 1631 1016 ad
1653 985 1672 1015 l.
1697 984 1803 1016 Lea-a.

933 1032 986 1059 40.
1002 1021 1050 1061 ff.
1074 1023 1107 1053 de
1132 1020 1205 1052 Reb.
1231 1025 1311 1054 cred.
1342 1024 1374 1054 C.
1397 1033 1425 1054 2.
1448 1031 1543 1065 atque
1569 1026 1636 1057 haec
1660 1026 1705 1057 est
1727 1026 1804 1062 ’ἔτερα

934 1064 988 1094 ἑοὶ»,
1006 1086 1015 1101 ,
1058 1063 1147 1103 ciijtis
1171 1063 1316 1095 meminit
1340 1066 1368 1095 d.
1393 1065 1416 1096 l.
1440 1074 1490 1105 25.
1515 1067 1563 1106 ff.
1588 1070 1622 1098 ae
1646 1068 1805 1108 Appellat.

933 1104 993 1136 Sed
1020 1112 1111 1135 extra
1135 1103 1278 1135 ordinem
1303 1104 1335 1136 id
1359 1104 1476 1138 facium
1500 1104 1565 1147 est,
1592 1108 1622 1140 &
1647 1108 1684 1140 fit
1708 1109 1804 1142 etiam

932 1154 1035 1184 nunc,
1061 1144 1149 1177 salvo
1166 1145 1198 1177 in
1216 1145 1347 1186 reliquis
1367 1147 1436 1186 jure
1451 1149 1682 1189 appellationis.

976 1185 1131 1230 Quamvis
1145 1194 1250 1217 autem
1267 1188 1375 1228 regula
1391 1187 1428 1220 fit
1443 1188 1521 1229 juris
1532 1214 1541 1229 ,
1566 1189 1603 1225 ὅ)
1626 1194 1658 1222 in
1681 1193 1804 1234 majori-

932 1229 1004 1268 bus,
1030 1228 1066 1263 &³
1084 1229 1117 1259 in
1141 1230 1304 1261 minoribus
1326 1232 1454 1271 negotiis
1476 1233 1647 1272 appellandi
1659 1234 1802 1274 faculta-

932 1277 991 1302 tem
1014 1270 1066 1311 effe
1095 1269 1116 1301 l.
1142 1279 1194 1302 20.
1227 1271 1259 1302 C.
1282 1272 1317 1302 de
1335 1272 1490 1312 Appellat.
1517 1272 1554 1308 ἐξ
1575 1276 1732 1315 consultat.
1755 1275 1802 1308 fa-

932 1312 994 1343 cile
1010 1319 1114 1344 tamen
1131 1311 1334 1352 crediderim,
1359 1313 1457 1353 hanc,
1476 1323 1512 1346 ut
1528 1316 1560 1348 in
1573 1317 1643 1348 aliis
1659 1318 1800 1359 excepti-

929 1363 1006 1385 ones
1025 1352 1091 1385 suas
1106 1352 1188 1399 paffa
1202 1352 1266 1399 est,
1291 1354 1333 1391 fic
1355 1356 1386 1386 i&
1412 1355 1527 1397 pallam
1548 1358 1580 1390 in
1604 1358 1714 1391 litibus
1743 1359 1800 1391 rni-

929 1395 1022 1440 nimae
1041 1401 1243 1440 quantitatis,
1269 1402 1303 1426 ut
1321 1394 1443 1428 scilicet
1459 1397 1497 1429 de
1512 1398 1561 1431 his
1573 1423 1582 1439 ‚
1607 1409 1647 1432 ex
1663 1400 1800 1442 appella-

931 1444 1037 1475 tione,
1062 1445 1126 1467 non
1144 1435 1334 1476 judicaverit
1354 1437 1438 1478 ipsus
1454 1438 1639 1481 Imperator.
1666 1441 1703 1474 In
1719 1440 1800 1474 Ger-

928 1477 1030 1509 mania
1045 1478 1074 1509 &
1092 1477 1123 1509 in
1136 1476 1270 1523 belgio,
1294 1477 1381 1510 forte
1403 1480 1432 1511 δε
1449 1480 1523 1513 alibi
1544 1481 1697 1515 Gentium
1709 1507 1720 1523 ,
1746 1493 1762 1515 a
1786 1501 1798 1507 -

928 1519 1116 1560 pellationes
1140 1528 1171 1550 in
1189 1519 1286 1551 causis
1307 1520 1439 1553 minoris
1458 1524 1613 1555 momenti
1632 1534 1696 1556 non
1714 1525 1752 1556 de
1768 1534 1801 1556 6-

929 1568 1041 1592 111111111·
1058 1560 1095 1592 ad
1112 1559 1253 1601 suprema
1267 1560 1455 1594 Tribunalia
1471 1585 1480 1602 ‚
1505 1561 1557 1596 sed
1578 1565 1708 1597 definita
1726 1566 1803 1608 legi-

927 1601 987 1633 bus
1003 1601 1048 1633 est
1065 1601 1200 1641 sumina,
1225 1611 1293 1643 quae
1311 1602 1349 1634 ab
1364 1602 1515 1636 inferiore
1530 1606 1568 1638 ad
1586 1606 1801 1648 superiorem,

930 1642 967 1674 ab
983 1643 1044 1674 1106
1061 1642 1098 1674 ad
1113 1641 1291 1683 supremum
1303 1644 1440 1684 judicem
1449 1655 1604 1687 quamcun
1610 1658 1671 1690 que
1680 1658 1800 1690 provo-

931 1684 1092 1716 cationem
1112 1683 1265 1716 excludit.
1311 1685 1416 1726 Atque
1441 1687 1485 1718 ita
1510 1697 1591 1734 puto
1608 1713 1618 1729 ‚
1643 1689 1802 1731 Principis

930 1725 1067 1757 Romani
1083 1725 1250 1757 notionem
1268 1735 1332 1758 non
1348 1726 1461 1766 fuifl'e,
1486 1729 1542 1762 nisi
1560 1730 1599 1762 de
1620 1730 1717 1763 causis
1735 1740 1803 1773 gra-

930 1767 1091 1806 vioribus,
1117 1776 1187 1808 quae
1208 1775 1326 1798 certain
1343 1769 1485 1809 pecuniae
1500 1769 1650 1804 summam
1668 1772 1802 1804 excede-

929 1807 1016 1841 bant.
1064 1808 1109 1840 Ut
1133 1809 1196 1839 1106
1220 1808 1344 1840 credam
1360 1833 1370 1849 ‚
1396 1819 1461 1843 non
1478 1818 1602 1845 tantum
1616 1823 1667 1845 me
1688 1819 1802 1845 movet

930 1849 1021 1882 locus
1036 1849 1166 1891 Ulpiani
1184 1850 1215 1881 in
1241 1851 1268 1882 h.
1294 1851 1315 1881 l.
1333 1859 1381 1882 10.
1406 1852 1434 1892 §.
1463 1862 1488 1884 1.
1512 1852 1530 1893 (
1563 1863 1725 1895 uainquam
1745 1852 1800 1886 vel

930 1890 995 1922 sola
1010 1891 1076 1931 ejus
1094 1890 1263 1923 auum-itas
1287 1891 1366 1923 mihi
1383 1863 1566 1936 sufficeret&
1589 1894 1641 1927 sed
1666 1896 1696 1928 &
1716 1894 1798 1928 Dio-

929 1933 978 1964 nis
1001 1931 1094 1964 Caflii
1117 1932 1157 1963 L.
1182 1931 1250 1964 LII.
1269 1939 1301 1974 p.
1315 1943 1353 1965 m.
1373 1943 1447 1975 557.
1471 1935 1525 1967 ubi
1539 1936 1703 1969 Maecenas
1719 1936 1798 1968 Ora-

929 1974 1017 2005 tione
1039 1974 1077 2005 ad
1100 1972 1291 2015 Augustum:
1319 1977 1419 2014 Δίκαζε
1439 1975 1467 2005 δὲ
1491 1990 1533 2013 εφη
1555 1981 1631 2011 aar&
1653 1979 1711 2018 ἰδίᾳ
1733 1981 1800 2009 τάγε

928 2019 1047 2052 ὄφει-ψει
1068 2015 1109 2051 2(qu
1132 2030 1166 2045 τρι
1185 2019 1362 2051 ἀναπόμπιμοι
1378 2040 1388 2056 ‚
1410 2016 1461 2048 'lu-x
1488 2018 1517 2047 οἶν
1537 2019 1615 2058 mqy'
1635 2033 1663 2051 τε
1691 2019 1713 2050 ἢ
1742 2031 1800 2054 μω·

928 2059 997 2095 <ostam
1018 2058 1161 2096 οἱςχῆιΊων,
1186 2057 1229 2093 &4
1251 2057 1322 2099 &7992
1346 2058 1368 2086 ‘'r''
1391 2059 1548 2099 ε’πιτςόπων,
1572 2065 1635 2092 τέπ
1656 2063 1799 2101 πολ“1άςχυ

931 2100 971 2133 χᾲ4
993 2099 1017 2132 ξ
1034 2102 1175 2131 dvi-emund
1197 2104 1219 2139 ³9⁸
1237 2099 1258 2127 “3⁴³
1281 2100 1417 2140 ἱπάξχων,
1439 2104 1501 2130 τέπ
1516 2102 1535 2132 ἳ-
1551 2106 1621 2134 σῖτον
1641 2103 1796 2134 {wonomir-

929 2145 1007 2177 ,υἱῷ-ι’
1039 2141 1081 2186 ιςρ]
1108 2140 1129 2170 ff
1150 2145 1420 2181 nnncpvmtzgvl&,
1447 2146 1600 2182 ἀφικνῆται,
1646 2144 1728 2192 Quae
1753 2144 1800 2176 ita

928 2182 1028 2214 vertit
1047 2181 1236 2224 hylander:
1261 2182 1326 2224 Ipse
1347 2186 1447 2216 autem
1463 2185 1588 2223 seorsim
1609 2188 1643 2219 de
1666 2185 1764 2225 caufis
1783 2208 1797 2225 ‚

927 2224 959 2254 in
982 2226 1088 2265 quibus
1107 2228 1318 2264 provocatione
1339 2232 1498 2266 certatur,
1514 2228 1797 2269 judiciumfacies,

927 2275 991 2306 quae
1012 2276 1030 2297 a
1052 2267 1216 2307 majoribus
1239 2266 1506 2308 Allagzstratibnst,
1530 2273 1682 2302 tutoribus
1704 2269 1798 2311 (ego

927 2315 1020 2339 verto
1037 2332 1046 2348 ,
1082 2308 1338 2340 Procuratoribus
1360 2309 1509 2350 Caesaris,
1534 2312 1589 2352 qui
1613 2312 1644 2344 &
1669 2311 1745 2343 alias
1767 2320 1798 2342 a-

927 2348 991 2389 pud
1013 2348 1152 2382 Dionem
1176 2350 1329 2388 ivn'qeomi,
1353 2360 1425 2383 nam
1441 2351 1548 2393 inepta
1570 2352 1623 2384 hic
1647 2351 1693 2384 est
1717 2357 1800 2384 tuto-

927 2399 994 2421 rum
1010 2391 1160 2432 mentio)
1182 2391 1330 2432 Praefe&o
1356 2392 1470 2432 Urbis,
1494 2395 1692 2436 Subcensore,
1711 2394 1793 2426 Prae-

919 2430 1038 2472 fidibus
1063 2432 1301 2465 Provinciarum
1318 2457 1328 2472 ‚
1364 2444 1486 2466 annonae
1507 2435 1707 2468 Procuratore
1724 2458 1734 2475 ,
1759 2435 1798 2470 ἐξ

928 2473 1079 2505 ηοὲῗιινηω
1099 2474 1237 2514 custodiae
1260 2476 1414 2518 Magistro
1435 2477 1597 2518 (Praefefto
1614 2477 1796 2520 Vigilum),

927 2515 1054 2547 dixisset
1074 2516 1184 2562 melius
1200 2539 1212 2555 ,
1236 2519 1273 2548 ad
1296 2524 1324 2550 le
1347 2520 1538 2558 reseruntur.
1582 2520 1717 2561 Majoris
1740 2519 1797 2560 igi--

928 2564 980 2603 tui·
994 2565 1146 2603 momenti
1163 2559 1309 2600 negotia,
1334 2570 1390 2602 per
1406 2561 1628 2602 apellationem
1642 2585 1652 2601 ,
1678 2560 1797 2592 Princi-

926 2607 975 2640 pis
988 2598 1109 2639 judicio
1128 2598 1283 2639 reservat,
1309 2600 1377 2633 fere
1396 2604 1433 2634 ad
1448 2603 1629 2643 exemplum
1644 2600 1772 2634 Romuli
1786 2623 1797 2638 ,

927 2640 980 2681 qui
995 2640 1034 2672 de
1051 2640 1233 2681 graviffimis
1253 2643 1349 2675 causis
1375 2642 1441 2685 ipse
1463 2644 1673 2682 decernebat,
1697 2641 1797 2673 levio-

927 2691 976 2713 res
990 2681 1195 2723 pei-mittebat
1211 2683 1413 2717 senatoribus
1428 2708 1438 2724 ,
1463 2694 1499 2716 ut
1515 2683 1560 2716 est
1574 2684 1654 2725 apud
1670 2682 1796 2724 Diony‘

927 2722 1004 2755 sium
1023 2723 1228 2756 Halicarnass.
1254 2727 1293 2756 L.
1314 2725 1353 2758 II.
1375 2734 1407 2767 p.
1431 2737 1471 2758 m.
1495 2731 1547 2766 87.
1570 2725 1679 2757 multis
1697 2723 1795 2764 igitur

927 2765 1108 2796 nominibus
1130 2765 1209 2797 bene
1234 2765 1265 2797 se
1289 2767 1383 2799 habet
1400 2777 1466 2799 vox
1482 2766 1639 2807 Principis
1663 2766 1694 2797 in
1719 2767 1747 2795 h.
1771 2765 1795 2797 l.

931 2814 979 2838 10.
1004 2805 1032 2847 §.
1046 2816 1071 2838 1.
1096 2816 1161 2838 non
1181 2807 1261 2839 bene
1277 2818 1345 2839 vox
1357 2809 1512 2840 Proetorz's.
1540 2807 1585 2838 Ut
1603 2816 1681 2838 vero
1701 2805 1794 2837 Prin-

927 2850 1020 2889 cipem
1031 2847 1082 2879 1116
1094 2848 1125 2879 111
1133 2848 1296 2880 Proetorem
1314 2858 1415 2881 mutat
1426 2849 1627 2881 Hotomanus
1635 2871 1645 2887 ,
1657 2847 1699 2880 fic
1709 2847 1791 2879 Proe-

926 2897 1018 2922 torem
1041 2889 1074 2921 in
1097 2889 1269 2930 Principem
1291 2890 1470 2921 Bachovius
1494 2890 1526 2922 111
1560 2890 1580 2921 l.
1601 2900 1654 2931 50.
1680 2889 1727 2929 ff.
1756 2891 1792 2920 de

924 2931 1057 2972 Aequir.
1088 2940 1148 2962 rer.
1178 2933 1287 2963 durnin.
1321 2931 1417 2962 ctiam
1446 2940 1634 2972 perperam,
1666 2930 1791 2963 ut‘dixi

924 2973 1141 3016 Differtatz’one
1163 2975 1196 3005 de
1216 2972 1355 3005 Dominio
1376 2976 1471 3005 maris
1494 2974 1526 3004 C.
1551 2971 1610 3005 IX,

1041 3258 1114 3292 T2
1699 3257 1792 3293 CA·
