2008 3436
290 124 733 164 OBSERVATIONUM
784 123 919 170 JURIS

59 211 187 245 modum
214 209 347 242 Tacitus
364 207 393 240 id
409 207 501 239 cll-‘ert
527 206 562 238 L.
582 204 636 237 IV.
664 202 839 253 {bstou-C.
864 214 919 243 λμ.

59 254 90 286 ὗε
111 264 153 293 43
196 251 299 289 Idem,
323 250 428 282 eadem
439 248 622 284 locutione,
647 246 921 286 Ίιιιηιιιῑιυηῑςα·

59 297 107 327 ria
125 289 264 326 eat-acirim
285 293 366 324 dixit
402 292 435 322 l..
460 289 533 322 XII.
562 289 673 319 Annat.
698 288 733 334 C..
750 296 798 322 59.
845 288 921 320 hor-

59 335 133 367 tasse
150 337 179 367 ἃ
201 336 261 366 hoe
284 333 422 365 voluerit
439 331 557 368 Vari-o,
584 329 808 376 Apollonium,
834 330 919 377 quod

58 377 136 409 nihil
160 377 305 415 haberet,
339 373 433 405 fuiffe
452 380 573 403 motum
594 372 687 403 Curia
712 381 730 402 1.
748 380 775 402 e.
805 369 918 409 Tribu3

79 427 186 459 uaeque
203 417 285 449 enim
310 414 429 447 Tribus
448 412 578 444 habebat
595 412 721 445 Curiam
735 435 744 451 ‚
769 412 807 443 ad
826 423 918 462 quam

92 460 206 491 ribules
222 456 416 499 pertinebant
440 477 450 492 ,
481 463 515 485 ut
542 455 636 486 variis
660 455 738 486 locis
762 463 803 485 cx
826 454 920 487 besto

53 500 206 541 Pompeio
240 496 469 538 cognoscimus.
515 494 623 538 Quum
648 505 726 527 vero
757 505 918 528 extremus

55 541 182 579 census,
205 531 299 572 etiam
319 547 446 576 corum,
495 537 523 568 ui
537 537 649 578 Capite
666 536 746 569 censi
763 538 918 584 vocaban-

55 581 229 622 tui-,fuerit
249 581 318 612 acris
334 578 501 611 CCCLX..
527 579 568 610 X.
596 587 630 610 ut
647 588 685 610 ex
703 578 812 611 Gellio
829 578 919 611 disei-

52 634 121 657 mus
149 624 183 655 L.
202 621 291 656 XVI.
320 621 399 652 Noc}
434 620 505 652 Act.
530 622 561 651 C.
586 630 632 652 10.
663 630 727 652 non
745 619 810 660 cst,
835 621 919 662 quod

51 666 198 698 miremur
210 688 219 703 ‚
244 662 452 704 Apollonium
465 686 474 699 ‚
498 663 570 703 quia
582 662 661 693 nihil
682 662 848 703 quicquam
867 663 916 693 ha-

50 707 142 740 bebat
162 729 172 746 ‚
203 715 238 737 ea
258 705 380 736 ratione
403 702 495 734 fuilse
521 704 552 735 T
556 704 626 735 ribu
640 711 774 735 motum.
820 703 921 735 Valde

73 757 176 790 uoque
194 746 354 784 dubitem,
379 754 416 776 an
433 753 496 776 non
513 745 551 776 de
569 745 626 776 hae
645 744 708 786 ipsa
729 744 834 776 Curiae
855 754 919 791 mo-

50 798 139 822 tione
162 787 364 828 intelligenda
387 785 423 817 sit
440 795 549 826 prena,
575 786 664 826 cujus
684 786 797 817 Paulus
811 795 918 817 memi-

51 829 100 866 nit
132 831 167 862 1,.
184 830 222 861 V.
257 830 389 860 sentent.
426 827 548 859 '12XV.
575 829 602 874 §3
620 837 653 868 5.
683 827 712 858 ὅ(
736 826 861 859 mxx.

54 869 264 905 T.XXV111.
294 870 320 910 ξ.
349 879 371 901 1.
407 870 435 901 ὅ(
466 870 485 900 1.
503 875 553 910 3¹3.
585 871 612 909 §—
644 879 688 916 19.
713 869 755 909 ff.
777 872 815 914 de
832 868 916 914 Roen.

53 914 84 947 &
100 912 319 945 Tertullianus
344 913 378 943 de
394 911 525 951 Sperzac.
553 911 584 941 C.
605 909 713 942 XXII.
741 917 776 940 ut
797 910 917 955 lcilicet

51 956 120 996 ejus
134 963 236 996 poenae
253 953 295 984 rei
309 977 317 992 ‚
338 963 379 984 ex
393 961 523 984 numero
541 950 723 996 Tribulian
746 950 893 991 expundi
907 974 916 990 ,

51 1003 192 1029 carerent
210 992 568 1025 commodisTribuum:
591 992 629 1022 iis
643 1000 759 1032 quippe
776 1000 918 1022 commo-

51 1038 100 1070 dis
114 1045 176 1069 nou
195 1044 302 1066 omnes
318 1032 493 1076 promiscue
517 1032 612 1064 Cives
634 1032 837 1071 fruebantur,
863 1042 916 1063 ve-

51 1087 121 1112 rum
135 1076 305 1114 duntaxat,
340 1076 391 1117 qui
416 1074 553 1106 Tribuni
570 1074 723 1106 habebant
748 1074 768 1104 l.
793 1084 843 1112 535.
868 1081 914 1110 pr.

45 1119 81 1162 ff
110 1121 143 1150 de
166 1118 271 1159 Legat
300 1117 353 1149 III.
386 1115 467 1148 fasta
485 1140 493 1153 ‚
527 1123 561 1146 ut
584 1116 727 1153 videtur,
753 1115 834 1146 inter
851 1114 914 1146 Cu-

50 1161 109 1194 rias
138 1159 288 1201 cujusque
315 1158 434 1191 Tribus
462 1157 683 1188 distributione
712 1165 729 1187 a
762 1155 915 1196 magistris

48 1201 224 1235 Curiarum.
271 1201 399 1232 rlautus
425 1198 486 1230 hoc
510 1199 627 1230 indicat
660 1198 768 1229 Aulul.
792 1198 865 1230 Aa.
890 1198 912 1230 I.

49 1244 96 1276 Sc.
121 1252 151 1274 2.
174 1242 251 1283 vers.
277 1247 325 1278 '28-
350 1241 483 1282 &seqq¹
552 1283 558 1289 ⁶
738 1283 743 1288 ¹

430 1283 486 1314 Sed
506 1284 577 1324 quzd
598 1292 684 1323 agam
695 1282 767 1322 scio.

93 1327 173 1360 Nini
195 1325 291 1368 noster
312 1325 418 1364 nollrae
440 1327 490 1366 qui
511 1324 552 1365 est
574 1325 714 1365 magister
741 1325 857 1365 Carice,

96 1371 125 1400 Ι)
139 1372 239 1401 videre
261 1370 381 1409 arganti
401 1369 481 1399 dixit
502 1377 633 1397 nummos
662 1368 694 1396 in
716 1367 820 1398 Viros.

50 1410 168 1445 Nescio
182 1435 190 1451 ,
215 1420 251 1442 an
269 1410 416 1451 Cujacius
433 1409 469 1440 ad
485 1408 615 1440 Paulum
634 1408 704 1439 ait).
725 1410 794 1455 locir
807 1433 814 1445 ,
832 1410 912 1441 refte

49 1453 166 1485 dixerit
187 1452 224 1484 de
248 1452 306 1492 iis,
342 1455 391 1492 qui
408 1450 747 1491 Curiasanmoventur3
776 1451 825 1482 led
850 1452 911 1491 jam

49 1494 181 1526 nimium
197 1493 300 1526 sumus
318 1493 449 1535 digreffi.
672 1535 677 1540 Π

92 1535 249 1568 Caeterum
268 1536 320 1567 vel
339 1536 402 1568 hoc
420 1534 487 1576 ipso
503 1534 583 1576 apud
601 1534 772 1576 Ulpianum
789 1535 910 1584 peffima

49 1577 94 1610 est
117 1579 296 1610 excursandi
321 1587 387 1608 vox
409 1600 418 1616 ,
443 1577 527 1618 quod
547 1577 668 1617 optima
685 1576 721 1608 fit
737 1580 907 1617 excusandz.

47 1619 74 1652 F
75 1629 127 1651 ere
142 1618 204 1659 est,
228 1627 262 1650 ut
278 1628 313 1650 ea
328 1619 358 1650 in
374 1627 408 1649 re
426 1617 611 1659 Interpretis
627 1618 698 1649 vice
713 1617 802 1665 fungi
819 1618 910 1660 possit

47 1660 244 1693 Callistratus
266 1661 298 1692 in
327 1661 349 1691 l.
374 1669 420 1691 11.
436 1659 470 1700 ff
499 1663 533 1691 de
556 1658 721 1691 Deciirson.
745 1670 797 1705 qui
827 1660 911 1701 quod

47 1703 152 1744 primo
167 1703 388 1743 prohibitionem
411 1701 554 1741 dixerat,
586 1709 621 1748 ut
638 1700 703 1741 est,
728 1701 838 1733 demde
857 1711 907 1734 ex-

45 1745 224 1781 cusationem
242 1753 346 1776 vocat.
393 1743 436 1775 Et
456 1744 487 1775 in
508 1746 528 1774 l.
546 1753 576 1781 4.
602 1744 629 1783 ᾖ.
653 1753 672 1784 3
701 1743 741 1784 ff.
765 1746 799 1774 de
817 1743 906 1791 Qffic.

43 1785 180 1826 ProconsI
205 1796 273 1828 quae
290 1786 320 1818 δι
344 1784 407 1827 ipsa
426 1784 551 1826 Ulpiani
577 1785 622 1816 est
639 1809 649 1824 ,
673 1787 847 1825 excusamus
861 1795 906 1818 ni-

43 1827 89 1860 hil
105 1824 155 1860 est'
167 1828 269 1867 aliud,
293 1837 385 1869 quam
405 1836 476 1858 cum
501 1827 693 1858 humanitate
712 1827 842 1868 quadam
860 1837 907 1859 re-

41 1869 188 1903 cusantis.
232 1870 373 1902 Similem
397 1868 535 1908 ejusdem
560 1868 686 1910 Ulpiani
713 1869 908 1901 locutionem

40 1911 288 1943 animadvertere
308 1911 383 1942 licet
406 1910 437 1941 in
461 1911 481 1940 l.
509 1910 612 1956 17.·§.
637 1920 666 1942 2.
689 1909 785 1950 junet.
813 1912 843 1957 l..
859 1920 906 1948 19.

35 1953 77 1995 ff.
99 1959 130 1983 ιιι,
154 1953 315 1985 Procurat.
337 1951 480 1993 quamvis
507 1952 537 1983 δε
564 1951 619 1983 illa
646 1953 667 1983 l.
687 1961 732 1988 19.
756 1960 908 1984 continua

41 1995 185 2027 oratione
199 1995 346 2036 conjungi
364 1992 507 2024 videatur
521 1992 607 2034 poss'e
623 2003 696 2025 cum
717 1995 738 2024 l.
764 2003 804 2034 24
844 1997 904 2026 eod.

41 2036 106 2068 Tit.
151 2037 243 2069 Plura
270 2036 366 2068 etiam
384 2044 422 2065 ex
440 2035 512 2075 Jure
533 2034 660 2075 nostro,
684 2035 722 2066 de
744 2038 906 2073 excusandi

41 2078 200 2110 vocabulo
219 2078 251 2109 in
269 2077 348 2109 hanc
365 2085 430 2107 rem
444 2076 553 2107 attulit
568 2076 626 2108 Vir
640 2086 703 2109 non
720 2078 906 2120 inelegantis

41 2119 158 2160 ingenii
176 2118 319 2151 Timaeus
333 2117 432 2150 Faber
447 2117 484 2149 ad
504 2118 529 2158 §.
551 2126 619 2157 pen.
643 2119 706 2159 last
746 2125 779 2151 ae
802 2121 904 2152 Excu-

30 2163 95 2200 sat.
122 2166 180 2191 tut.
203 2169 273 2201 quae
291 2159 312 2192 fi
328 2159 434 2191 videre
450 2159 602 2200 potuiffet
615 2160 694 2193 alius
714 2161 831 2202 Faber,
843 2162 904 2194 An-

40 2202 148 2233 tonius
176 2210 288 2242 nempe
309 2201 340 2233 ln
368 2201 519 2232 Rational.
542 2201 579 2233 ad
602 2204 630 2233 h.
653 2203 673 2233 l.
703 2211 726 2234 1.
751 2204 777 2244 §.
798 2215 826 2246 3.
853 2204 902 2236 ab·

37 2242 212 2283 stinuisset,
237 2241 350 2282 credo,
373 2241 529 2283 profunda
551 2243 604 2275 illa
625 2243 817 2285 subtilitate,
843 2255 904 2287 qua

37 2294 122 2317 nunc
149 2285 311 2316 excusandi
333 2283 464 2314 verbum
489 2284 647 2325 explicare
672 2285 725 2317 fibi
746 2286 830 2318 visus
846 2286 901 2320 est.

37 2324 128 2365 Nec,
152 2326 173 2358 fi
190 2326 258 2358 haee
274 2323 398 2356 vidisset
413 2324 492 2357 alius
515 2325 629 2358 iterum
651 2326 768 2367 Faber,
792 2328 903 2362 Petrus

37 2365 158 2399 scilicet
186 2367 218 2399 in
246 2368 402 2398 Commeat.
427 2366 464 2397 ad
489 2367 509 2398 l.
536 2377 552 2398 2
615 2393 622 2399 .
645 2371 680 2399 de
700 2369 740 2400 R.
765 2369 841 2409 Jur.
865 2371 901 2403 il-

36 2407 92 2440 lud
105 2411 280 2447 excusavit.
304 2409 443 2449 opinor,
479 2416 565 2440 muta
591 2410 625 2441 'et
653 2410 685 2441 in
710 2414 845 2452 excepit,
866 2413 901 2445 fi-

37 2449 95 2482 ἂῑε
111 2451 269 2483 literarum
288 2449 492 2490 compendiis.
537 2451 568 2482 Si
586 2451 629 2483 ita
647 2451 676 2482 le
699 2460 822 2492 eretur,
849 2453 899 2485 be—

35 2499 77 2523 ne
91 2492 186 2532 ess'et,
233 2501 306 2524 uum
324 2490 430 2530 secus,
455 2499 575 2523 contra.
621 2492 683 2524 Pro
706 2502 738 2525 at
751 2494 833 2526 idem
843 2494 898 2527 Fa-

35 2531 92 2564 ber
111 2532 197 2565 suum
214 2533 222 2565 i
239 2533 292 2565 lud
306 2534 421 2572 excepit
438 2556 447 2567 ,
483 2532 621 2575 Semestr.
653 2535 691 2567 L.
711 2535 765 2567 III.
793 2537 818 2568 C
844 2546 894 2578 23.

34 2582 94 2605 nec
121 2583 222 2606 tamen
249 2575 351 2607 minus
369 2574 501 2615 conjicit
518 2599 528 2615 ,
563 2576 584 2608 fi
606 2585 740 2618 receptae
768 2577 897 2610 lectioni

35 2613 172 2647 standum
188 2615 234 2655 fit,
249 2631 271 2643 π
290 2616 446 2655 excusavit
469 2617 587 2657 exponi
605 2617 693 2659 poffe
712 2621 897 2660 comprehen-

35 2658 100 2694 dit,
123 2657 288 2698 allegavit,
304 2658 387 2690 utin
411 2658 429 2689 l.
455 2668 483 2699 3.
518 2659 536 2699 §
570 2668 595 2690 1.
620 2659 662 2700 ff.
685 2662 719 2691 de
741 2661 894 2702 Sepulchr.

34 2698 106 2729 viel.
128 2698 178 2730 sed
195 2699 299 2730 utrobi
325 2708 362 2730 ue
380 2709 666 2742 aeque-perperam„v
696 2701 769 2733 Nec
783 2704 896 2735 melius

73 2748 94 2770 o
114 2749 238 2781 recepta
269 2709 402 2773 le3ione
427 2740 457 2772 se
486 2743 659 2773 extricavit
695 2742 895 2784 AEguinarius

81 2789 117 2812 ro
137 2781 170 2812 in
195 2782 350 2813 Commeat.
371 2784 408 2814 ad
430 2785 457 2814 b.
484 2784 504 2814 l.
532 2792 557 2814 1.
583 2785 611 2822 ᾗ.
634 2795 665 2826 3.
694 2786 780 2826 piget
795 2786 827 2817 id
847 2795 893 2818 re-

33 2820 136 2860 ferre,
159 2821 302 2854 refellere
317 2824 453 2865 puderet.
498 2824 616 2866 Aperta
632 2824 677 2858 est
692 2825 845 2860 sententia
862 2829 892 2860 d.

35 2862 66 2903 §-
89 2872 118 2903 3.
142 2871 211 2895 nam
225 2865 277 2905 qui
294 2864 340 2896 ibi
352 2866 554 2905 excusantur.
578 2867 720 2900 molliori
735 2869 835 2901 verbo
847 2879 892 2901 ar-

34 2910 167 2943 centur,
190 2913 409 2947 removentur,
433 2906 483 2939 sed
506 2907 559 2940 abs
584 2917 622 2940 ue
639 2909 801 2942 inhonesta
820 2920 891 2942 cau-

34 2943 67 2976 sa
77 2954 205 2984 eorum,
227 2945 266 2977 de
280 2947 391 2988 quibus
407 2959 423 2980 a
446 2949 518 2981 itur.
562 2917 738 2996 {Quomodo
751 2951 892 2984 &Tran-

34 2985 152 3028 quillus
167 2996 203 3018 ea
218 2996 300 3018 voce
312 2987 383 3020 usus
397 2999 415 3021 e
459 2991 491 3022 in
506 2990 639 3033 August.
664 2993 696 3024 C.
711 3003 728 3034 3
730 3003 763 3034 5.
793 2992 892 3037 Quos-

34 3031 125 3065 dam,
153 3027 275 3069 inquit,
299 3031 336 3060 ad
356 3032 517 3071 excusandi
532 3034 567 3074 se
589 3037 801 3067 verecundiam
818 3046 889 3067 corn·

29 3069 113 3110 pulit
123 3091 134 3106 ,
149 3071 350 3112 servavitque
369 3074 459 3104 eliam
480 3074 694 3112 excusantibus
712 3076 825 3119 insigne
839 3087 888 3108 ve-

26 3109 108 3152 stis,
131 3110 329 3152 &spestandi
344 3113 377 3144 in
401 3114 586 3153 Orcbeltra.
617 3119 815 3161 epulandique
833 3126 888 3160 pu-

31 3153 178 3193 blicejus.
207 3151 260 3185 De
275 3153 476 3188 Senatoribus
491 3156 651 3199 loquitur,
681 3160 720 3191 de
737 3161 851 3201 quibus
867 3161 889 3192 i·

29 3193 100 3225 dem
123 3193 189 3226 Dio
213 3193 321 3227 scribit
342 3197 380 3228 L.
401 3196 485 3230 LIV.
529 3199 588 3231 Sed
608 3210 705 3241 quum
720 3202 746 3233 is
761 3202 792 3233 id
809 3201 888 3234 refe-

28 3235 130 3289 ratqde
144 3236 260 3310 Sefiatu
273 3237 388 3278 motis,
411 3248 476 3272 non
491 3240 713 3274 existimandus
727 3241 772 3275 est
787 3243 888 3275 Tran-

76 3287 152 3309 ΛΟΜ.
207 3303 214 3309 .

973 124 1188 161 ROMANI
1251 128 1437 166 LIB.1V.
1492 132 1531 167 C.
1563 133 1624 168 XI.

965 204 1068 246 quillo
1091 205 1310 238 contradicere
1331 231 1340 246 ‚
1375 217 1410 239 ut
1435 209 1633 245 existimatus
1653 213 1699 246 est
1716 214 1850 256 Cujacio

964 246 1002 277 ad
1025 246 1124 277 Rubr.
1139 247 1179 287 ff.
1201 250 1235 279 de
1248 248 1397 287 Excusat.
1421 250 1472 282 alii
1489 253 1573 284 enim
1589 255 1632 286 ob
1644 255 1769 295 sordes,
1795 257 1849 289 vel

965 297 1057 328 quam
1074 288 1166 320 aliam
1184 288 1333 321 infamem
1352 290 1475 323 causam
1493 316 1503 331 ,
1538 304 1613 326 vere
1635 297 1849 330 movebantur

963 329 1079 361 Senatu
1093 331 1201 369 ,exuti
1218 332 1304 363 omni
1322 332 1477 379 dignitate
1486 335 1667 375 Senatoria3
1693 337 1746 370 alii
1764 339 1848 377 quafi

962 371 1185 411 movebantur,
1197 372 1261 404 live
1268 377 1505 412 excusabuntur,
1515 376 1557 407 ob
1566 375 1663 409 solam
1673 379 1846 425 vilitatem,

962 412 1078 453 absque
1092 413 1255 446 inhonesta
1270 414 1378 455 causa,
1398 414 1482 448 salva
1497 417 1661 459 dignitate.
1688 419 1764 452 Non
1784 422 1842 453 ita-

963 454 1076 495 queell
1089 455 1269 496 quicquam,
1279 456 1537 499 cui-Tranquillo
1546 469 1610 492 non
1623 461 1790 493 accedatur
1805 473 1844 495 ae—

985 505 1033 534 ue,
1047 505 1138 537 quam
1156 495 1275 537 Dioni,
1301 507 1434 540 uterque
1449 500 1532 531 enim
1549 500 1631 533 idem
1648 500 1786 543 scripsit,
1812 504 1844 536 δε

994 537 1111 577 ujacius
1127 548 1288 580 perperam
1303 539 1422 573 diffens
1419 551 1469 572 um
1480 542 1594 583 arguit.
1606 543 1641 575 In
1659 542 1777 576 summa
1797 552 1842 576 te-

965 579 1101 610 nendum
1127 579 1194 619 est,
1232 581 1384 614 Auclores
1409 592 1481 614 cum
1499 583 1642 623 nostros,
1669 593 1736 616 tum
1753 593 1841 617 exte-

963 629 1016 651 ros
1034 629 1081 651 res
1097 619 1268 662 asperiores
1286 622 1365 664 saepc
1392 631 1566 665 temperare
1584 626 1695 658 leniori
1715 626 1815 668 phrafi
1827 652 1838 667 ,

963 661 1052 702 cujus
1069 662 1112 693 rei
1132 664 1278 704 exempla
1298 665 1367 697 dedi
1387 664 1475 707 supra
1499 666 1527 698 L
1555 667 1578 699 I.
1606 668 1631 699 C
1659 677 1708 699 21.

1007 702 1054 734 Ita
1080 712 1184 736 autem
1212 705 1332 737 Praetor
1358 706 1536 740 excusando
1551 709 1717 750 prohibuit
1736 711 1838 743 mino-

963 752 1012 775 res
1032 744 1136 777 XVll.
1163 747 1269 787 annis,
1296 756 1331 779 ut
1347 749 1479 788 inaJ'ores
1495 749 1671 791 admiserit,
1696 753 1838 793 quia,in-

963 785 1032 826 quit
1051 785 1220 828 Ulpianus,
1247 792 1427 821 moderatam
1446 792 1522 823 hanc
1543 800 1660 824 (enicem
1693 802 1781 826 ratus
1795 794 1839 835 eft

961 829 998 857 ad
1015 831 1230 867 praemandavi
1250 833 1280 862 in
1296 833 1456 870 publicum.
1502 833 1544 865 Et
1572 834 1613 867 iic
1628 845 1774 878 quoque,
1801 845 1838 869 ut

962 866 1049 909 supra
1065 869 1150 910 dixi,
1177 881 1265 904 more
1281 874 1443 914 Major-um
1460 874 1620 916 obtinuit,
1642 885 1707 917 ait,
1733 878 1785 919 qui
1806 887 1837 909 e—

960 909 1008 948 Jus
1024 911 1128 942 aetatis
1153 911 1269 954 essent,
1304 922 1409 957 togam
1429 916 1555 950 virilem
1580 917 1757 958 sumerent,
1782 929 1836 951 eo-

987 959 1024 980 ue
1039 951 1238 985 censerentur
1254 956 1341 996 apti,
1366 958 1419 998 qui
1437 957 1558 990 civium
1574 961 1680 992 munia
1696 960 1834 994 obirent.

994 1001 1108 1033 umque
1125 993 1191 1024 liaec
1208 995 1244 1026 sit
1273 998 1318 1029 ἔζη
1332 1000 1479 1034 dre-few,
1504 1009 1567 1031 non
1585 1009 1694 1042 putem
1714 1002 1781 1042 ejus
1796 1013 1837 1035 ae-

963 1033 1037 1063 tatis
1061 1032 1169 1074 fuiss'e,
1203 1046 1296 1076 quem
1322 1038 1431 1071 Festus
1453 1040 1605 1073 describit
1633 1043 1665 1074 in
1684 1043 1836 1084 Improlis.

960 1072 1098 1113 Improlis
1117 1099 1125 1112 ,
1151 1077 1272 1118 inquit,
1298 1079 1356 1118 est.
1383 1084 1435 1121 qui
1457 1085 1585 1113 nondum
1602 1083 1643 1123 est
1662 1087 1836 1126 adscriptus·

958 1118 991 1145 i'n
1009 1117 1143 1148 Cz'v'tsice
1165 1144 1169 1149 .
1201 1120 1317 1161 quique
1340 1122 1418 1154 adeo
1443 1123 1583 1155 nondum
1612 1125 1682 1158 obit
1708 1137 1837 1160 munera

959 1156 1097 1190 Civium.
1146 1159 1345 1194 Confirmant
1368 1164 1398 1195 id
1416 1163 1535 1196 Gloss'ae
1551 1174 1694 1208 veteres,
1721 1169 1751 1200 in
1766 1171 1834 1211 qui-

958 1198 1016 1230 bus
1034 1199 1077 1231 ita
1095 1200 1158 1232 cst:
1186 1201 1342 1244 Improlz's,
1372 1207 1474 1242 οἰωιίλιξ
1497 1208 1576 1241 μήπω
1589 1210 1799 1248 venustula&
1822 1222 1834 1251 3

959 1240 1004 1271 ita
1017 1250 1104 1273 certe
1124 1242 1249 1277 Glossas
1273 1246 1475 1288 repraesentat
1502 1248 1641 1291 Scaliger
1665 1251 1702 1283 ad
1722 1252 1836 1288 Fellum

1782 146 1850 181 113

909 1313 911 1316 ,
960 1285 988 1312 d.
1015 1283 1068 1314 loc.
1092 1284 1122 1315 δε
1142 1285 1185 1316 ita
1200 1286 1349 1328 Cujacius
1364 1288 1400 1320 ad
1419 1290 1543 1321 Noven.
1560 1291 1599 1323 V.
1625 1293 1677 1333 qui
1702 1293 1768 1326 falsi
1787 1303 1834 1327 et-

958 1323 1019 1355 iam
1036 1334 1090 1370 eos
1110 1328 1254 1367 notavit,
1280 1330 1332 1371 qui
1350 1331 1441 1363 aliter
1459 1330 1584 1364 Gloffas
1602 1334 1831 1377 exhibuerunt,

959 1372 994 1396 ut
1013 1366 1106 1397 aliter
1122 1368 1298 1402 exhibuiffe
1322 1372 1418 1405 video
1443 1371 1633 1406 Turnebum
1656 1377 1829 1411 AXVIH.

955 1406 1090 1448 Advers.
1112 1409 1142 1440 C.
1166 1415 1217 1442 26.
1241 1413 1294 1454 qui
1322 1412 1386 1453 ipse
1418 1424 1579 1456 perperam
1605 1417 1830 1459 interpretatus

955 1448 1000 1481 est
1020 1451 1171 1491 improlem
1186 1455 1267 1494 apud
1283 1454 1407 1487 Festum
1420 1480 1429 1496 ,
1449 1457 1482 1487 l..
1500 1457 1572 1489 VH.
1589 1459 1718 1496 Aaverf.
1733 1462 1765 1492 C.
1777 1470 1828 1494 21.

954 1491 1044 1524 AEtas
1069 1493 1125 1524 illa
1148 1494 1253 1528 XVII.
1286 1506 1439 1530 annorum
1458 1521 1467 1537 ,
1501 1498 1619 1532 summa
1644 1503 1760 1544 quippe
1774 1512 1830 1544 pu—

954 1533 1074 1573 bertas,
1100 1535 1137 1566 ad
1173 1537 1272 1568 rolem
1301 1539 1462 1571 moderata
1478 1539 1552 1573 fuit.
1601 1542 1683 1584 Apta
1702 1554 1830 1587 quoque

955 1573 1122 1608 subeundis
1169 1578 1290 1611 ivitatis
1305 1581 1473 1620 oneribus;
1499 1582 1581 1614 unde
1599 1583 1717 1616 facium
1738 1594 1829 1627 puta,-

954 1624 1011 1655 ut,
1038 1619 1090 1658 qui
1112 1618 1149 1651 iis
1168 1621 1256 1652 annis
1276 1621 1312 1652 ad
1332 1622 1571 1664 Rempublicam
1588 1625 1827 1668 adhibebantur,

954 1656 1006 1689 seu
1029 1659 1167 1692 adhiberi
1192 1670 1359 1704 poterant,
1386 1673 1462 1696 tunc
1486 1665 1612 1698 demum
1642 1667 1829 1702 viderentur

952 1703 1124 1736 ποιιπύεοᾶῖε
1145 1712 1218 1735 ante
1236 1713 1291 1736 eos
1302 1715 1400 1738 annos
1417 1708 1555 1747 improles
1571 1716 1593 1747 ις
1611 1711 1688 1743 μήπω
1705 1720 1827 1740 πολιτευ-

953 1740 1042 1778 όμῆυοι.
1088 1742 1262 1777 Nonvideo
1280 1771 1290 1787 ,
1328 1748 1404 1789 quid
1435 1749 1630 1790 probabilius
1654 1759 1764 1784 notem
1787 1752 1828 1785 de

952 1784 1127 1825 improlibus
1148 1802 1170 1827 »ᾗ
1186 1791 1263 1821 μέντοι
1285 1796 1495 1823 rone-revenerare,
1594 1810 1595 1813 =

994 1826 1096 1869 Igitur
1116 1829 1147 1860 ἃ
1164 1828 1223 1862 hac
1241 1838 1336 1863 aetate
1352 1831 1474 1865 Praetor
1490 1833 1649 1876 postulare
1665 1836 1824 1877 permisit;

951 1869 1056 1909 potest
1079 1870 1164 1902 enim
1189 1871 1238 1904 his
1263 1874 1351 1904 annis
1376 1884 1412 1905 ea
1433 1884 1537 1907 rerum
1552 1876 1633 1916 Juris
1658 1887 1697 1908 ue
1711 1879 1826 1919 peritia

951 1911 1098 1951 acquiri,
1133 1921 1202 1953 quae
1229 1914 1260 1947 in
1291 1914 1370 1946 hanc
1405 1925 1471 1947 rem
1504 1915 1619 1949 sufficit
1635 1887 1668 1959 (ξ.
1690 1931 1721 1960 5.
1745 1919 1822 1960 [nst.

951 1951 1044 1996 Quib.
1069 1964 1107 1985 ex
1125 1956 1206 1994 caus.
1230 1966 1359 1987 manum.
1383 1966 1440 1989 non
1462 1958 1511 1990 lic.
1536 1960 1555 1990 l.
1574 1969 1620 2000 13.
1640 1961 1681 2002 ff.
1698 1964 1733 1993 de
1749 1963 1822 1994 Ma-

950 2005 1030 2025 num.
1047 1997 1133 2028 vinci.
1158 1996 1206 2037 dc,
1231 2007 1271 2029 ne
1288 1998 1432 2038 dubites,
1466 2002 1646 2042 exemplum
1662 2002 1715 2034 hie
1736 2004 1824 2036 addit

949 2035 1121 2078 Ulpianus:
1146 2037 1236 2083 Qua,
1259 2040 1384 2079 inquit,
1409 2048 1514 2079 aetate,
1543 2050 1596 2074 aut
1614 2045 1705 2084 paulo
1727 2047 1820 2088 majo-

948 2088 980 2109 re
991 2102 1000 2116 ‚
1015 2079 1127 2118 fertur
1140 2083 1253 2113 Nerva
1265 2080 1355 2121 filius
1373 2081 1539 2123 &publice
1556 2086 1590 2118 de
1607 2086 1690 2128 Jure
1705 2088 1821 2128 respon-

941 2118 1052 2161 fitaffe.
1097 2122 1128 2154 Si
1143 2124 1210 2155 vim
1241 2123 1328 2156 verbi
1354 2123 1471 2165 spectes
1487 2150 1497 2166 ,
1522 2128 1718 2169 responfitare
1733 2130 1820 2163 vide-

948 2170 999 2193 tur
1018 2163 1121 2195 minus
1138 2165 1217 2205 efl'e,
1253 2175 1345 2207 quam
1370 2166 1542 2207 respondere
1559 2193 1568 2207 ‚
1598 2177 1634 2201 ut
1656 2172 1822 2212 quoeritare

946 2204 1050 2236 minus
1080 2204 1148 2246 est,
1182 2216 1274 2246 quam
1299 2218 1448 2249 quaerere,
1472 2210 1600 2242 au&ore
1626 2211 1758 2244 Donato
1781 2214 1820 2246 ad

949 2245 1070 2278 Terent.
1091 2248 1192 2280 Andr.
1217 2249 1289 2280 Ast.
1314 2249 1338 2282 I.
1365 2251 1412 2282 Sc.
1439 2250 1462 2283 1.
1499 2251 1550 2283 sed
1576 2261 1678 2285 tamen
1696 2261 1818 2288 utrum-

946 2296 1008 2328 que
1030 2288 1179 2330 verbum,
1205 2300 1278 2323 cum
1296 2292 1508 2333 respondendi,
1534 2301 1602 2326 tum
1621 2294 1818 2336 responsitan—

945 2330 977 2359 αἱ
989 2353 998 2365 ,
1022 2330 1262 2373 intelligendum
1279 2332 1324 2365 est
1342 2334 1381 2366 de
1400 2333 1555 2375 Responsis
1571 2359 1580 2374 ,
1603 2345 1672 2376 quae
1691 2337 1730 2369 de
1744 2337 1819 2378 Jure

945 2370 1182 2406 consulentibus
1204 2374 1308 2406 solent
1331 2375 1485 2416 impertiri
1503 2400 1512 2414 ,
1539 2385 1574 2408 ut
1588 2377 1717 2419 AEguin.
1734 2379 1819 2412 Baro

943 2412 977 2444 in
1009 2414 1115 2445 Corum.
1140 2416 1171 2447 ὃ(
1194 2415 1269 2448 Ant.
1299 2415 1398 2448 Faber
1426 2418 1457 2450 in
1483 2417 1608 2450 Ration.
1626 2420 1663 2451 acl
1681 2421 1707 2450 h.
1733 2422 1762 2462 ᾗ.
1785 2422 1818 2455 &

941 2453 1013 2494 post
1028 2464 1083 2486 eos
1102 2464 1215 2489 contra
1229 2457 1434 2490 Mornacium
1446 2459 1628 2492 observavit
1645 2461 1815 2505 Menagius

943 2502 1016 2526 toto
1051 2497 1081 2527 C.
1108 2497 1148 2530 Π.
1180 2499 1298 2531 Αηκωη.
1324 2499 1402 2540 Jur.
1427 2501 1494 2532 Civ.
1520 2502 1551 2534 in
1581 2512 1674 2544 quam
1694 2502 1814 2537 senten—

942 2536 1018 2568 tiam
1039 2538 1134 2570 etiam
1166 2540 1241 2573 alias
1267 2541 1480 2582 responfitandi
1508 2543 1641 2575 verbum
1672 2543 1814 2586 usurpari

940 2586 1062 2610 certum
1074 2579 1129 2612 est.
1142 2580 1173 2612 Si
1191 2583 1294 2622 enim,
1319 2591 1355 2615 ut
1370 2584 1434 2616 hoc
1450 2585 1576 2624 addam,
1601 2585 1640 2617 de
1648 2585 1812 2627 positioni-

940 2618 998 2652 bus
1015 2619 1147 2654 defensis
1166 2623 1196 2654 ὅ(
1222 2623 1436 2666 disputatione
1454 2626 1535 2667 Juris
1550 2626 1619 2658 haee
1635 2627 1793 2668 intelligas
1799 2646 1814 2668 ,-

940 2668 976 2691 ut
999 2661 1159 2695 intellexit
1182 2664 1369 2698 Mornacius
1390 2677 1399 2706 3
1432 2677 1496 2700 non
1521 2667 1604 2699 recte
1627 2668 1689 2699 hoc
1706 2677 1810 2700 exem-

937 2702 994 2743 plo
1014 2702 1085 2736 usus
1102 2704 1210 2737 fuiffet
1226 2706 1398 2749 Ulpianus,
1431 2709 1504 2750 quia
1521 2718 1635 2749 nempe
1650 2718 1690 2740 ex
1707 2708 1810 2751 dispu-

939 2742 1060 2776 tatio'ne
1083 2746 1276 2780 Scholastica
1298 2759 1361 2781 non
1385 2750 1468 2781 reste
1488 2749 1674 2791 probaretur
1691 2751 1808 2791 aptitu-

937 2784 979 2816 do
1003 2784 1134 2820 forenfis
1152 2812 1163 2827 ,
1196 2798 1266 2830 quae
1294 2791 1326 2823 in
1349 2790 1613 2832 postulationibus
1630 2800 1691 2822 una
1705 2792 1809 2825 virtus

936 2825 989 2859 est.
1035 2827 1216 2861 Laudantur
1239 2832 1269 2862 ἃ
1284 2832 1336 2863 alii
1360 2833 1391 2864 in
1414 2831 1555 2864 Historia
1573 2831 1733 2872 Romana,
1752 2835 1807 2875 qui

935 2867 1069 2908 juvenes
1082 2872 1236 2911 praecocis
1254 2873 1369 2913 ingenii
1393 2873 1423 2904 δε
1438 2882 1542 2914 operae
1562 2871 1702 2905 fuerunt.
1728 2874 1809 2906 Ora-¹

937 2916 1022 2942 tores
1039 2911 1162 2953 aliquot
1176 2912 1333 2945 recensuit
1349 2913 1470 2945 Auctor
1488 2913 1572 2945 Dial.
1598 2917 1633 2946 de
1662 2915 1805 2948 Oratori-

935 2953 990 2982 bus
1007 2953 1038 2983 C.
1057 2963 1108 2994 34.
1133 2955 1165 2984 in
1178 2953 1235 2993 fin.
1249 2955 1279 2986 &
1294 2954 1512 2999 Quintilianus
1528 2955 1735 2998 L..X11.Inst.
1760 2958 1805 2990 Ο-

934 3001 998 3025 rat.
1023 2995 1053 3025 C.
1073 3000 1102 3026 6.
1135 2994 1187 3026 ubi
1206 2995 1366 3036 eleganter
1381 3018 1391 3034 ‚
1423 2996 1498 3036 quid
1521 2996 1560 3028 de
1585 3006 1710 3030 maturo
1729 3000 1804 3032 ausu

935 3034 1125 3076 sequendum
1148 3036 1318 3074 videatur,
1349 3035 1498 3077 disputat.
1552 3037 1650 3071 Cotta
1700 3050 1804 3083 uoque

933 3085 973 3107 eo
990 3076 1057 3117 ipso
1073 3077 1142 3116 die,
1168 3087 1232 3118 quo
1250 3077 1377 3109 virilem
1394 3085 1500 3119 togam
1518 3078 1645 3123 sumpsit
1656 3105 1666 3121 ,
1678 3049 1717 3114 ἓ.
1728 3082 1800 3115 Bar-

933 3117 1048 3148 bonem
1069 3117 1259 3159 postulavit,
1286 3119 1317 3151 &
1335 3128 1424 3150 reum
1437 3121 1580 3161 permit,
1603 3130 1638 3154 ut
1657 3122 1804 3157 Valerius

933 3167 1087 3190 memorat
1112 3160 1146 3191 J..
1174 3160 1213 3191 V.
1243 3161 1273 3192 C.
1299 3172 1331 3201 4.
1362 3161 1391 3201 §.
1414 3171 1443 3199 4.
1463 3162 1494 3194 &
1511 3147 1631 3196 &liuius
1655 3162 1685 3196 se
1703 3166 1800 3197 adole·
1846 3171 1851 3174 '

923 3200 1098 3241 scenculum
1112 3201 1206 3244 egisse
1221 3200 1344 3234 eausam
1361 3202 1437 3243 Julii
1459 3202 1594 3236 Pastoris
1608 3205 1673 3247 ipse
1690 3207 1802 3238 retulit

933 3243 973 3275 L..
988 3242 1013 3275 L
1036 3242 1137 3285 Epist.
1158 3248 1206 3279 18.
1232 3242 1342 3317 cem-{3
1362 3244 1532 3287 adulescens
1550 3255 1676 3289 quoque
1694 3248 1733 3280 de
1747 3247 1804 3320 Jilie
