2008 3436
163 121 209 166 36
408 119 808 157 eORNELii

159 198 269 231 iinaeus
289 201 322 233 de
338 202 415 244 ufisr.
441 199 682 246 Quasi-,xxm
709 210 738 232 π.
759 208 830 240 239.
875 196 1024 237 Cujacius

158 240 206 272 bis
232 243 268 273 ad
300 243 339 275 L.
367 244 422 276 ΙΙΙ.
496 242 570 283 mest.
597 242 684 274 Puni.
710 243 741 272 in
764 242 785 271 i.
810 238 924 276 Leuci,
949 240 979 270 ἃ
1002 238 1021 268 l.

161 287 230 313 126.
250 283 290 324 ff.
315 286 348 316 de
373 286 414 318 V.
444 288 482 319 O.
516 285 595 316 Item
613 285 649 314 ad
670 282 806 323 ejusdcm
825 280 928 321 operis
952 279 1021 310 Lib.

158 323 268 357 XXV.
296 326 327 358 in
350 327 370 359 l.
399 337 445 360 11.
498 354 504 360 .
527 327 561 357 de
589 324 675 365 ἰξὺν.
703 320 1022 366 &pi⁴olii{einT1-iiei.

158 364 228 397 VH.
260 368 298 398 ad
329 369 434 409 Afric.
468 371 500 401 in
531 369 559 398 d.
584 366 604 398 l.
627 370 678 406 64.
699 365 738 407 ff.
765 366 797 395 cle
824 363 864 394 V.
894 363 934 392 O.
957 362 1023 411 alii-

158 416 219 446 ‘lue
236 410 415 450 complures
430 410 628 446 existimant,
653 410 683 438 in
715 408 744 438 d.
767 406 786 436 l.
817 414 861 444 17.
889 411 1022 447 non-qe-

156 447 222 479 beri
246 449 348 482 usurus
372 451 504 483 semisses
530 459 569 480 ex
586 448 637 479 die
654 447 849 483 conti-auus,
875 453 945 483 quia
962 452 1023 482 Jam

157 489 457 529 quincunceserant
473 490 618 533 praestitae
645 489 681 519 ad
701 496 798 529 usque
819 494 940 531 teinpus
956 493 1022 514 ino-

158 539 223 570 rae3
248 533 408 574 alioquin,
432 534 538 573 ajunt,
562 530 661 562 usuris
678 529 778 560 usurae
797 527 1024 562 adei-eicerent,

160 573 245 610 quod
260 573 303 605 est
329 575 536 615 prohibitum.
583 572 712 612 Agimus
737 576 839 600 autem
857 577 914 612 nos
933 566 972 611 de
990 575 1022 605 u-

161 612 239 645 suris
257 623 342 646 retro
359 614 496 655 stipulari
515 613 632 650 licitis,
667 611 813 652 liquidem
831 609 926 655 nuliae
946 615 1023 638 inte-

160 654 220 684 rim
239 654 358 687 suerint
385 656 505 688 solutze.
551 654 598 686 lta
615 653 711 685 modo
736 651 801 682 haee
817 650 933 681 dissidia
958 648 1021 688 pla-

159 695 240 726 casse
260 697 404 735 videtur,
430 705 604 738 quanquam
630 693 793 725 obscurius
811 691 926 737 paulo,
950 696 1025 718 Exci-

156 737 231 766 λυιῶ»
249 737 437 770 Sclioiiastes
455 738 492 769 ad
523 738 551 768 d.
575 737 595 768 l.
626 745 672 776 17.
690 741 738 775 pr.
783 732 930 772 Cquicius
948 730 1025 779 uite-

159 777 223 809 rius
243 778 343 810 adhuc
359 779 579 820 progreditur,
601 778 673 808 dum
692 777 729 806 ad
755 774 938 819 Asi-itanziiii
955 780 1027 801 ieri-

158 817 206 850 bit
220 843 228 858 ‚
253 818 413 852 usurarum
431 820 535 852 usuras
550 817 704 859 praestari,
739 816 761 848 fi
779 817 859 861 datis
875 821 1026 857 quincun-

159 860 250 892 cibus
277 862 404 893 accedat
437 861 552 900 uncia,
586 868 621 891 ut
648 857 780 890 semisses
805 860 880 901 nan-t
898 862 1025 899 nomine

157 911 270 943 poenae.
322 902 382 934 Sed
404 902 483 934 nihil
512 902 623 933 horum
650 901 764 941 placet.
811 897 984 943 Enimvero
1004 895 1024 926 ii

158 943 298 984 stipulari
325 944 436 984 possim
461 942 592 980 usuras,
621 943 716 973 etiam
743 939 952 983 Centenium,
978 944 1024 966 re-

158 985 295 1017 trorsum
314 985 558 1026 computandas,
580 983 635 1015 sub
658 982 841 1014 conditione
858 980 950 1024 lortis
970 975 1024 1007 suo

158 1027 210 1058 die
236 1036 300 1058 non
324 1026 471 1067 praestitae
496 1049 505 1062 ,
529 1024 788 1066 quemadmodum
806 1020 927 1061 possum
945 1018 1024 1064 liaud

158 1068 273 1106 dubie,
307 1068 413 1108 quidni
442 1068 471 1099 &
497 1067 600 1098 usuras
618 1064 771 1102 semisses,
795 1062 849 1108 sul)
870 1060 1025 1092 conditio-

159 1119 200 1141 ne
222 1119 286 1141 non
316 1108 487 1140 solutarum
512 1107 568 1139 suo
591 1107 641 1138 die
667 1102 916 1149 quincu-ncmm‘?
941 1100 1025 1142 quod

158 1151 197 1182 ad
221 1149 368 1181 effectum
392 1150 468 1190 juris
490 1149 608 1181 nullam
627 1148 721 1179 video
737 1146 962 1181 dinei-entiam,
988 1151 1026 1172 an

160 1191 296 1224 semiss'cs
318 1192 354 1222 ab
373 1191 465 1222 initio
483 1190 664 1231 simpliciter
683 1189 712 1219 in
738 1185 918 1229 stipulatum
934 1183 1027 1227 dedu-

161 1233 221 1265 ἀεὶ
238 1232 317 1271 sint,
340 1243 376 1264 an
399 1242 475 1263 vero
498 1232 529 1263 in
558 1230 660 1262 casum
680 1238 775 1260 morae
795 1229 826 1258 in
844 1232 1028 1270 quincii-nei-

160 1274 220 1306 bus
244 1273 427 1305 commifsae.
472 1273 537 1305 Cur
562 1282 597 1303 ea
620 1271 742 1302 ratione
769 1277 833 1299 non
859 1273 920 1298 erit
952 1272 1030 1309 inte-

163 1325 253 1358 grum
270 1316 381 1358 punire
397 1314 575 1345 debitorum
598 1310 814 1343 frustrationes
823 1308 848 1353 ,9.
862 1306 912 1338 De
931 1304 1030 1336 usuris

160 1358 321 1390 usurarum
346 1356 429 1397 quod
447 1355 525 1386 dicit
545 1353 693 1397 Cujaciue
707 1373 718 1389 ,
740 1359 779 1381 ne
798 1348 923 1390 quidem
943 1346 1030 1392 colo-

161 1409 227 1431 rem
248 1398 358 1429 habere
377 1397 521 1434 videtur,
547 1404 619 1426 cuin
644 1401 752 1433 utrque
777 1388 922 1428 constet,
944 1398 976 1419 in
1000 1388 1027 1418 cl.

161 1441 183 1472 l.
211 1451 256 1481 17.
290 1439 482 1479 quincunces
509 1434 698 1477 aliquamdiu
727 1431 820 1478 fuiffe
840 1431 976 1468 solutas,
1000 1429 1030 1460 ἃ

160 1482 254 1523 quaeri
274 1488 394 1511 tantum
405 1501 415 1517 ‚
437 1488 475 1509 an
492 1487 556 1510 non
574 1477 659 1508 illius
682 1483 833 1515 temporis
850 1472 948 1518 usurae
967 1479 1030 1516 ma-

160 1524 241 1564 joi-es
260 1521 430 1553 debeantur
447 1529 488 1551 ex
508 1518 709 1560 stipulatione
724 1513 911 1560 eommilla?
931 1511 1032 1544 nescit

161 1572 267 1596 autem
287 1571 399 1600 neum,
425 1560 584 1592 usurarum
605 1559 707 1590 usuras
726 1556 860 1596 intelligi
877 1564 941 1586 non
961 1563 1031 1599 pos-

161 1605 212 1644 se,
237 1601 293 1636 nisi
308 1603 346 1634 de
363 1602 462 1634 usuris
485 1601 624 1634 nondum
652 1598 809 1641 praellitis.
846 1596 959 1643 ETW?
975 1603 1032 1626 ita·-

163 1656 225 1688 que
247 1643 381 1677 semiss'es
397 1668 406 1684 ‚
439 1644 460 1676 fi
489 1643 650 1675 trahantur
677 1648 763 1672 retro
778 1662 788 1678 ,
820 1638 899 1685 nihil
918 1637 1030 1682 aliud,

163 1697 254 1729 quam
275 1686 376 1726 foenics
404 1687 517 1717 uberius
537 1686 628 1727 juxta
653 1681 973 1726 rationemsortisput
998 1686 1031 1708 in

161 1729 253 1763 fiinili
270 1727 457 1768 Papinianus
476 1727 617 1767 loquitur
632 1724 663 1755 in
688 1723 707 1755 l.
731 1733 759 1768 9:
786 1722 815 1762 ᾗ.
844 1721 932 1766 ¹·.ff·
953 1720 986 1750 de
999 1728 1031 1749 zl-

154 1772 218 1813 fiir.
255 1770 284 1801 &
313 1769 343 1800 id
371 1778 462 1809 quarn
480 1768 522 1799 ob
541 1776 605 1798 rem
622 1765 760 1806 stipulari
781 1772 844 1794 non
863 1763 958 1793 liceat
975 1760 1030 1792 sub

164 1811 348 1844 conditione
364 1819 480 1848 morae,
506 1809 559 1841 vel
587 1808 646 1839 alia
670 1805 801 1847 quavis,
822 1804 962 1850 dicamus
980 1803 1031 1833 ha-

163 1854 271 1885 {lenus
289 1850 411 1882 obstare
430 1851 520 1883 nihil.
558 1848 699 1881 Reicivit
716 1847 778 1878 hoc
797 1844 926 1877 fortasse
934 1842 1030 1875 Glos-

165 1895 214 1934 sa,
240 1903 312 1925 cum
330 1892 367 1924 ad
389 1894 418 1924 cl.
443 1893 462 1924 l.
481 1895 532 1932 64.
552 1891 593 1932 ff.
618 1891 651 1921 de
676 1889 718 1920 V.
746 1887 785 1919 O.
810 1887 967 1919 rationem
977 1885 1031 1916 hu-

163 1936 213 1977 jus
236 1935 313 1975 juris
334 1933 437 1965 rursus
462 1933 554 1965 aliam
579 1930 766 1973 praebuerit,
809 1928 1031 1973 Alciato-quo-

164 1986 226 2018 que
249 1975 409 2017 probatam
431 1975 462 2007 in
483 1975 587 2005 Comm.
607 1973 644 2004 ad
662 1972 746 2003 illam
762 1969 789 2015 st·
810 1974 864 2010 64.
890 1968 1030 2006 seilicet,

166 2019 199 2050 in
223 2019 243 2049 l.
267 2026 312 2057 17.
330 2016 372 2057 ff.
396 2017 429 2047 de
452 2015 527 2062 uficr.
553 2013 688 2047 semisses
706 2012 743 2043 ab
760 2008 1029 2051 interpositaCau-

165 2060 254 2091 tione
277 2067 341 2093 non
366 2058 490 2095 deberi,
515 2057 587 2098 quia
611 2054 770 2095 legitimus
788 2050 946 2097 usur-arum
963 2059 1029 2081 mo-

165 2101 222 2132 dus
239 2098 442 2130 excederetur
459 2109 466 2129 :
502 2098 604 2139 quod,
630 2105 689 2136 qua
707 2093 829 2125 ratione
846 2096 923 2130 nat,
947 2100 1031 2122 com-

165 2141 297 2186 probare
322 2140 435 2171 nititur
460 2139 604 2171 Alciatus
626 2136 699 2182 dicite
715 2136 790 2182 l⁰⁶⁰·,
828 2133 1032 2179 Verum-haec

166 2183 245 2215 adeo
267 2181 367 2213 diluta
393 2179 483 2219 sunt,
507 2188 542 2211 ut
570 2178 763 2210 refutatione
780 2174 859 2216 Justa
872 2174 1030 2220 non-indi-

167 2231 270 2266 geant.
295 2227 299 2234 ¹
316 2222 432 2253 Alciati
453 2221 540 2253 fictio
560 2220 599 2251 de
617 2228 705 2251 mora
723 2218 801 2249 tanti
821 2225 970 2258 temporis
986 2224 1032 2246 in-

167 2275 254 2297 certa
270 2263 334 2302 est,
360 2263 390 2295 ἃ
407 2263 544 2303 ejusdem
569 2258 793 2292 demonstratio
816 2259 1031 2304 minus-vera:

168 2315 270 2347 neque
289 2305 371 2336 enim
388 2302 619 2345 quincuncibus
637 2301 731 2334 semel
757 2309 820 2332 non
840 2300 970 2336 lomus,
995 2306 1033 2328 iis

168 2347 243 2380 solis
275 2346 358 2378 recte
389 2345 568 2376 accumules
603 2342 846 2385 praecedentium
880 2348 1032 2372 annorum

163 2390 263 2431 foenus
289 2389 442 2419 unciarum
477 2387 497 2418 i.
526 2395 553 2417 e.
587 2386 710 2417 unciam
729 2385 835 2422 illam,
861 2391 930 2423 quae
949 2389 1034 2411 com-

169 2430 256 2462 miss'a
287 2428 448 2460 semisfium
478 2426 679 2468 stipulatione
695 2449 706 2465 ,
740 2426 772 2457 in
791 2424 926 2466 singulos
949 2431 1034 2453 retro

170 2481 267 2504 annos
285 2469 444 2501 usurarum
475 2469 603 2501 nomine
630 2466 858 2509 competebat3
883 2473 1037 2509 namque,

173 2522 209 2544 ut
224 2512 379 2550 diximus,
401 2511 573 2541 retrahitur
594 2519 629 2541 ea
645 2509 682 2540 ad
702 2510 854 2541 rationem
871 2516 935 2538 non
955 2506 1036 2537 lolu-

172 2563 214 2586 tae
240 2552 331 2585 sortis
348 2575 358 2591 ,
392 2561 455 2582 non
474 2550 562 2582 secus
575 2572 585 2588 ‚
610 2560 645 2581 ac
662 2551 683 2582 fi
702 2548 802 2581 usurae
820 2549 886 2589 ejus
903 2546 1036 2580 semiss'es

174 2606 191 2626 a
209 2593 366 2635 principio
385 2592 580 2634 placuissent.
604 2592 688 2632 Ergo
706 2592 792 2622 vides
805 2613 815 2628 ,
842 2591 954 2622 mirum
971 2599 1036 2620 non

173 2636 235 2668 esse
254 2659 263 2674 ‚
295 2633 380 2675 quod
412 2632 543 2664 Graecus
577 2632 731 2672 Inter-pres
763 2633 799 2662 :id
832 2640 952 2663 mmm,
994 2631 1034 2663 L,

175 2675 303 2710 XXIII.
338 2674 372 2706 T.
401 2673 458 2705 III.
492 2674 524 2705 C.
562 2682 608 2713 17.
637 2673 698 2704 liat.
733 2674 763 2704 C.
803 2673 876 2704 huie
900 2674 959 2715 legi
988 2681 1035 2712 17.

176 2716 407 2760 supcrdixei·it:
440 2718 584 2748 Σημιίωαι
607 2716 666 2750 ξένον
685 2737 694 2753 ‚
734 2720 802 2744 nom
831 2716 899 2755 quid
919 2724 1034 2745 novum.

177 2760 221 2791 Et
246 2758 335 2796 sane,
364 2764 400 2789 ut
418 2756 518 2788 dicam
531 2779 542 2795 ,
573 2755 657 2796 quod
676 2765 723 2786 res
740 2754 803 2793 est,
825 2755 962 2786 nondum
983 2756 1036 2785 tii-

175 2801 207 2832 hi
231 2800 338 2831 videre
355 2798 493 2839 contigit
509 2821 520 2837 ,
553 2806 646 2838 quare
661 2794 802 2828 constare
819 2797 980 2834 videatur,
1005 2796 1036 2827 in

177 2841 321 2873 futurum
344 2839 497 2871 duntaxat
527 2838 648 2871 usuram
672 2836 811 2869 crescere
830 2837 861 2868 in
879 2836 980 2878 specie
998 2838 1037 2868 le-

177 2884 224 2923 gis
245 2892 291 2923 17.
310 2888 358 2923 pr.
376 2880 417 2922 ff.
442 2881 572 2922 (letziflir.
617 2880 726 2912 Liceat
747 2879 843 2919 igitur
862 2879 985 2917 mirari,
1007 2880 1037 2910 ὃς

179 2926 325 2956 nat-tenus
345 2923 448 2953 mirari
469 2930 602 2954 tantum.

224 2965 321 3010 Quod
349 2964 378 2996 in
406 2963 502 2995 usuris
515 2987 523 3001 ‚
557 2963 634 2994 illud
652 2963 681 2994 &
700 2962 730 2994 in
747 2959 900 2993 fructibus
918 2961 1038 2993 obtine-

182 3015 214 3036 re
228 3028 238 3043 ‚
261 3005 364 3035 obiter
380 3004 477 3044 JCtus
497 3005 629 3035 iudicat:
665 3005 746 3035 Sicut
769 3002 808 3043 eJi
825 3002 1038 3042 iizsricei‘ibus,

184 3048 227 3077 ri:
257 3048 331 3077 ilioni
355 3045 390 3080 ὃ
413 3048 446 3077 in
472 3046 562 3086 usmis
581 3044 672 3086 potest
691 3045 825 3085 exprimi.
870 3043 1039 3076 Manifesta

184 3086 228 3117 est
252 3087 330 3117 ratio
359 3096 398 3118 ex
429 3087 449 3117 l.
480 3096 530 3128 34.
557 3086 597 3127 ff.
629 3090 662 3118 cle
694 3096 770 3127 ujur.
820 3085 918 3125 (Isin-<e
945 3087 1039 3116 vicem

133 3136 136 3141 ¹
177 3128 329 3167 saccinum
347 3130 490 3167 omiiieiic,
525 3127 560 3162 δ’
584 3130 684 3158 ‘mei-ilo
703 3138 760 3159 non
780 3128 879 3157 iselam
898 3137 916 3157 α
926 3126 1037 3167 friteli-

184 3170 383 3208 hiirjepclrctri.

883 127 992 153 VAN

1066 116 1670 153 BYNKERSHOEK

1067 205 1126 237 que
1152 203 1354 236 occurrunt,
1385 204 1421 228 ut
1450 198 1481 229 in
1512 198 1532 229 l.
1557 202 1608 233 88.
1634 197 1663 238 ὃ.
1689 197 1742 227 πίε.
1760 195 1801 238 ff.
1826 199 1864 229 ad
1887 197 1926 233 L,

1068 239 1181 270 Fabrici.
1208 237 1297 269 Nihil
1315 239 1398 269 enim
1416 238 1460 270 est
1476 238 1585 278 usura,
1609 248 1701 280 quam
1718 237 1835 270 foetura
1851 249 1929 280 quae-

1066 280 1135 311 dam
1166 279 1308 320 pecuniae
1333 281 1482 320 parientis
1507 288 1599 321 atque
1628 279 1852 318 increscentis,
1883 282 1929 314 uti

1066 331 1106 352 ex
1124 321 1264 352 Varrone
1281 321 1376 352 docet
1393 321 1431 352 A.
1449 319 1573 352 Gellius
1597 321 1641 352 N.
1667 320 1735 353 Act.
1755 321 1824 352 Lib.
1837 318 1928 355 XVI.

1070 363 1103 393 C.
1130 371 1178 393 12.
1224 361 1353 394 Interim
1381 361 1450 393 sunt
1474 361 1661 394 differentiae
1683 362 1843 394 nonnuiiae
1861 361 1929 396 usu-

1067 412 1115 433 ras
1133 402 1214 433 inter
1230 403 1259 434 ἅ
1280 402 1419 441 fruetus,
1444 402 1494 435 sed
1518 402 1705 444 pauciffimae
1722 428 1729 442 ‚
1755 413 1830 445 quas
1845 403 1930 436 exse<-

1066 445 1173 489 quitur
1202 443 1350 484 Cujacius
1380 444 1450 475 Lib.
1484 444 1607 477 XVllI.
1638 445 1760 487 Observ.
1787 445 1819 476 C.
1842 455 1874 486 3.
1898 445 1929 479 in

1067 485 1212 526 praeienti
1229 492 1331 516 autem
1348 486 1442 517 nulla.
1488 485 1572 518 Num
1596 487 1677 527 quid·
1696 487 1716 519 si
1735 486 1862 528 stipuler
1878 488 1931 519 mi=

1066 527 1098 571 igi
1110 526 1240 565 fundum
1273 527 1477 558 Cornelianum
1502 529 1567 559 dari
1585 528 1730 560 Kalendis
1748 528 1931 570 Jcmuurii5·;

1068 569 1123 604 ἑὲ,
1144 568 1176 597 ui
1201 568 1312 598 dederis
1325 591 1333 607 ,
1351 568 1470 608 fruclns
1498 574 1573 600 rez'ro
1589 581 1607 601 α
1625 572 1671 602 die
1693 568 1844 601 commem
1860 569 1944 602 obl'iss·

1067 609 1219 650 gationis,
1251 608 1329 640 nihil
1352 609 1484 649 impedit
1503 632 1515 648 ,
1538 612 1707 651 quominus
1726 610 1788 642 hoc
1802 612 1946 644 nomine-¹

1067 658 1153 690 agam
1164 649 1309 687 ‚simul-<ic
1322 659 1410 681 mora
1426 650 1490 683 fiat.
1513 652 1571 682 Sed
1583 653 1644 684 hoc
1659 651 1826 686 sollicitam
1843 652 1933 685 dubia

1068 691 1220 721 tationem
1236 691 1366 731 recipit,
1393 700 1449 721 cur
1467 692 1580 724 Paulus
1598 695 1667 726 heic
1692 706 1707 726 a
1723 695 1878 726 frutribus
1894 695 1933 728 ad

1068 731 1173 762 usuras
1195 741 1429 772 argumentetur
1449 755 1459 771 ,
1489 742 1560 764 cum
1585 742 1686 767 tamen
1719 737 1756 767 dc
1776 735 1933 770 fluetibus

1070 773 1132 803 tale
1150 772 1224 813 quid
1243 774 1272 803 in
1292 774 1364 812 jure
1388 773 1496 805 nostro
1520 774 1631 807 nullibi
1650 778 1822 817 reperiatur
1840 776 1935 810 tradi-

1069 823 1144 844 tuin,
1192 813 1341 853 Cujacius
1359 822 1462 853 certe,
1488 816 1539 856 qui
1560 825 1622 848 non
1639 817 1719 849 solet
1741 828 1795 857 ea,
1817 828 1887 860 quae
1903 829 1933 851 a·

1068 855 1128 887 lios
1144 855 1337 896 caeteroquin
1357 856 1472 895 latent,
1499 856 1660 898 ignorarej
1692 856 1729 890 ad
1751 859 1782 891 h.
1804 859 1824 890 l.
1848 858 1939 900 aper-.

1069 900 1101 927 te
1129 896 1301 927 confitetur
1322 919 1334 936 ‚
1369 897 1461 928 locum
1482 898 1557 929 hunc
1574 899 1624 941 effe
1634 899 1835 943 fingularem,
1850 894 1941 941 fimi--

1068 937 1164 978 lexas&
1180 939 1297 979 izejcire.
1350 938 1398 970 Sit
1415 939 1478 979 ita,
1504 939 1533 971 ὅ(
1561 942 1636 982 quid
1655 941 1748 974 tum?
1772 940 1810 974 de
1825 940 1936 974 frusti-

1068 979 1125 1010 bus
1151 980 1262 1010 eodem
1289 979 1385 1010 modo
1410 981 1514 1012 caveri
1542 982 1647 1023 posse3
1677 982 1774 1015 relata
1795 981 1939 1024 superius

1069 1023 1200 1053 nimmia
1217 1020 1293 1060 juris
1311 1021 1432 1052 evincit
1450 1020 1534 1054 satis.
1579 1023 1698 1056 Praeter
1713 1024 1798 1065 quod
1815 1025 1936 1058 Auetor

1068 1060 1172 1093 noster
1201 1063 1229 1090 ὡι
1249 1063 1281 1107 ,ὠ
1296 1062 1403 1098 πυρέᾰῳ
1428 1070 1549 1095 tantum
1568 1065 1646 1096 illud
1662 1073 1774 1105 notet,
1798 1075 1863 1098 non
1883 1074 1937 1097 ve·

1068 1112 1104 1133 ro
1128 1103 1183 1143 (ut
1202 1109 1349 1144 opinatur
1365 1103 1439 1144 ille)
1462 1113 1479 1135 a
1496 1103 1651 1137 fruetibus
1668 1106 1705 1137 ad
1724 1105 1829 1138 usuras
1845 1119 1936 1144 πραν-

1069 1145 1185 1178 ματικῶς
1210 1151 1454 1184 argumentetur.
1509 1146 1675 1178 Sufficiant
1696 1147 1765 1178 haec
1782 1148 1819 1179 ad
1837 1146 1938 1188 Ve‘rfi-

1072 1186 1168 1217 citizam
1187 1191 1357 1217 extreiizum.

1115 1226 1259 1258 Vidimus
1278 1226 1390 1271 *itaque
1406 1247 1417 1264 ,
1449 1227 1533 1267 quod
1555 1227 1628 1260 satis
1652 1228 1716 1269 est,
1741 1228 1837 1271 ipsam
1853 1230 1936 1263 Cau-

1073 1267 1219 1298 tionem:
1253 1266 1389 1297 vidimus
1415 1275 1520 1299 natam
1546 1277 1587 1299 ex
1614 1279 1649 1300 ea
1668 1271 1937 1305 controversiam:

1072 1308 1160 1340 Pauli
1187 1306 1398 1339 sententiam:
1430 1308 1507 1340 item
1531 1311 1627 1350 partis
1655 1309 1816 1343 adversae:
1850 1322 1939 1355 argu-

1073 1358 1178 1381 menta
1204 1349 1367 1389 utriusque
1385 1359 1392 1380 :
1424 1348 1633 1383 refutationes
1652 1352 1910 1386 Adversariorum
1927 1378 1941 1395 ,

1074 1392 1103 1424 6(
1121 1400 1190 1432 quae
1218 1400 1255 1422 eo
1284 1389 1460 1431 spectabant
1478 1401 1585 1433 porro.
1630 1393 1748 1434 Ecquis
1762 1395 1822 1434 jam
1840 1395 1940 1428 omni-

1073 1433 1131 1464 bus
1153 1432 1213 1463 rite
1244 1431 1399 1473 perpensis
1424 1432 1569 1465 dubitare
1589 1433 1680 1476 posfit
1697 1435 1735 1466 de
1754 1435 1888 1467 veritate
1905 1436 1940 1471 fi-

1074 1474 1139 1506 mul
1165 1483 1201 1505 ac
1227 1476 1376 1515 aequitate
1398 1472 1506 1507 Causae
1534 1475 1698 1508 Paulinae‘?
1730 1477 1879 1509 &tamen
1906 1487 1939 1510 u-

1074 1524 1215 1556 tramque
1231 1515 1457 1547 Hotomannus
1468 1516 1618 1549 sollicitat
1641 1518 1712 1550 Lib.
1730 1516 1788 1551 XI.
1818 1518 1939 1558 Ohr‘erv.

1076 1559 1109 1590 C.
1137 1567 1163 1590 1.
1175 1557 1232 1598 stab
1244 1555 1300 1597 fin.
1328 1558 1358 1588 &
1383 1565 1455 1589 ante
1481 1567 1553 1590 eum
1571 1557 1679 1591 Guido
1696 1554 1863 1600 Suzarius,
1889 1560 1940 1593 Al-

1073 1601 1157 1631 ciato
1185 1606 1375 1630 memoratus
1403 1599 1433 1630 in
1465 1600 1621 1632 Comment.
1661 1601 1697 1632 ad
1727 1601 1756 1634 h.
1789 1602 1808 1633 l.
1832 1611 1863 1634 n.
1887 1603 1938 1636 60.

1074 1649 1110 1673 ut
1129 1642 1158 1672 ὅ(
1174 1639 1373 1679 odofredus,
1397 1640 1486 1673 Zafio
1515 1642 1675 1681 laudatus,
1706 1653 1743 1675 an
1762 1651 1888 1675 notatus
1908 1643 1940 1677 in'

1075 1683 1221 1714 Enarrat.
1238 1681 1275 1712 ad
1295 1683 1424 1714 eandem.
1470 1683 1592 1715 Suzarii
1623 1684 1652 1715 ἃ
1669 1683 1823 1716 Odofredi
1841 1684 1940 1717 Paulo

1074 1722 1200 1756 adversa
1215 1721 1386 1764 disputatio
1403 1731 1525 1756 tantum
1550 1735 1612 1757 non
1630 1724 1731 1757 solum
1747 1726 1809 1758 hoc
1828 1733 1939 1767 urget,

1075 1765 1160 1807 quod
1178 1764 1301 1806 paetum
1317 1765 1452 1805 nudum,
1479 1775 1592 1808 utpote
1608 1767 1711 1799 debile
1723 1790 1735 1806 ,
1765 1777 1827 1799 non
1845 1767 1940 1809 poffit

1074 1806 1143 1848 ipso
1170 1807 1238 1847 jure
1265 1806 1378 1837 tollere
1404 1806 1656 1848 stipulationem,
1688 1808 1886 1846 fortiffimum
1903 1808 1940 1840 il-

1074 1848 1129 1881 lud
1143 1847 1206 1879 fori
1227 1847 1362 1879 Romani
1389 1849 1564 1883 vinculum.
1618 1849 1714 1894 Quod
1732 1850 1809 1881 adeo
1827 1858 1939 1882 verum

1075 1889 1137 1922 esse
1163 1889 1344 1922 Odon-edus
1369 1890 1449 1931 apud
1472 1891 1593 1924 Zafium
1617 1892 1790 1932 gloriatur,
1814 1898 1869 1930 ut,
1892 1897 1938 1922 et-

1075 1931 1159 1964 iainfi
1191 1931 1285 1962 hodie
1308 1931 1340 1963 in
1364 1932 1446 1963 vivis
1471 1932 1547 1964 ess'et
1569 1933 1666 1974 JCtus
1685 1933 1806 1971 noster,
1832 1940 1938 1964 tamen

1074 1974 1240 2005 immotum
1264 1972 1343 2004 illud
1367 1972 1447 2013 Juris
1479 1973 1717 2007 fundamentum
1755 1973 1938 2005 convellere

1075 2023 1138 2046 non
1156 2013 1268 2055 posset.
1314 2013 1382 2054 Ipsa
1408 2014 1538 2047 veritas!
1562 2024 1736 2057 quanquam
1755 2013 1938 2046 Odofredus

1074 2056 1241 2098 propterea
1260 2055 1383 2086 ridicule
1405 2056 1519 2096 ineptus
1535 2057 1656 2088 dicatur
1675 2066 1692 2087 a
1709 2055 1797 2089 Zafio
1807 2078 1819 2094 ,
1842 2055 1937 2087 &Su-

1075 2097 1151 2127 zarii
1178 2096 1313 2127 rationes
1326 2096 1449 2136 frivole
1471 2096 1508 2128 ab
1535 2097 1671 2129 Alciato.
1727 2096 1847 2128 Unicus
1883 2105 1938 2128 eo-

1075 2147 1144 2169 rum
1169 2146 1256 2168 error
1280 2137 1322 2168 eil
1343 2160 1352 2176 ‚
1384 2137 1469 2178 quod
1493 2147 1692 2170 communem
1713 2147 1851 2169 errorem
1874 2136 1939 2178 (di-

1076 2188 1147 2210 cere
1171 2178 1286 2218 liceat)
1316 2178 1404 2209 velut
1428 2179 1478 2218 jus
1508 2180 1663 2220 quoddam
1689 2179 1877 2210 tralaticium
1896 2177 1939 2211 se*-

1075 2220 1160 2258 cuti,
1192 2218 1439 2250 existimaverint
1459 2242 1470 2258 ,
1505 2221 1750 2253 conventionem
1774 2219 1888 2252 nudam
1904 2219 1938 2252 in

1075 2259 1180 2293 nostra
1203 2261 1222 2292 l.
1247 2261 1340 2292 etiam
1361 2260 1441 2292 ultra
1464 2262 1686 2302 exceptionem
1706 2260 1869 2303 prodesse,
1892 2260 1938 2293 id-

1076 2311 1137 2342 que
1158 2301 1352 2333 contendiss'e
1371 2302 1510 2334 Paulum.
1558 2303 1719 2348 Quocirca
1747 2303 1804 2334 vix
1823 2301 1938 2341 credo,

1076 2344 1177 2375 dictos
1195 2342 1382 2384 Interpretes
1405 2344 1561 2385 quippiam
1586 2344 1688 2375 moliri
1710 2351 1821 2375 contra
1839 2342 1940 2385 ipsum

1077 2384 1258 2425 responsum
1285 2384 1323 2415 de
1351 2384 1545 2425 obligatione
1568 2384 1726 2417 usurarum
1743 2408 1753 2424 ‚
1786 2393 1857 2416 cum
1874 2386 1940 2417 nou

1087 2433 1258 2457 irovocent
1277 2426 1313 2456 ad
1339 2435 1391 2464 ea,
1422 2436 1490 2466 quse
1509 2426 1664 2467 disputata
1685 2426 1830 2467 leguntur
1848 2424 1886 2456 ab
1903 2424 1942 2457 il-

1079 2436 1143 2506 iis,
1177 2467 1363 2508 quibuscum
1395 2467 1494 2499 Paulo
1526 2466 1633 2499 nostro
1666 2466 1735 2497 heic
1767 2464 1940 2498 interceffit

1081 2508 1267 2547 contentio,
1299 2507 1349 2539 scd
1361 2532 1370 2547 ,
1404 2517 1439 2539 ut
1454 2509 1520 2540 dixi
1535 2531 1545 2545 ‚
1574 2508 1637 2539 alio
1655 2508 1746 2548 plane
1763 2506 1869 2539 tendat
1884 2515 1939 2538 eo·

1079 2559 1148 2583 rum
1166 2549 1386 2581 ratiocinatio:
1422 2549 1475 2581 nisi
1495 2549 1581 2581 forte
1598 2549 1800 2590 putaverint,
1825 2548 1854 2580 ὅ(
1869 2557 1938 2589 per-

1079 2601 1182 2633 peram
1194 2614 1205 2630 ,
1228 2589 1390 2632 quaefitum
1409 2590 1446 2621 de
1463 2590 1560 2621 usuris
1577 2589 1711 2630 pendere
1729 2598 1745 2620 a
1760 2588 1852 2630 pacto
1872 2589 1940 2621 sub-

1080 2633 1212 2672 sequuto
1231 2654 1241 2669 ‚
1273 2639 1377 2662 utrum
1402 2630 1498 2670 iniit,
1534 2640 1592 2662 nec
1623 2639 1670 2662 ne.
1725 2629 1812 2674 Quid
1834 2638 1940 2662 autem

1079 2676 1170 2713 liujus
1194 2674 1236 2704 rei
1262 2672 1319 2710 fit,
1351 2671 1455 2703 dicere
1473 2681 1534 2703 non
1554 2671 1663 2711 ausim,
1688 2671 1940 2712 quandoquidem

1080 2716 1179 2756 ipsum
1197 2714 1359 2746 sumi-ium
1374 2714 1426 2744 vel
1449 2712 1648 2748 Odofredum
1666 2712 1799 2751 habere,
1821 2713 1873 2745 vel
1889 2712 1938 2745 vi-

1079 2760 1151 2789 dere
1168 2764 1232 2786 non
1250 2755 1293 2785 eit
1307 2754 1423 2785 datum.

1122 2796 1234 2837 Neque
1265 2793 1309 2826 est
1327 2818 1336 2833 ,
1369 2795 1453 2834 quod
1478 2795 1633 2827 Eunomia
1656 2795 1729 2838 legis
1752 2805 1803 2836 40.
1824 2795 1877 2828 sibi
1901 2795 1939 2828 ab

1080 2838 1288 2871 Hotomanno
1308 2844 1435 2868 metuat.
1483 2837 1576 2868 Licet
1595 2837 1677 2868 enim
1695 2837 1749 2868 ille
1769 2836 1942 2869 rationibus

1081 2887 1214 2920 quatuor
1235 2877 1431 2919 adgrediatur
1460 2878 1609 2916 Paulum,
1638 2878 1765 2918 ejusque
1781 2886 1940 2919 argumen-

1083 2922 1123 2952 tis
1140 2919 1325 2961 respondcre
1344 2918 1477 2961 satagat,
1512 2920 1541 2952 ἃ
1562 2928 1645 2951 nunc
1662 2927 1733 2950 eum
1749 2918 1854 2950 nimiae
1871 2918 1938 2951 sub-

1082 2961 1208 2992 tilitatis
1220 2983 1231 2999 ,
1254 2969 1336 2992 nunc
1362 2960 1537 3001 iniquitatis
1558 2958 1730 2992 manifesta:
1747 2969 1832 2991 reum
1849 2965 1941 3002 agat,-

1079 3002 1158 3034 furit
1192 3010 1293 3033 tamen
1320 3002 1539 3043 nequicquam.
1589 3000 1665 3033 Non
1687 3000 1792 3042 placet
1810 3000 1944 3042 singulas

1081 3044 1146 3083 ejus
1167 3043 1305 3074 rationes
1326 3041 1484 3084 persequi:
1524 3052 1594 3074 nam
1621 3051 1671 3073 eas
1687 3065 1696 3081 ‚
1721 3050 1790 3081 quae
1806 3041 1939 3083 speciem

1082 3085 1213 3123 habent,
1238 3084 1267 3115 in
1285 3083 1494 3124 superioribus
1514 3090 1683 3124 occupatas
1706 3082 1846 3121 videbis;
1870 3081 1938 3114 reli-

1081 3135 1172 3167 quae,
1199 3126 1272 3169 quin
1295 3125 1324 3156 δ’.
1344 3126 1372 3156 in
1394 3124 1571 3157 universum
1584 3133 1693 3156 omncs
1708 3123 1782 3165 Jimt
1798 3125 1866 3155 adeo
1881 3124 1937 3154 dis-

432 3169 520 3201 Undc
544 3170 572 3200 ὃ(
583 3169 736 3208 fruetuum
755 3177 881 3201 nominc
898 3169 1037 3209 qu-:zndo-
1071 3167 1193 3208 jolitae,
1227 3167 1263 3202 ω’*
1286 3166 1462 3207 confidenter
1490 3165 1614 3207 confiblae
1630 3189 1640 3205 ‚
1673 3164 1746 3204 mse
1760 3165 1938 3211 isslizspriqno

1889 3213 1930 3235 in-

2004 256 2008 270 l
