2008 3436
538 100 1056 138 GERARDI

160 180 269 225 minus.
285 188 343 212 tan
361 179 584 223 Bynkershock
601 181 721 214 causam
740 183 771 214 in
786 180 948 223 praescr-itia
961 189 1023 211 ine-

162 221 270 263 tuendi
290 243 301 259 ‚
335 232 374 254 ne
403 233 420 254 a
446 232 513 254 inea
534 223 794 264 interpretatione
826 223 1025 263 periclitetur

162 262 245 301 juris
266 264 439 296 auftoritas
456 275 464 296 :
499 265 528 296 ἃ
554 266 638 305 quod
660 275 717 306 pro
738 265 821 306 Lege
845 263 949 294 haberi
969 272 1024 292 vs>-

164 303 227 334 luit
243 303 449 344 justinianus,
473 315 530 346 pro
548 305 789 337 Declamatione
805 305 936 344 alictiJus
946 303 1026 334 Rhe-

164 345 244 376 toris
267 354 320 377 aut
350 346 532 388 Philosophi
557 347 754 388 reputetur?
786 347 925 387 opinor,
956 344 1024 375 nul-

163 385 227 417 iam
247 397 254 417 :
289 387 403 428 quippe
428 398 500 419 cuin
526 389 631 419 omnia
650 412 659 427 ,
690 386 851 428 postquam
879 385 929 416 sua
945 384 1024 416 fecit

157 111 228 146 404

163 425 351 466 justinianus
365 453 373 467 ,
398 429 435 460 ab
450 439 489 460 co
508 428 669 469 prosecta,
694 439 733 459 ex
755 430 882 468 eiusque
901 433 1026 462 niente,
1069 426 1080 466 J

164 468 300 510 intelligi
332 469 488 501 debcant:
522 479 556 500 tit
577 469 621 500 est
644 471 675 500 in
695 464 954 504 Constitutione,
979 466 1025 497 De

167 512 348 550 conceptione
375 509 561 552 ngcstormn
578 534 586 550 ,
620 511 649 542 (St
672 510 720 541 De
736 508 952 549 confirmatione
970 507 1027 538 Di·-

168 549 331 592 gestorum,
356 553 450 583 vai-iis
473 552 560 582 locis.

211 591 240 632 ἓ.
258 592 373 625 XXX.
404 592 457 632 (ι)
487 592 604 623 Videor
628 592 705 624 mihi
731 602 771 624 ex
796 599 876 624 voto
901 589 1027 622 solvisse

172 716 293 744 occider.
313 718 512 753 parricidiorum
526 724 621 754 parisini
642 716 788 755 asperabat,
809 716 1026 755 inhiberet-fatis,

171 754 240 791 &fi
256 756 356 790 aljana
370 758 397 783 in
405 757 528 792 ferai-nin
539 759 634 792 pabula
650 756 795 793 miserrume
807 754 936 792 prolisors
951 757 1029 783 etiam

169 791 299 829 iiiitffrizci
323 795 508 831 contingeret,
536 797 608 822 illam
631 797 659 822 in
677 795 833 831 servitutem
858 795 901 821 vel
926 795 968 821 lex
987 793 1030 820 vel

170 831 270 861 obvius
289 838 368 867 patei·
381 853 388 865 ‚
413 839 442 860 ut
458 833 625 871 ¹Quintiliano
645 832 763 860 Declanz.
781 836 846 860 206.
866 833 1029 864 nominatur,

170 870 199 895 iii
223 871 331 904 lupanar
351 871 487 906 abriperet.
532 871 726 899 Calainitatein
752 871 902 907 temporis,
923 869 947 897 ἃ
966 869 1030 897 inde

169 913 249 934 natas
273 909 424 936 liberorum
450 909 536 937 caedos
561 909 586 937 δε
606 909 808 945 expositiones,
841 915 871 936 ut
891 915 922 934 ut
937 909 969 936 iis
988 908 1030 934 lex

168 945 348 979 irasceretur,
378 947 459 975 novis
489 947 666 975 Constantini
689 948 811 983 Legibus
836 947 869 973 dc
893 946 1030 974 alimentis

171 984 288 1019 publico
309 984 418 1021 sumptu
440 985 614 1021 praebendis,
642 985 667 1014 &
684 984 894 1022 permutandis,
916 986 953 1011 ob
969 992 1030 1018 ege-

172 1021 288 1055 statem,
310 1023 587 1059 sanguinolentorum
607 1023 817 1052 venditionibus
836 1044 842 1056 ,
862 1023 968 1050 causam
986 1022 1032 1050 dc-

173 1060 240 1088 o'isse
257 1060 402 1090 existimat.
440 1063 586 1091 Prohibita
601 1069 664 1090 ante
679 1062 892 1090 Constantinum
910 1062 967 1088 haec
979 1061 1032 1088 sce-

172 1097 231 1126 lera
253 1099 329 1127 fuisse
343 1109 378 1128 ne
399 1100 509 1129 dubitat
531 1100 661 1137 quidem,
684 1100 709 1128 ἃ
726 1100 759 1128 dc
776 1099 952 1128 Constantini
971 1105 1033 1126 atta-

173 1143 202 1164 te
223 1138 351 1166 dubitare
372 1146 429 1166 non
452 1140 556 1176 patitur
583 1140 608 1167 (l.
637 1140 654 1166 l.
676 1148 719 1166 un.
750 1144 779 1165 ut
797 1138 858 1165 satis
875 1138 973 1165 monui
996 1135 1033 1164 O-

170 1174 241 1213 Pusc·
287 1176 316 1203 C-
332 1178 396 1206 Vll.
428 1184 454 1213 p.
482 1180 544 1212 358.
586 1177 664 1216 Quid
686 1177 917 1205 Valentinianum
936 1196 943 1208 ‚
979 1176 1033 1203 Va-

173 1213 278 1242 lentem
305 1214 331 1242 δι
354 1216 519 1243 Gratianum
542 1224 656 1244 movere
677 1216 802 1251 potuerit
824 1235 831 1247 ,
864 1220 895 1241 ut
918 1214 946 1241 in
973 1213 990 1240 l.
1006 1215 1032 1241 8.

175 1251 205 1280 C.
224 1252 258 1280 ad
272 1252 307 1281 L.
331 1253 430 1282 Corncl.
453 1254 483 1281 a'e
494 1253 574 1291 ficar.
601 1252 638 1288 &²
662 1254 680 1281 l.
698 1261 723 1280 2.
744 1253 774 1280 C.
791 1253 821 1280 de
833 1251 934 1287 Infant.
950 1248 1032 1288 expos.

177 1290 273 1318 denuo
300 1291 335 1319 de
359 1300 428 1320 nece
450 1292 476 1320 ἃ
496 1292 669 1328 expositione
691 1290 843 1318 liberorum
863 1289 1007 1317 edicerent
1025 1308 1033 1320 ,

174 1329 240 1357 saris
264 1330 333 1358 mihi
354 1330 454 1358 videor
475 1330 604 1358 indicasse
626 1328 721 1367 Opusc.
741 1327 771 1356 C.
789 1328 856 1356 VlI.
877 1328 985 1370 12:360:
1006 1325 1033 1354 ot

175 1366 205 1394 C.
219 1368 269 1396 IX.
292 1373 319 1403 p.
341 1372 405 1403 364.
433 1377 495 1404 quae
518 1368 564 1395 liic
585 1376 642 1396 non
658 1372 764 1403 repete.
803 1366 835 1393 In
855 1373 890 1392 eo
904 1365 1033 1393 Dattium

173 1412 234 1433 non
253 1405 363 1441 sequar,
387 1406 463 1441 quod
485 1405 546 1441 Cap.
562 1407 615 1434 Vl.
638 1413 695 1433 non
713 1404 784 1440 patri
800 1409 925 1436 tantuin,
947 1402 992 1431 sed
1007 1402 1035 1431 &

173 1444 257 1472 matri
273 1444 422 1471 liberorum
439 1443 615 1472 venditiones
633 1444 792 1480 perniittat3
813 1450 910 1470 omnes
927 1440 1035 1470 consul-

177 1483 299 1509 tationes
321 1480 357 1509 de
379 1482 472 1510 liberis
495 1481 651 1511 vendendis
666 1503 675 1516 ,
704 1489 765 1518 quae
789 1480 864 1518 apud
879 1480 974 1508 Patres
989 1487 1035 1507 oc-

178 1526 308 1552 currunt,
337 1518 362 1547 <Sc
383 1528 450 1555 quas
467 1519 514 1548 ille
532 1520 674 1555 recenset,
705 1520 849 1556 patribus,
869 1526 926 1546 non
941 1518 1034 1546 matri-

175 1558 230 1586 bus
251 1557 426 1592 tribuuntur,
447 1558 504 1591 illi,
524 1567 582 1587 non
598 1559 655 1593 hae,
677 1557 849 1591 deliberant,
871 1565 954 1593 quem
970 1556 1039 1584 libe-

177 1604 273 1624 rorum
288 1597 407 1632 primum
429 1596 664 1628 distracfturifint.
685 1597 842 1632 iuniorem,
866 1603 900 1623 au
917 1594 1039 1623 adulti-o-

177 1634 259 1663 xem?
284 1634 309 1662 ὅ(
331 1635 486 1669 Romulus,
514 1635 637 1672 expressa
651 1635 730 1672 lege,
750 1634 875 1671 patribus
890 1633 918 1661 id
933 1634 976 1668 J'us
993 1633 1039 1662 de-

179 1672 220 1702 dit
243 1672 317 1707 apud
338 1674 505 1711 Dionysium
528 1673 710 1703 Halicarnaff.
740 1673 825 1702 L.11.
853 1678 879 1708 p.
896 1681 930 1700 m.
945 1679 990 1706 97.
1013 1670 1039 1700 δε

179 1711 312 1748 parasitus
339 1713 413 1748 apud
440 1712 568 1741 Plautum
588 1711 669 1747 Persa
686 1712 747 1740 Λᾶ.
763 1712 814 1739 111.
843 1710 885 1738 Sc.
900 1711 922 1738 1.
954 1710 1038 1738 filiam

182 1749 357 1779 distracturus
374 1772 382 1783 ‚
403 1750 439 1778 sic
459 1760 520 1779 eam
542 1751 694 1787 alloquitur
723 1748 789 1787 vers.
808 1755 851 1782 15.
870 1757 969 1781 meum,
989 1750 1040 1784 opi-

179 1798 240 1821 nor,
273 1789 408 1824 imperium
428 1790 457 1817 in
477 1795 501 1816 te
515 1811 522 1822 ‚
549 1799 599 1817 non
622 1790 649 1816 in
672 1797 711 1816 me
732 1789 780 1816 tibi
805 1786 849 1823 est.
887 1787 982 1822 thue
1003 1788 1041 1815 ita

181 1827 309 1854 nisenii-ar
331 1828 362 1854 iis
376 1847 385 1860 ‚
412 1829 458 1863 qui
478 1829 521 1862 jus
542 1826 701 1859 vendendi,
729 1834 785 1854 non
803 1827 878 1854 secus
895 1830 979 1860 atque
995 1833 1042 1853 ex-

179 1866 308 1901 ponendi
322 1865 346 1893 &
361 1866 481 1893 necandi
495 1887 503 1898 ‚
523 1866 595 1894 inter
611 1864 725 1894 effeetus
740 1865 834 1901 patriae
843 1862 985 1900 potestatis
1000 1872 1039 1892 re-

182 1903 323 1936 tulerunt,
353 1910 383 1931 ut
406 1905 560 1932 retulerunt
582 1912 694 1936 omnes,
717 1911 804 1938 quos,
825 1908 885 1930 uta
901 1902 926 1929 se
942 1902 1039 1930 dissen·

182 1942 301 1974 tientes,
331 1943 456 1971 recenset
476 1943 590 1971 Dattius
617 1942 642 1971 d.
670 1941 699 1970 C.
722 1942 773 1970 vi.
807 1942 835 1968 in
850 1939 915 1968 Not.
932 1940 966 1968 aci
988 1941 1039 1968 cal-

179 1988 233 2008 cem
252 1986 278 2015 p.
293 1988 355 2008 122.

218 2018 285 2046 Dixi
297 2039 304 2050 ,
327 2027 385 2054 quae
399 2019 434 2047 de
449 2020 538 2056 prima
553 2017 705 2056 quaestione
720 2016 813 2045 dicere
833 2016 1040 2045 constitueram.

183 2055 240 2084 Sed
256 2064 344 2092 quum,
356 2057 506 2093 aliquoties
522 2057 737 2094 provocaverim
760 2056 795 2083 ad
814 2055 983 2083 Tertulliani
1002 2055 1042 2082 lo-

186 2102 265 2125 cum.
292 2096 339 2128 qui
363 2095 401 2122 est
428 2095 462 2123 L.
483 2096 504 2124 I.
533 2095 567 2123 ad
592 2094 720 2123 Nationes
740 2094 767 2121 C.
792 2101 835 2127 15.
857 2099 887 2120 ut
905 2094 954 2128 qui
970 2093 1041 2121 solus

184 2131 229 2160 liti
245 2132 344 2159 nostrae
359 2132 522 2160 dirimenda:
544 2132 675 2166 sufficiat,
701 2132 792 2168 placet
815 2131 860 2159 hic
875 2131 978 2158 addere
993 2139 1043 2159 no-

186 2177 229 2198 tas
248 2171 346 2206 Jacobi
366 2171 537 2199 Gothofredi
554 2171 588 2198 ad
609 2180 665 2198 eum
685 2171 731 2198 loc.
753 2178 829 2205 qum,
851 2177 914 2196 cuin
931 2168 1044 2206 Opnscu-

186 2210 214 2236 [ει
229 2209 358 2242 ederem,
383 2217 440 2237 non
464 2215 543 2237 erant
567 2208 602 2236 ad
625 2216 754 2242 manum,
777 2208 802 2235 δ(
819 2208 988 2244 compendio
1004 2207 1045 2235 di·

188 2253 272 2279 cunt,
300 2247 375 2283 quod
394 2249 465 2275 Viro
488 2248 562 2276 Clar.
593 2246 742 2275 refutando
773 2245 837 2274 satis
863 2246 910 2273 cit.
957 2246 1045 2281 igitur

186 2284 251 2321 post
272 2286 399 2313 exhibita
421 2286 590 2314 Tertulliani
606 2285 691 2313 verba
707 2286 743 2312 ita
765 2284 840 2311 infit:
862 2284 984 2312 Audiam
1003 2285 1046 2312 vel

189 2323 240 2350 haec
262 2323 379 2360 deinceps
392 2345 400 2357 ‚
428 2325 472 2360 qui
489 2330 587 2361 negant
607 2329 665 2352 ante
681 2320 837 2358 Christianos
854 2322 990 2358 Principes
1005 2323 1045 2350 in-

182 2360 328 2398 fanticidio
347 2369 445 2398 pinnam
467 2363 547 2390 ullam
567 2360 641 2401 Jure
663 2361 745 2392 Citn'li
766 2360 879 2389 Romano
896 2359 1047 2396 propositam

183 2398 270 2437 suilli:
284 2421 290 2432 ,
313 2400 427 2435 joculari
446 2403 522 2428 etiam
548 2401 646 2428 ratione
663 2421 670 2433 ‚
698 2400 761 2436 quoti
783 2408 859 2434 neque
879 2398 990 2436 hoinofit
1004 2400 1043 2427 in-

186 2437 261 2475 fans.
297 2437 362 2465 Ecce
377 2440 445 2466 enirn
464 2438 642 2466 Tertullianus
657 2437 748 2475 diserte
762 2436 959 2473 infanticidium
978 2438 1046 2473 legi-

191 2477 239 2503 bus
254 2475 381 2511 prohiberi
404 2478 442 2503 ait
460 2498 467 2509 ,
492 2487 522 2504 oc
540 2476 648 2512 proinde*
662 2482 759 2512 poenain
775 2475 941 2512 infanticidio
955 2474 1045 2512 confli-

190 2519 293 2541 tutam:
312 2523 391 2550 neque
404 2516 470 2542 enim
483 2536 490 2547 ‚
512 2516 611 2550 opinor,
639 2514 675 2542 hae
690 2513 776 2550 Leges
792 2514 821 2541 de
836 2522 926 2541 earum
941 2522 1046 2542 numero

185 2551 301 2589 fuerunt
313 2571 321 2585 ‚
349 2560 402 2588 quae
421 2554 530 2588 improbe
545 2558 644 2580 tantum
660 2552 763 2590 fastum
775 2553 960 2586 pronunciant,
981 2561 1045 2587 qute-

192 2598 238 2625 que
254 2590 345 2618 niinus
361 2589 498 2626 persecIae;
519 2590 595 2617 audis
609 2592 676 2618 enim
698 2591 890 2626 exprobrantem
909 2588 1047 2618 Tertullia-

190 2636 253 2656 num
272 2627 432 2656 Nationibus
446 2648 454 2661 ,
481 2628 544 2664 quod
565 2628 610 2655 has
630 2627 715 2665 Leges
729 2627 813 2665 seculi
829 2629 895 2655 vitio
917 2628 1046 2664 impune,

185 2665 291 2704 secure,
311 2664 362 2702 sub
385 2667 496 2694 omnium
515 2664 669 2702 conscientia
694 2666 832 2692 eluderent.
881 2665 977 2698 Pana,
998 2668 1049 2701 opi.

191 2713 257 2738 nor,
277 2702 328 2740 est,
350 2705 394 2732 ulti
408 2705 509 2740 impune
528 2704 597 2740 leges
611 2704 705 2730 violari
721 2703 781 2731 Viri
802 2703 860 2730 boni
878 2705 1047 2738 quir-icantur.

191 2743 280 2778 Atque
294 2743 338 2770 hoc
351 2743 429 2770 altero
442 2751 512 2770 noevo
525 2740 744 2780 Jurispruclentia
758 2738 842 2776 nostra
856 2740 972 2776 deinceps
987 2742 1048 2770 libe·

191 2790 223 2808 ra
238 2779 297 2817 est0.
341 2781 381 2808 At
402 2781 485 2812 dices,
512 2780 576 2815 quod
597 2780 687 2806 dicunt
709 2779 770 2806 Viri
784 2779 890 2814 magni,
912 2779 973 2814 quid
988 2788 1048 2817 crgo

184 2817 246 2856 fnit
260 2825 320 2855 opus
334 2819 514 2847 Valentiniani
526 2818 639 2845 Senioris
652 2817 688 2845 A.
698 2814 922 2852 Constantianos.
933 2816 969 2844 D.
982 2825 1047 2852 374.

190 2856 211 2884 l.
234 2865 257 2884 1.
293 2857 325 2885 C.
355 2857 410 2885 Th.
443 2856 476 2884 ad
507 2856 540 2884 L.
569 2855 681 2883 cornei.
715 2855 748 2882 de
768 2853 843 2882 sicar.
858 2852 907 2891 seu
926 2853 944 2881 l.
966 2856 992 2884 8.
1013 2856 1046 2884 C,

192 2894 266 2923 Eod.
276 2895 336 2922 Tit.
356 2897 402 2922 uhi
415 2894 527 2933 infantis
539 2893 647 2922 necandi
658 2893 759 2930 piaculo
772 2892 880 2928 capitale
888 2890 1047 2929 sitpplicium

192 2932 345 2960 indicitur?
371 2933 431 2968 quill
448 2932 546 2968 putas?
572 2938 658 2968 nempe
670 2931 862 2968 prohibitionem
876 2939 905 2957 ea
920 2929 1047 2966 Consti-‘m-

194 2972 260 2999 tioiie
282 2976 436 2999 retentatam
462 2969 578 3007 &sorte
596 2977 693 3007 pieriam
709 2967 831 3006 intensam
844 2968 919 2995 video
933 2977 942 2995 .·
962 2975 991 2996 tit
1004 2979 1049 2997 coe-

195 3010 308 3043 zei-oquin
327 3009 340 3043 s
349 3009 413 3043 quod
432 3010 460 3036 iii
483 3009 526 3037 hoc
547 3007 598 3046 ipso
617 3014 769 3045 argumento
781 3006 811 3034 tle
827 3005 993 3041 infanticidio
1006 3017 1047 3035 no-

189 3044 245 3079 ster
260 3049 297 3073 ait
317 3047 438 3083 Apolog.
460 3047 492 3075 C.
510 3046 561 3081 9.)
577 3047 677 3074 nullum
685 3046 771 3084 scelus
784 3046 811 3072 in
828 3050 976 3081 perpetuum
995 3055 1048 3075 era·

197 3082 314 3116 dicatur,
335 3086 372 3112 ita
394 3085 479 3121 Leges
498 3083 650 3121 exolescente
672 3091 740 3112 metu
754 3090 885 3120 paenm'um
900 3086 1026 3112 recentari
1041 3106 1048 3118 ,

197 3120 314 3152 incendi,
346 3124 405 3154 vel.
432 3130 460 3150 ut
482 3124 594 3158 loquitur
617 3121 740 3155 Tacitus,
767 3128 864 3158 poenas
878 3121 986 3150 incitari
999 3132 1050 3150 mos

197 3154 241 3190 ‘’fl-
282 3158 354 3194 Quia
371 3160 455 3188 Notae
474 3160 526 3188 illae
550 3160 679 3188 rarissime
699 3165 871 3193 occurrunt,
893 3158 974 3187 facilc
999 3168 1049 3196 po-

197 3199 308 3223 tueruut
322 3194 417 3231 sugere
432 3197 592 3227 industriam
607 3190 670 3228 Viri
687 3196 852 3235 Clarissimi,
871 3203 956 3234 atque
976 3202 1049 3228 adeo

1180 99 1560 138 NOODT

1067 188 1248 221 argumenta
1272 189 1289 211 a
1313 180 1392 211 Viro
1418 179 1548 213 Eximio
1587 181 1664 213 mihi
1690 181 1811 222 objecta
1843 185 1922 220 circa

1067 224 1204 262 prior-ein
1225 220 1426 262 quaestionem
1449 223 1488 254 de
1505 221 1663 254 infantum
1683 224 1879 264 expositione
1894 229 1925 261 ὅ(

1068 272 1154 294 nece.
1188 263 1241 303 (ἑ)
1272 263 1418 294 Succedit
1433 264 1529 295 altera
1551 263 1590 295 de
1605 263 1714 296 abacto
1729 273 1838 306 parm,
1863 278 1925 300 me-

1068 304 1245 335 dicamento
1271 314 1287 334 a
1313 303 1443 334 muliere
1461 304 1573 344 sponte
1595 304 1720 347 sumpto
1736 307 1774 338 ad
1790 307 1926 340 abortio-

1068 354 1151 376 nem.
1197 344 1251 376 Est
1262 354 1337 375 vero
1356 343 1411 376 ista
1424 369 1433 384 ,
1458 345 1522 378 five
1537 345 1575 376 ad
1591 346 1660 388 ch
1682 347 1726 379 las
1739 347 1840 388 Juris,
1863 349 1926 382 sive

1069 386 1105 416 ad
1128 385 1180 427 (s)
1203 386 1283 425 Juris
1303 395 1461 427 praecepta
1476 356 1691 427 examinem&
1715 390 1792 421 item
1811 390 1873 422 sive
1890 391 1927 424 ad

1088 429 1149 457 uris
1168 427 1293 459 initium
1305 451 1314 466 ,
1338 427 1401 458 sive
1419 428 1455 458 ad
1471 428 1536 468 ejus
1551 428 1744 470 progressum
1759 430 1926 472 specietur,

1069 477 1086 498 a
1100 477 1150 498 me
1173 468 1210 499 ad
1233 476 1353 499 certum
1373 468 1500 500 adducta
1522 471 1616 510 capite
1635 471 1735 503 ultimo
1751 472 1834 513 Jullz'
1850 473 1928 506 Pau-

1070 509 1102 540 li.
1147 509 1205 540 Sed
1230 509 1301 548 quia
1334 509 1385 539 liic
1412 519 1537 551 quoque
1567 512 1630 542 alio
1663 512 1754 545 flexit
1778 514 1930 556 Bynkers-

1070 550 1199 581 lioeltius
1235 550 1376 590 Opifiulz'
1409 560 1433 581 c,
1463 552 1534 583 Vll.
1560 558 1631 595 pag.
1664 563 1737 596 357.
1777 565 1833 597 age
1859 566 1928 598 quae

1070 591 1284 629 intercedant,
1307 599 1347 622 ne
1363 599 1486 623 mecum
1504 593 1585 632 stet,
1615 597 1853 630 confideremus.
1877 597 1932 640 (4)

1868 639 1929 672 Pu-

1071 715 1129 749 ejus
1142 736 1149 747 ,
1171 712 1244 743 sorte
1259 713 1284 744 i&
1299 712 1423 744 Lectoris
1441 717 1546 753 gratia,
1574 717 1695 756 integras
1717 720 1860 760 descripsi,
1881 721 1931 760 qui

1073 754 1200 788 alioquin
1227 761 1284 781 non
1311 762 1388 781 meus
1410 754 1448 782 est
1466 763 1538 784 mos.
1576 757 1681 786 Eadem
1698 760 1812 797 vestigia
1827 762 1931 792 deinde

1072 791 1164 828 pressit
1186 791 1242 827 ipse
1263 791 1309 819 ille
1340 792 1534 822 Gothofredus
1556 794 1739 826 Commentario
1760 800 1794 827 ad
1823 801 1878 829 1.1.
1899 800 1932 831 C.

1076 829 1124 856 Th.
1140 829 1173 856 ad
1196 829 1231 858 L.
1252 829 1351 858 Cor-nel.
1376 830 1406 858 dc
1427 830 1510 860 Sicar.
1539 841 1602 860 nam
1618 834 1764 872 postquam
1779 837 1931 874 infantem,

1073 875 1169 895 recens
1196 874 1291 896 natum
1307 890 1314 900 ,
1344 877 1420 904 aeque
1442 878 1474 897 ac
1496 870 1664 901 adultiorcm
1680 894 1688 906 ‚
1711 880 1767 902 tam
1784 877 1933 906 aGentili·

1073 907 1140 938 bus,
1163 914 1244 941 quain
1262 915 1276 933 a
1298 907 1460 935 Christianis
1480 917 1532 945 pro
1546 909 1662 939 homine
1676 912 1730 940 effe
1744 913 1871 943 habitum
1886 924 1935 945 va-

1073 945 1120 972 riis
1138 945 1300 972 testimoniis
1315 945 1468 980 probasset,
1491 948 1530 975 ita
1545 956 1610 976 mox
1624 951 1714 986 pergit
1730 961 1738 979 :
1756 951 1823 980 Hoec
1841 962 1898 982 cum
1911 955 1935 983 ι’-

1073 989 1101 1010 ta
1114 982 1171 1018 sint
1186 1002 1194 1016 ‚
1224 981 1260 1016 ὃ)
1276 983 1335 1018 jam
1362 985 1421 1011 olim
1444 992 1504 1013 ante
1525 985 1726 1022 Christianorum
1748 989 1933 1026 Imperatorum

1073 1027 1183 1056 tempora
1191 1019 1297 1057 fuerint
1310 1020 1455 1058 olfervata,
1477 1026 1562 1060 ecquis
1576 1025 1606 1052 de
1632 1026 1733 1063 infante
1747 1028 1865 1058 dubitare
1876 1036 1932 1066 pos-

1067 1058 1122 1095 fit,
1150 1058 1284 1086 homicidio
1309 1060 1363 1095 ejas
1388 1067 1486 1095 posnam
1507 1064 1650 1099 irrogatam
1667 1064 1775 1103 fuzffe?
1796 1076 1852 1096 ecce
1864 1070 1934 1100 enin

1077 1095 1256 1125 Tertullianus
1284 1096 1446 1134 apertiffimis
1475 1101 1562 1128 verbis
1598 1102 1632 1130 L.
1660 1104 1682 1130 1.
1710 1104 1745 1131 ad
1775 1106 1934 1142 Nationes,

1074 1143 1146 1171 quem
1161 1144 1205 1162 nos
1215 1136 1294 1170 primi
1307 1136 1449 1170 edidimus,
1471 1137 1539 1174 Cap.
1555 1147 1596 1173 15.
1617 1141 1685 1169 Nori
1702 1142 1782 1170 aliter
1799 1153 1849 1173 vos
1865 1154 1936 1182 quo-

1989 1154 1993 1166 Ι

1076 1181 1130 1208 que
1146 1172 1317 1201 infanticidae
1343 1173 1394 1202 otc.
1420 1174 1455 1202 ad
1475 1185 1548 1211 quem
1563 1179 1644 1207 locum
1660 1182 1849 1219 nonnullajam
1863 1191 1938 1213 nota·
1985 1179 1988 1186 ¹

1075 1211 1114 1238 vi.
1153 1209 1196 1238 De
1217 1210 1258 1238 his
1278 1211 1364 1247 igitur
1383 1210 1514 1247 constabat
1528 1234 1537 1247 ‚
1564 1215 1613 1251 nifi
1635 1217 1699 1253 quod
1712 1239 1720 1251 ,
1752 1222 1863 1250 moribus
1875 1223 1936 1260 jam

1076 1249 1201 1284 corruptis
1215 1269 1222 1281 ,
1252 1247 1282 1275 de
1297 1248 1370 1285 fath
1390 1250 1441 1277 hoec
1459 1251 1539 1279 caedes
1554 1251 1767 1291 diffimularetur,
1787 1257 1823 1292 ὅ)
1838 1262 1865 1288 in
1878 1270 1937 1290 con-

1070 1285 1236 1325 suetudinem
1257 1293 1372 1315 venerat.
1419 1287 1475 1316 Abi
1499 1297 1574 1318 nunc
1588 1313 1595 1325 ,
1627 1291 1653 1320 &
1668 1292 1831 1324 sententiam
1845 1307 1937 1328 ineam

1079 1332 1151 1353 voca
1169 1323 1331 1360 singularem
1342 1346 1349 1358 ‚
1370 1324 1396 1354 ἅ
1411 1326 1512 1356 nullius
1529 1328 1691 1360 testimonio
1706 1331 1855 1365 suffultam.
1881 1337 1939 1367 Sed

1080 1362 1115 1391 de
1132 1363 1221 1399 prima
1239 1363 1390 1399 quaestione
1410 1364 1488 1398 satis,
1509 1365 1535 1393 ἃ
1554 1368 1628 1397 sorte
1643 1370 1769 1400 nimium.

1116 1400 1140 1437 §.
1162 1401 1255 1430 XXX.
1279 1409 1304 1430 1.
1333 1402 1403 1440 Quae
1424 1403 1554 1433 hactenus
1577 1406 1736 1444 disputavi.
1759 1416 1828 1440 voto
1844 1418 1873 1441 te
1889 1418 1943 1444 tuo

1078 1438 1207 1506 ‹segc-idme
1220 1440 1290 1468 mihi
1304 1441 1486 1477 persuadent,
1508 1452 1543 1472 an
1560 1444 1619 1474 aliis
1632 1446 1792 1483 persuasura
1808 1449 1877 1487 siut,
1891 1460 1943 1482 ne·

1115 1524 1142 1545 2.
1162 1515 1274 1545 Transis
1290 1516 1325 1546 ad
1340 1517 1458 1548 alterum
1481 1527 1564 1558 caput
1584 1521 1641 1552 litis
1655 1545 1664 1558 ,
1687 1534 1748 1563 quae
1763 1527 1832 1556 mihi
1846 1533 1940 1560 tectim
1984 1548 1990 1551 ν

1079 1555 1245 1589 intercedit,
1268 1556 1346 1592 quod
1361 1557 1400 1586 est
1415 1557 1449 1586 de
1465 1560 1563 1588 abacto
1577 1568 1668 1598 partu.
1709 1564 1861 1603 tdxcaput,
1880 1567 1943 1598 fiex

1080 1599 1138 1631 arte
1151 1593 1299 1630 loquamur
1313 1616 1321 1629 ,
1350 1596 1420 1624 nihil
1437 1599 1555 1626 omnino
1571 1601 1694 1636 pertinet
1710 1603 1746 1632 ad
1759 1605 1804 1640 jus
1820 1606 1943 1636 necandi
1987 1588 1997 1632 ἶι

1080 1631 1106 1660 ἃ
1120 1632 1300 1669 exponendi,
1321 1633 1340 1661 fi
1354 1642 1454 1671 nempe
1474 1635 1502 1664 id
1518 1637 1561 1672 jus
1576 1646 1611 1667 ex
1627 1641 1718 1676 patria
1743 1643 1882 1680 potestate
1895 1644 1942 1679 sit.

1079 1677 1111 1698 ut
1132 1670 1258 1698 ideoneis
1280 1673 1489 1702 auetoritatibus
1513 1676 1581 1704 milii
1610 1677 1709 1708 videor
1737 1681 1872 1717 probasse.
1911 1681 1943 1713 si
1985 1670 1990 1699 ἶ·

1082 1709 1211 1746 princeps
1229 1708 1297 1737 olim
1312 1709 1426 1740 effeetus
1440 1712 1525 1742 fuerit
1538 1715 1633 1751 patriae
1648 1718 1811 1754 potestatis,
1836 1721 1941 1750 liberos

1084 1747 1214 1791 occidere
1242 1747 1268 1776 &
1288 1756 1449 1786 exponere,
1482 1751 1517 1779 de
1531 1759 1610 1789 patre
1630 1758 1716 1791 quaeri
1732 1758 1836 1795 posset,
1857 1767 1892 1788 an
1915 1759 1944 1788 ὅτ

1083 1786 1156 1822 ipse,
1173 1794 1232 1820 Jure
1245 1787 1369 1822 ejusdem
1392 1788 1555 1825 potestatis,
1582 1796 1706 1828 potuerit
1723 1805 1873 1833 procurare
1893 1799 1946 1826 ab·

1083 1823 1199 1852 ortum?
1220 1823 1265 1852 sed
1282 1824 1316 1853 de
1331 1835 1366 1854 co
1381 1833 1432 1854 nos
1446 1835 1504 1856 non
1520 1831 1682 1866 quaerimus,
1701 1842 1755 1863 nec
1769 1834 1804 1863 de
1817 1843 1852 1863 eo
1866 1835 1943 1872 apud
1981 1838 1984 1843 '

1083 1868 1191 1890 veteres
1207 1862 1292 1899 JCtos
1307 1864 1462 1900 quesitum,
1483 1875 1536 1895 nec
1549 1869 1696 1904 quicquain
1715 1871 1857 1902 definitum
1873 1874 1943 1903 vidi.

1083 1901 1129 1929 De
1146 1907 1233 1945 matre
1259 1901 1316 1946 sola
1339 1903 1453 1940 quaestio
1468 1904 1525 1940 est,
1546 1914 1580 1934 an
1595 1907 1654 1935 haec
1669 1911 1794 1946 potuerit
1809 1912 1943 1948 poculum

1085 1940 1240 1968 abortionis
1261 1939 1311 1968 fibi
1334 1941 1461 1971 sumere?
1488 1951 1588 1974 necare
1604 1946 1701 1983 utique
1715 1947 1741 1976 δε
1755 1957 1896 1986 exponere
1912 1950 1947 1980 li·

1987 1440 1999 1459 «Ὗ-
1984 1378 2003 1429 ”4.ι
1983 1247 2005 1373 ςεῡὴ·

1987 1476 2003 1515 2⁹,

1084 1978 1167 2006 beros
1187 1979 1426 2016 inatrinunqiiam
1447 1981 1543 2016 licuit,
1573 1988 1603 2011 ut
1621 1984 1649 2012 in
1668 1986 1890 2022 prae'cedentibus
1905 1988 1947 2018 di·
1995 2015 1998 2019 .

1085 2016 1191 2052 sputavi
1206 2037 1215 2051 ‚
1250 2018 1316 2052 quia
1336 2019 1454 2055 patriam
1478 2019 1643 2056 potestatem
1661 2032 1719 2052 non
1739 2026 1847 2055 habuit.
1887 2026 1944 2056 Sed

1084 2054 1158 2082 forte
1175 2054 1232 2082 alio
1245 2056 1306 2089 jure
1328 2057 1421 2092 potuit
1444 2058 1556 2094 abigere
1567 2080 1576 2092 .
1594 2060 1673 2096 quod
1689 2062 1807 2098 scilicet,
1829 2065 1944 2102 abigen-

1086 2092 1124 2120 do
1143 2099 1271 2129 partum,
1299 2093 1425 2122 statuerit
1448 2095 1483 2123 de
1503 2103 1581 2132 parte
1598 2098 1732 2129 viscerum
1750 2102 1859 2132 suorum
1875 2125 1883 2137 ,
1903 2102 1946 2133 id-

1085 2139 1141 2166 que
1166 2131 1275 2159 licuerit
1296 2140 1329 2160 ex
1352 2131 1532 2170 Philosophia
1554 2135 1651 2165 Stoica
1669 2160 1676 2171 .
1706 2148 1722 2167 a
1741 2140 1820 2177 JCtis
1843 2141 1944 2171 nostris

1085 2169 1139 2212 liae
1153 2176 1231 2205 parte
1247 2169 1391 2206 adoptata.
1431 2172 1499 2200 Haec
1516 2175 1610 2202 omnIa
1626 2174 1644 2202 si
1662 2176 1779 2214 largiar,
1800 2180 1868 2215 quid
1883 2189 1946 2217 per-

1087 2212 1182 2251 tinent·
1196 2208 1230 2235 ad
1246 2208 1424 2243 quaeitionem
1434 2231 1441 2243 ‚
1464 2219 1609 2247 quousque
1621 2215 1693 2249 patri
1707 2216 1782 2253 apud
1796 2217 1944 2248 Romanos

1086 2245 1196 2274 lIcuerit
1210 2245 1312 2274 liberos
1323 2268 1330 2280 ,
1349 2247 1405 2281 jain
1417 2255 1514 2281 natos.
1535 2258 1636 2279 necare
1651 2252 1677 2280 δε
1692 2257 1855 2292 exponere?
1875 2254 1946 2285 nihil

1086 2284 1243 2320 pertinere,
1265 2285 1321 2319 Jam
1343 2285 1465 2315 indicavi
1487 2287 1582 2325 Opust.
1603 2288 1634 2317 C.
1654 2291 1717 2320 Vll.
1737 2299 1763 2330 p.
1785 2301 1850 2329 357.
1889 2293 1948 2323 Sed

1087 2323 1152 2365 quia
1171 2323 1200 2350 in
1215 2331 1249 2350 eo
1266 2323 1374 2356 sumus,
1402 2323 1427 2353 δι
1450 2325 1534 2361 digna
1550 2335 1591 2355 res
1611 2327 1650 2356 est
1664 2349 1673 2364 ,
1697 2332 1780 2359 etiam
1797 2331 1865 2368 quid
1885 2339 1944 2361 ma-

1087 2359 1194 2394 tribus,
1216 2362 1290 2389 circa
1305 2362 1501 2398 abortionem,
1532 2364 1659 2401 licuerit,
1681 2376 1716 2397 ex
1730 2369 1796 2406 Jure
1809 2367 1945 2400 Romano

1086 2398 1292 2434 investigemus.

1122 2445 1148 2472 3.
1168 2437 1303 2473 Intelligis
1323 2440 1394 2475 Jam,
1416 2439 1530 2475 Lestor,
1554 2450 1602 2477 per
1611 2449 1736 2480 proecepta
1748 2443 1828 2482 Juius
1845 2444 1947 2476 Virum

1088 2475 1334 2519 Clar3intelligere
1345 2484 1469 2514 praecepta
1484 2481 1606 2513 moralia,
1628 2489 1687 2516 quai
1706 2481 1770 2520 JCti
1786 2483 1950 2521 tradidere,

1088 2522 1140 2541 nec
1162 2522 1190 2542 in
1205 2513 1269 2542 foro
1283 2516 1405 2544 habuere
1421 2516 1606 2545 necessitatem
1623 2519 1749 2555 parendi.

1127 2560 1154 2585 4.
1176 2552 1272 2580 Partus
1286 2560 1434 2590 antequam
1448 2554 1564 2588 edatur,
1586 2556 1707 2586 mulieris
1724 2559 1883 2595 portioesl:‚
1899 2559 1946 2590 vel
1990 2584 2001 2591 „

1090 2590 1242 2624 viscerum,
1263 2590 1299 2618 fic
1313 2593 1387 2620 enim
1401 2592 1476 2628 JCtis
1491 2592 1597 2628 placuit
1617 2595 1636 2622 l.
1659 2604 1684 2623 1.
1705 2596 1729 2632 ς.
1755 2605 1779 2625 1.
1792 2597 1832 2635 ff.
1842 2598 1945 2628 chen-

1090 2633 1124 2656 tr.
1146 2627 1234 2664 inspic.
1256 2628 1281 2656 δι
1301 2630 1319 2656 ι.
1341 2637 1367 2663 9.
1394 2630 1418 2666 ς.
1445 2638 1467 2658 1.
1487 2629 1527 2667 ff.
1547 2631 1580 2659 aci
1601 2631 1636 2661 L.
1658 2633 1757 2663 Falcid.
1794 2637 1839 2664 An
1857 2645 1889 2665 ea
1906 2645 1948 2666 ra·
1992 2639 1994 2642 ’

1092 2666 1132 2693 tio
1149 2665 1280 2700 sufficiat,
1301 2674 1331 2694 ut
1349 2668 1458 2695 mulieri
1484 2670 1633 2704 largiamur
1651 2672 1817 2708 potestatem
1835 2675 1948 2709 abigen-

1092 2704 1119 2731 di
1136 2710 1229 2740 parius
1243 2723 1252 2737 ‚
1271 2704 1427 2739 quaestionis
1450 2705 1488 2734 cst
1500 2705 1514 2734 52
1537 2707 1659 2737 sufficere
1670 2710 1796 2740 credidit
1808 2713 1860 2741 Vir
1872 2713 1947 2744 Clar-

1091 2749 1175 2777 atque
1197 2741 1263 2769 inde
1285 2743 1413 2772 mulieres
1437 2744 1504 2772 olim
1528 2747 1642 2776 abortus
1659 2747 1706 2776 sibi
1723 2750 1882 2786 procurasse
1896 2751 1948 2780 im·

1091 2787 1174 2816 ptine.
1216 2779 1286 2807 Cum
1302 2787 1395 2809 autem
1413 2783 1522 2816 dejure
1537 2786 1701 2820 querimus,
1720 2789 1846 2825 exempla
1863 2789 1946 2818 abor-

1092 2824 1169 2845 tuum
1191 2825 1403 2853 procuratoi‘um
1426 2820 1491 2848 hinc
1519 2822 1609 2851 abesse
1630 2824 1732 2859 jubeo.
1762 2834 1853 2863 neque
1872 2827 1952 2856 enim

1090 2854 1135 2882 illa
1159 2855 1336 2899 plus‘valeilt
1352 2879 1360 2889 ,
1387 2866 1470 2894 quam
1493 2861 1621 2896 exempla
1643 2862 1815 2899 homicidii,
1836 2865 1869 2893 ad
1883 2873 1947 2902 pro·

1088 2893 1208 2920 bundam
1232 2896 1423 2930 impunitatem
1448 2897 1603 2928 homicidii.
1640 2900 1777 2931 Foeminas
1793 2903 1950 2940 perpetio-

1092 2939 1140 2974 nes
1156 2939 1307 2975 ‘conceptas
1323 2933 1474 2962 liberorum
1491 2936 1549 2972 spes
1568 2937 1662 2974 saepius
1676 2939 1788 2974 elisisse,
1812 2939 1837 2970 δι
1854 2941 1951 2979 saepiufl

1093 2970 1120 2996 id
1137 2978 1175 2996 cis
1190 2973 1296 2997 criiiiiiii
1314 2971 1408 2999 darum
1424 2973 1476 3001 effe
1496 2983 1510 3001 a
1528 2975 1690 3005 Christianis
1704 2997 1711 3010 ,
1732 2985 1790 3006 non
1806 2985 1879 3013 erat,
1898 2986 1948 3008 cut

1092 3009 1224 3043 probares
1239 3008 1265 3035 in
1284 3007 1365 3046 Jiilio
1380 3011 1465 3038 Paulo
1480 3012 1509 3040 C.
1527 3014 1575 3041 ult.
1599 3022 1661 3042 nani
1683 3023 1766 3043 nemo
1782 3023 1873 3053 negat.
1894 3017 1948 3045 Ut·

1093 3053 1147 3081 que
1167 3044 1319 3081 intelligas.
1343 3056 1465 3076 veterum
1483 3051 1701 3081 Christianorum
1725 3053 1758 3082 de
1776 3055 1831 3083 hoc
1848 3055 1947 3083 scelere
1996 3047 1999 3050 ’

1092 3083 1234 3119 querelas,
1249 3086 1283 3112 de
1295 3086 1382 3120 latio,
1405 3095 1461 3114 non
1483 3088 1518 3116 de
1532 3091 1593 3123 jure
1607 3091 1720 3119 abortus
1733 3091 1786 3120 csse
1800 3093 1948 3121 exaudien-

1093 3122 1157 3165 dast,
1185 3124 1362 3157 memineris,
1390 3124 1466 3161 quod
1486 3126 1547 3163 post
1574 3128 1678 3156 Divum
1701 3129 1832 3158 Severum
1849 3129 1875 3158 &
1891 3130 1949 3159 An·

1092 3165 1234 3192 toniiiuiii,
1258 3169 1328 3196 quos
1346 3162 1384 3191 illi
1404 3162 1495 3192 sceleri
1511 3165 1604 3194 frenos
1619 3166 1740 3201 injecisse
1765 3169 1820 3204 ipsc
1835 3167 1949 3201 fateris,

1091 3199 1209 3234 quercla·
1230 3199 1280 3227 illae
1302 3199 1369 3237 [πρε
1392 3201 1494 3232 fuerint
1513 3202 1614 3233 est'usae.
1653 3204 1699 3235 Ab
1716 3213 1752 3235 eo
1766 3212 1875 3240 autem,
1895 3205 1945 3270 thui

1165 3250 1167 3252 .
1923 3249 1946 3271 Ι.
