2008 3436
259 98 547 151 QUAEST·
599 95 825 145 JURIS
875 97 1235 145 Puiva'ri,
1286 103 1614 147 Liuinexm.

0 229 2 277 ζ
45 230 206 306 Fre-ditor,
231 237 370 271 paratam
389 229 516 271 paetus,
536 236 634 268 magis
651 229 744 258 rebus
760 225 821 258 suis
842 237 915 261 con-

61 283 79 304 ιι
93 281 129 304 it.

85 313 276 354 Pragmatici
298 337 308 353 ,
347 313 535 346 sententiam
564 311 693 352 rogati,
731 319 800 352 qua:
833 312 914 344 ratio

42 356 166 399 pastum
190 364 305 397 paratae
331 355 526 389 executionis
551 352 675 393 rejiciat
690 376 700 391 ,
725 352 914 394 respondent

0 421 1 430 ,
42 397 118 440 (6)
140 406 179 429 ex
202 398 360 438 paroemia
384 396 531 438 vulgari,
563 395 601 426 ab
625 395 814 426 executione
836 395 912 427 inci-

41 439 188 482 piendum
216 449 279 471 non
302 439 388 478 else,
414 437 465 469 secl
490 437 528 469 ab
551 437 582 468 in
604 436 650 475 ius
667 436 858 476 vocatione,
883 437 913 469 &

41 481 82 516 fic
98 479 164 519 est,
191 481 211 513 fi
231 481 311 513 nihil
335 488 447 513 contra
473 477 598 519 pastum
622 476 658 509 fit
674 500 683 515 ,
706 486 738 509 at
757 477 779 510 si
799 486 912 511 contra

39 521 214 566 paciscatur
230 523 373 561 debitor,
399 519 569 563 paciscitur
588 519 626 550 de
641 529 693 565 re,
717 529 787 561 quae
804 520 834 551 in
855 530 910 562 po-

41 563 154 596 testate
165 564 230 604 ejus
245 563 307 599 est.
330 563 368 594 de
382 563 450 603 jure
466 562 593 603 privato
608 584 618 599 ‚
643 570 676 592 in
692 571 754 603 quo
779 571 838 594 nec
864 571 912 594 res

38 605 185 648 publica,
210 615 268 637 nec
293 605 423 636 alterius
438 604 562 645 privata
578 604 724 634 vertitur.
770 603 814 635 Et
830 603 850 635 fi
869 603 911 635 ob

39 656 127 683 eam.
152 656 244 688 quam
260 646 350 685 dixi,
373 645 530 678 rationem
553 644 640 686 patra
664 653 778 686 paratae
798 654 911 677 execu-

40 689 136 721 tionis
157 688 280 729 rejicias
293 712 302 727 ,
327 688 507 728 rejiciendae
522 695 648 729 quoque
668 695 776 719 omncs
801 688 912 719 volun-

41 731 127 762 tariae
139 730 419 763 condemnationes
430 753 440 768 ,
459 729 568 761 nam&
580 728 612 760 iii
631 727 679 760 his
695 728 733 760 ab
747 729 911 760 executio-

39 781 80 804 ne
97 780 145 804 res
161 772 291 812 incipit,
315 781 375 803 nec
394 770 493 811 magis
509 769 607 801 auditi
628 769 692 806 rei,
717 779 811 811 quam
828 770 909 812 lipa-

36 822 102 846 rata
127 813 318 845 executione
339 821 507 854 urgeantur
525 835 534 851 ,
567 812 598 843 δε
619 819 723 842 tamen
745 812 810 843 illae
835 821 910 843 con-

37 855 254 888 demnationes
270 854 329 886 usu
342 873 353 885 t
367 854 527 886 uotidiano
546 851 796 894 frequentantur.
819 853 910 885 Unde

36 897 114 929 alius
137 895 318 929 Hollandus
339 864 418 938 equi
434 904 537 928 tamen
556 895 586 926 δε
606 894 670 934 ipse
686 903 796 926 contra
821 904 907 936 para-

36 946 102 970 tam
127 939 349 970 executionem
379 935 578 979 respondet)
611 936 704 968 faceri
728 944 832 968 tamen
856 936 907 968 de-

33 978 102 1012 buit
133 979 233 1022 (T),
263 981 346 1012 inter
372 979 583 1011 voluntariam
612 978 908 1010 condemnationem

37 1022 68 1054 δε
78 1021 202 1062 pastum
218 1030 333 1064 paratae
343 1019 546 1053 executionis
557 1028 665 1059 parum
678 1019 834 1051 interess'e.
848 1020 908 1051 Sed

37 1062 92 1095 hic
109 1072 266 1105 provocat
286 1063 325 1095 ad
345 1062 519 1094 Decretum
536 1060 643 1092 Curiae
662 1059 909 1098 Hollandiae,de

59 1113 102 1136 uo
119 1104 196 1136 mihi
224 1114 287 1137 non
312 1103 383 1136 satis
403 1103 523 1144 liquet,
548 1102 600 1139 dc,
624 1100 646 1132 fi
663 1100 705 1133 fic
730 1102 909 1135 decreverit

35 1113 131 1179 {uria
147 1168 157 1184 ‚
179 1145 322 1178 decrevit
342 1144 398 1177 suo
420 1143 564 1185 periculo
582 1143 613 1175 δε
639 1143 723 1184 quod
741 1144 779 1175 ad
800 1143 909 1178 forum

37 1187 138 1220 suurn.
182 1187 287 1219 Etiam
311 1186 386 1220 alibi
410 1185 536 1227 probari
562 1184 658 1216 video
684 1185 791 1226 paci-a,
816 1196 907 1227 quae,

36 1228 94 1262 nisi
129 1228 169 1260 iis
199 1227 297 1261 statur
326 1252 336 1267 ‚
377 1227 551 1260 custodiam
584 1227 614 1258 &
649 1236 807 1259 carcerem
838 1238 906 1270 per-

35 1271 182 1303 mittunt.
211 1270 316 1318 Quam
333 1271 363 1302 in
382 1279 448 1301 rem
469 1268 624 1300 notandus
645 1268 689 1300 est
713 1268 741 1309 §.
763 1279 815 1310 57.
842 1270 907 1302 LL.

33 1311 250 1346 Middelharn.
275 1322 349 1353 quas
373 1311 509 1344 Ordines
537 1309 717 1342 Hollandiae
742 1311 907 1344 confirma-

34 1362 106 1387 runt
130 1359 159 1389 8.
177 1353 250 1396 Apr.
269 1358 357 1394 1658.
407 1353 490 1385 Geen
510 1351 699 1394 Gysel-regt,
724 1352 789 1390 ait,
815 1359 841 1384 te
858 1363 908 1396 ge-

36 1393 186 1436 brtcyken,
211 1397 270 1427 dan
287 1401 375 1438 tegen
390 1396 437 1426 cille
459 1395 510 1436 εἰς
535 1394 556 1422 ἐ
577 1393 658 1424 zelve
677 1395 714 1434 by
731 1404 782 1425 een
799 1397 909 1438 ‘menig

34 1436 229 1481 instrument,
251 1437 284 1478 of
298 1438 386 1468 oncler
400 1438 434 1468 de
452 1435 549 1473 hand,
563 1434 680 1478 chhje&
695 1437 834 1477 genzaakt
842 1437 907 1468 heb-

36 1481 110 1518 ben,
136 1489 172 1510 en
187 1480 240 1510 dat
259 1486 303 1510 ter
318 1476 423 1520 eeifler
440 1474 601 1517 instantie,
626 1487 711 1508 maai·
724 1483 757 1518 op
778 1479 907 1510 condem-

35 1522 117 1554 natie
134 1531 196 1552 van
220 1521 385 1562 Schepenen
406 1520 440 1560 of
458 1518 670 1550 Leenmmmen
694 1525 720 1550 te
733 1521 907 1560 procederem

35 1562 243 1606 bysbmmati'e
268 1573 305 1594 en
324 1562 472 1594 renovati'e
499 1560 619 1602 volgens
643 1562 676 1592 de
701 1561 907 1594 Ordonnarzcie

35 1611 70 1647 op
87 1607 110 1636 't
118 1602 189 1646 stul<
211 1615 273 1636 van
288 1605 321 1636 cz'e
341 1602 479 1644 Jussirie,
495 1602 636 1643 hlyvende
654 1602 702 1634 het
724 1603 907 1647 Gysel-regt,

34 1649 112 1679 daar
133 1649 155 1677 't
171 1646 232 1688 dese
253 1646 459 1678 Ordonmzntie
476 1644 570 1686 geeft.
616 1643 741 1676 Deinde
760 1645 790 1676 in
814 1645 841 1687 §.
852 1651 905 1687 58.

33 1697 258 1721 enumerantur
305 1688 423 1719 uaedam
450 1685 567 1727 species
583 1708 595 1725 ,
627 1686 659 1717 in
676 1686 786 1728 quibus
811 1689 842 1720 id
857 1689 908 1729 jus

13 1762 17 1769 ,Ἴ
34 1731 128 1763 etiam
144 1730 269 1762 obtinet
299 1738 350 1762 ine
370 1728 473 1770 pasto.

76 1769 159 1804 Noli
173 1770 290 1804 causari
306 1770 453 1803 adversus
469 1769 593 1811 pastum
610 1778 725 1811 paratae
743 1770 906 1803 executio-

32 1813 101 1854 nis,
127 1813 172 1845 ita
187 1813 343 1845 debitores
352 1811 586 1853 praesentiffimo
605 1812 748 1854 periculo
769 1813 905 1855 exponi,

19 1855 67 1888 .&
95 1865 158 1887 non
185 1855 309 1886 auditos
338 1854 430 1885 bonis
451 1854 550 1893 exui,
592 1863 664 1885 nam
693 1855 739 1885 uti
763 1854 907 1887 adversus

33 1905 189 1939 quamque
203 1905 269 1928 rem
285 1896 452 1936 iudicatam
463 1919 472 1934 ,
494 1895 539 1926 ita
555 1895 585 1927 <Sc
610 1895 753 1928 adversus
769 1905 907 1937 paratam

33 1938 258 1971 executionem
281 1937 444 1978 supersunt
465 1936 610 1969 remedia.
657 1937 688 1968 Si
714 1947 820 1979 parata
834 1948 906 1970 exe-

34 1980 168 2012 cutione
192 1979 262 2021 plus
286 1987 410 2020 petatur
429 2001 440 2016 ‚
473 1988 563 2020 quam
587 1987 736 2019 oportet,
758 1989 798 2012 ex
814 1981 843 2013 d.
868 1981 908 2013 E-

34 2021 122 2054 dicto
142 2021 200 2053 ult.
216 2021 312 2057 Mart.
329 2025 421 2060 1588.
443 2024 523 2051 intra
541 2019 593 2051 sex
610 2020 818 2054 hebdomadas
835 2032 907 2064 que-

33 2063 98 2096 rela
114 2062 254 2094 defertur
277 2063 314 2094 ad
332 2061 417 2102 ipsos
439 2062 575 2093 Ordines
598 2061 651 2092 vel
671 2071 783 2096 eorum
800 2064 908 2097 Consi-

33 2105 154 2138 liarios.
178 2104 232 2136 Sic
248 2113 320 2136 cum
338 2103 492 2135 Ordinum
509 2113 559 2135 res
574 2111 703 2144 agatur,
721 2104 743 2136 si
759 2105 908 2145 aliorum,

35 2147 123 2187 ajunt
147 2145 346 2187 Pragmatelli
370 2144 463 2186 (8),
488 2145 519 2177 δε
544 2154 653 2185 verum
676 2145 722 2178 est
737 2170 747 2186 ,
772 2148 824 2179 dat
842 2158 908 2179 men

35 2189 111 2220 daur
134 2193 221 2229 tegen
247 2188 307 2218 kari
332 2187 431 2218 komen
451 2189 484 2218 in
502 2185 635 2227 oppofitie
657 2187 691 2228 of
706 2190 824 2228 poenaal
842 2200 909 2221 ver-

29 2229 137 2272 fheken
162 2238 224 2259 van
251 2230 272 2258 't
294 2228 378 2268 Hof,
404 2239 439 2259 en
463 2230 515 2259 dac
538 2229 613 2260 daur
627 2236 661 2270 op
676 2231 838 2274 doorgciczns
855 2241 907 2263 een

37 2271 207 2312 comparitie
235 2276 313 2300 ‘wort
336 2271 546 2312 geordomzeert
571 2277 629 2302 met
656 2271 690 2311 ⁰f
704 2271 813 2312 stmder
839 2273 908 2304 Sur-

36 2313 170 2344 cheance.
216 2311 277 2343 Sed
294 2313 391 2352 vulgo
407 2311 438 2343 in
453 2311 629 2354 privilegiis
644 2314 674 2345 <Sc
689 2313 837 2347 formulis
856 2324 907 2357 pa-

36 2362 112 2387 ratae
140 2353 343 2385 executionis
371 2352 517 2393 adjicitur
531 2377 540 2393 ‚
566 2364 656 2395 eam,
681 2355 738 2387 nisi
758 2355 840 2388 facta
862 2356 909 2389 so-

37 2396 188 2434 lutione,
219 2404 284 2427 non
303 2393 478 2435 suspensum
500 2395 548 2426 iri.
595 2395 631 2427 In
655 2396 682 2438 §.
705 2401 757 2436 56.
781 2399 810 2429 d.
835 2398 910 2431 LL.

12 2456 15 2458 -
36 2437 242 2470 Midclelharn.
267 2437 311 2468 ita
327 2435 479 2467 sancitum
497 2435 559 2467 est:
586 2436 647 2469 Die
667 2445 762 2469 meent
785 2445 834 2470 ten
860 2451 909 2471 on-

36 2484 118 2522 regte
133 2478 265 2521 gegyfielt
281 2484 308 2508 te
325 2487 400 2518 ayn,
425 2487 494 2520 mag
512 2479 545 2508 in
560 2478 692 2518 oppofitie
704 2480 823 2520 lcomen,
840 2483 908 2513 mitt

36 2520 266 2561 namptistzrende
287 2520 321 2550 de
341 2520 452 2560 gedam
472 2518 624 2560 airko—sim,
649 2521 723 2562 quin
749 2522 906 2564 integrum

38 2562 101 2594 esse
125 2560 309 2594 solvendum
328 2582 339 2598 ,
373 2569 520 2600 tanquam
546 2562 595 2602 jus
619 2572 812 2603 commune,
835 2573 905 2605 pro-

36 2604 113 2636 bant
128 2602 333 2636 Consultores
351 2601 453 2641 Consti.
480 2602 525 2634 H.
553 2603 588 2634 T.
612 2603 668 2636 IV.
695 2604 776 2646 Consi
799 2615 871 2647 399.

77 2645 111 2677 Si
135 2645 230 2678 liceat
253 2642 367 2685 pacisci
394 2653 532 2685 paratam
558 2646 783 2678 executionem
800 2669 811 2684 ,
846 2647 906 2679 uti-

35 2697 98 2729 que
119 2687 216 2718 etiam
235 2685 372 2731 debitori
392 2686 470 2717 licet
490 2686 542 2718 sua
562 2686 674 2728 sponte
700 2687 731 2720 se
752 2687 906 2729 subjicere

32 2737 150 2772 paratae
166 2734 369 2766 executioni,
388 2727 450 2758 fine
464 2729 581 2768 praevia
599 2728 810 2770 stipulatione.
824 2730 905 2763 Haec

34 2768 165 2813 quaestio
183 2776 348 2808 utramque
375 2767 502 2801 Curiam
523 2771 692 2813 occupavit
711 2771 743 2803 in
763 2771 821 2803 hac
838 2771 904 2813 spe-

36 2812 97 2844 cie.
143 2809 325 2842 Rationales
351 2808 581 2843 Domaniorum
598 2835 609 2850 ‚
640 2822 710 2854 quae
731 2812 905 2846 Wilelmus

36 2852 92 2886 ΠΙ.
117 2852 284 2892 reliquerat
301 2873 312 2889 ,
343 2860 474 2892 quaeque
496 2852 550 2893 ipfi
581 2863 639 2895 pro
665 2854 830 2888 heredibus
853 2856 905 2888 ad-

36 2892 252 2928 ministrabant
269 2915 278 2930 ,
303 2890 504 2931 Quaestorem
524 2895 686 2936 quemdam
708 2895 796 2928 suum
819 2898 907 2930 annis

39 2940 132 2977 1718.
158 2935 188 2967 δε
210 2943 301 2975 17¹9·
323 2931 610 2978 facta-,executione
631 2936 768 2969 iii-serant
789 2939 827 2970 ad
846 2939 906 2972 sol-

36 2976 137 3009 venda
160 2985 196 3007 ea
211 2999 222 3016 ,
252 2984 321 3017 quae
348 2983 450 3020 variis¹
471 2978 665 3017 temporibus
686 2979 853 3021 reliquatus
873 2989 905 3012 e-

37 3027 105 3056 rat,
128 3016 181 3049 sed
205 3017 345 3050 urserunt
371 3017 408 3056 by
421 3018 596 3058 somnialia,
619 3023 772 3053 renovacie
799 3032 835 3054 en
861 3025 905 3054 he-

0 138 3 228 .
45 188 100 223 suo
115 187 219 226 ludit,
242 186 275 220 in
293 188 410 220 nullius
428 184 857 232 cujtil'quampraejudicium,
887 187 917 220 ὃς

0 239 2 263 ι

0 367 1 392 l

79 3142 139 3180 (6)
162 3142 275 3171 Merula
302 3142 414 3172 Maiiz‘er
439 3152 492 3173 van
520 3144 683 3174 Procederen
710 3146 746 3175 L.
766 3148 817 3176 IV.
850 3147 905 3176 Tit.

42 3189 106 3215 109.
129 3181 159 3208 C.
182 3189 208 3208 1.
227 3182 252 3218 §.
274 3189 299 3210 1.
315 3181 341 3210 ἃ
364 3190 390 3210 2.

77 3219 137 3257 (7)
157 3219 223 3250 Van
241 3219 385 3250 Leeuiven
413 3220 449 3250 ad
479 3221 616 3252 Peckium
637 3222 667 3252 de
687 3221 793 3260 Arrest.
814 3224 844 3253 C.
866 3225 902 3254 V.

1752 116 1819 158 367

960 188 1099 230 tekeriing
1127 198 1189 219 van.
1218 189 1370 232 Gyfhling.
1425 193 1570 236 Quzestor
1599 199 1736 231 inducias
1755 209 1827 231 exe-

959 229 1098 275 cutionis
1126 232 1233 272 patrus
1252 253 1262 269 ,
1295 232 1333 263 iis
1360 232 1447 274 lapsis
1470 237 1547 269 nihil
1573 241 1740 282 quicquam
1767 241 1825 272 sol-

959 279 1028 308 v1t‚
1053 271 1083 302 ἃ
1101 281 1194 313 quum
1212 271 1298 305 forte
1315 272 1414 316 Haga:
1433 276 1564 310 licei-eret
1582 304 1592 318 ,
1623 291 1660 314 ex
1679 283 1824 314 mandato

960 311 1134 361 Quaestoris
1165 312 1329 357 Generalis
1365 324 1474 348 eorum
1511 317 1744 354 Donianioruin
1772 332 1825 364 per

957 354 1166 397 apparitorem
1191 355 1295 388 Curia:
1322 357 1355 389 in
1382 357 1556 392 custodiam
1581 362 1709 395 civilem
1740 364 1824 395 duci-

957 405 1016 428 tur.
1063 395 1144 442 Cum
1170 397 1213 428 ibi
1239 398 1316 430 effe:
1332 419 1344 438 ,
1377 399 1442 430 adit
1459 400 1587 434 Curiam
1607 426 1617 441 ,
1641 405 1826 442 vcijbelternle

956 438 1146 479 authorisavit
1168 445 1201 479 op
1218 449 1269 470 ew
1287 439 1531 481 Deurwtcaraeler,
1554 453 1598 475 om
1620 445 1653 475 cle
1674 445 1822 476 FACTO

955 478 1104 522 ontstagen
1131 486 1157 511 te
1180 483 1301 512 worden
1319 506 1329 521 ‚
1353 493 1388 514 en
1403 486 1528 524 poenacil
1548 491 1635 528 legen
1658 487 1823 527 clsergelyke

951 528 1128 563 protecturen
1140 546 1150 561 ,
1174 522 1292 555 duabus
1307 524 1338 556 in
1356 523 1436 556 hanc
1454 536 1519 558 rein
1536 527 1608 558 usus
1632 527 1826 565 rationibus,

955 564 1076 610 altera,
1108 564 1194 604 quod
1213 573 1296 596 nova
1318 568 1468 599 executio
1493 568 1640 601 adversus
1665 578 1738 600 eum
1761 577 1827 599 non

955 604 1031 637 elsct
1056 606 1224 652 inchoata,
1250 607 1368 647 altera,
1393 610 1479 649 quod
1501 609 1564 642 fine
1590 609 1744 642 sententia
1764 609 1827 641 sive

956 647 1023 692 ullo
1047 646 1152 679 Curiae
1176 647 1320 680 Decrcto
1335 672 1343 684 .
1375 659 1430 690 per
1456 651 1585 683 modum
1609 659 1725 693 parata:
1753 660 1827 682 exe-

955 689 1095 720 cutionis
1114 712 1125 728 ,
1159 698 1286 722 carcere
1308 690 1515 725 clauderetur.
1562 693 1682 733 Curia,
1712 693 1827 724 auditis

954 729 1122 770 partibus,
1154 740 1171 762 2
1193 730 1280 762 Nov.
1310 742 1399 774 1719.
1425 735 1464 767 ad
1504 735 1645 768 libellum
1683 734 1826 767 rescribit

955 770 1138 804 NIHIL.
1185 772 1332 816 Quaestor
1356 775 1394 806 ab
1416 785 1455 807 co
1480 776 1659 819 Rescriptio
1676 776 1827 817 implorat

953 812 1143 846 Mandatum
1158 815 1378 855 appellationis
1395 826 1412 848 a
1429 818 1566 858 Senatu,
1590 828 1654 860 quo
1674 818 1762 855 casu,
1788 825 1825 848 ut

954 854 1030 901 <Stin
1050 854 1138 894 aliis,
1164 855 1210 902 liis
1228 855 1394 896 similibus,
1418 860 1586 907 appellatio
1609 858 1689 893 solet
1712 868 1827 892 conce-

951 896 982 927 di
1003 896 1055 927 vel
1070 906 1175 938 negari
1192 907 1233 928 ex
1251 898 1369 930 meritis
1390 901 1480 943 iplius
1500 901 1609 933 causae.

995 936 1046 968 De
1071 946 1154 970 nova
1175 939 1386 980 executione,
1412 951 1505 983 quam
1521 943 1711 976 deliderabat
1728 943 1824 989 Quie-

952 978 1017 1010 stor
1036 1001 1046 1018 ,
1077 989 1141 1012 non
1170 989 1360 1022 magnopere
1394 983 1598 1018 laborandum
1629 985 1825 1024 videbatur,

940 1020 1023 1060 'quia
1043 1021 1130 1060 prior
1150 1022 1204 1053 illa
1218 1023 1366 1055 executio
1385 1024 1526 1057 susiensa
1541 1026 1571 1058 δε
1583 1027 1676 1059 dilata
1693 1026 1826 1068 semper,

951 1070 1110 1101 nunquam
1129 1071 1296 1108 ¹perempta
1320 1073 1404 1104 erat,
1443 1067 1481 1098 ed
1497 1067 1518 1099 ii
1537 1068 1605 1100 haec
1623 1069 1824 1101 continuare-

952 1110 1022 1141 tur,
1047 1104 1259 1136 continuanda
1285 1112 1351 1136 erat
1372 1106 1539 1141 secundum
1566 1108 1722 1150 postrema
1738 1110 1823 1149 atta,

952 1143 1003 1175 sed
1018 1153 1135 1190 novam
1152 1145 1583 1181 executioneminchoaverat
1595 1150 1744 1196 Quaestor
1757 1150 1822 1182 Ge-

951 1186 1065 1217 neralis
1077 1209 1086 1224 ,
1109 1196 1203 1233 quam
1220 1187 1320 1228 vulgo
1331 1195 1469 1230 paratam
1486 1191 1640 1230 dicimus,
1664 1193 1694 1224 ὅτ.
1707 1192 1728 1224 fi
1742 1193 1824 1224 hane

951 1227 1101 1259 haberent
1116 1228 1298 1261 Rationales
1308 1252 1318 1268 ,
1328 1240 1391 1263 non
1406 1232 1530 1265 obstare
1567 1234 1681 1266 riorem
1695 1235 1823 1274 opinor,

951 1276 1100 1316 poterant
1112 1270 1221 1308 enini,
1243 1270 1266 1302 fi
1282 1272 1427 1312 vellent,
1449 1274 1516 1315 jure
1550 1284 1591 1307 uo
1615 1277 1682 1315 uti,
1706 1277 1736 1308 δε
1755 1276 1821 1316 ejus

952 1319 996 1341 rei
1022 1310 1225 1343 f01·[1ffimum
1249 1321 1468 1354 argumentum
1491 1315 1536 1348 est
1560 1316 1592 1348 in
1616 1317 1637 1349 l.
1671 1328 1700 1360 3.
1721 1317 1762 1358 ff.
1788 1318 1822 1349 de

956 1349 1080 1398 Tespaiiz.
1097 1353 1160 1385 mil.
1206 1352 1290 1385 Haec
1315 1357 1463 1388 executio
1489 1357 1587 1390 etiarn
1615 1359 1743 1400 quidem
1772 1359 1819 1390 in-

952 1393 1090 1439 cipi-ebat
1115 1403 1133 1425 a
1163 1395 1336 1441 Gyselz'izg3
1369 1396 1420 1430 scd
1444 1398 1475 1430 id
1499 1399 1632 1431 verbum
1655 1410 1719 1432 non
1745 1410 1823 1433 tunc

951 1441 1105 1481 accipitur
1130 1445 1170 1468 eo
1194 1436 1282 1469 iensu
1302 1461 1312 1476 ,
1337 1448 1400 1480 quo
1426 1440 1582 1482 accipitur
1606 1443 1640 1474 in
1664 1441 1824 1475 ordinaria.

950 1484 1161 1517 executione,
1184 1479 1231 1509 die
1248 1479 1376 1521 geschiet
1401 1482 1437 1523 by
1451 1482 1624 1523 memcitie,
1647 1485 1821 1524 renovatie,

950 1528 986 1549 en
1013 1519 1188 1566 hezekenz'ng
1204 1530 1265 1552 van
1288 1522 1434 1566 Gyseli'ng
1453 1546 1464 1563 ,
1488 1532 1521 1556 at
1537 1534 1615 1557 vero
1641 1535 1700 1567 pro
1716 1535 1822 1558 carce—

950 1568 1003 1599 re,
1027 1569 1079 1606 cui
1102 1562 1275 1594 includitur
1298 1563 1446 1604 debitor,
1469 1565 1572 1599 donec
1597 1567 1684 1611 quod
1705 1567 1823 1605 debet,

950 1600 1101 1649 solverit,
1125 1604 1155 1636 &
1180 1602 1435 1650 secundumhaec
1451 1607 1480 1648 ὃ.
1505 1618 1556 1650 32.
1603 1609 1744 1641 Formulae
1764 1607 1824 1651 offi-

949 1653 1007 1682 αι,
1032 1652 1101 1689 quat
1129 1644 1349 1689 Quaestoribus
1373 1647 1606 1684 Domaniorum
1629 1651 1697 1683 dari
1718 1650 1821 1690 solet,

950 1691 1154 1725 continetur,
1178 1688 1230 1718 dat
1254 1697 1307 1719 een
1335 1689 1538 1732 Remmeester
1560 1694 1594 1724 in
1616 1691 1733 1735 justitie
1758 1693 1823 1724 m'et

950 1736 1017 1799 {jugg
1036 1727 1154 1799 {ehoort
1171 1730 1314 1770 werden,
1339 1740 1408 1764 voor
1425 1734 1476 1764 ciat
1493 1733 1532 1775 hy
1555 1744 1612 1777 zyn
1629 1735 1724 1773 Jloten
1740 1734 1822 1775 heeft

970 1778 983 1799 e
1000 1778 1036 1799 aa
1065 1793 1072 1799 .

992 1810 1052 1842 Sed
1073 1811 1145 1852 quia
1162 1813 1225 1854 ipti-
1237 1814 1422 1861 Rationales
1440 1819 1520 1850 lianc
1539 1817 1708 1851 formulam
1728 1828 1821 1852 coin=

949 1850 1122 1893 posuerunt
1130 1875 1148 1901 ,“
1165 1865 1263 1902 magis
1280 1856 1455 1892 laboratum
1470 1858 1534 1899 est,
1548 1870 1587 1893 an
1604 1860 1653 1893 his
1667 1861 1717 1901 J'us
1735 1870 1822 1902 para-

951 1902 1223 1940 taeexecutionis
1251 1907 1460 1940 competeret.
1506 1902 1586 1934 Sane
1612 1911 1696 1934 anno
1729 1905 1820 1943 1679.

952 1935 1128 1982 MVilelmus
1146 1938 1201 1970 HI.
1221 1939 1378 1981 Orangius
1395 1942 1536 1984 Dynasta
1551 1944 1724 1976 Ordinibus
1739 1943 1821 1976 Hol-

951 1977 1064 2024 landiae
1093 1979 1282 2021 proposuit,
1302 1982 1332 2015 se
1356 1983 1491 2026 suosque
1513 1984 1734 2018 Anteceffores
1750 1983 1822 2017 usos

949 2028 1018 2059 Jure
1032 2028 1148 2060 paratae
1171 2024 1370 2057 executionis
1397 2027 1428 2058 &
1449 2026 1640 2069 hypothecae
1668 2026 1823 2068 legitimae

952 2069 1073 2107 contra,
1088 2061 1271 2109 Quaestores
1293 2064 1386 2108 suos,
1409 2077 1585 2109 eorumque
1606 2068 1823 2108 fidejussores,

952 2102 982 2134 ἃ
997 2110 1091 2149 petiit
1102 2125 1114 2142 ,
1136 2103 1246 2152 saltem
1263 2107 1296 2139 in
1312 2107 1475 2149 futurum,
1494 2110 1631 2142 Ordines
1647 2110 1680 2141 id
1698 2118 1825 2151 quoque

950 2144 1007 2176 sibi
1026 2143 1306 2191 &tsuccess'oribus
1332 2149 1414 2190 suis,
1439 2151 1477 2182 ad
1499 2151 1651 2192 majorem
1675 2151 1823 2184 securita-

951 2193 1036 2232 tem,
1062 2187 1221 2234 indulgere
1239 2190 1371 2223 vellent.
1412 2191 1489 2224 Non
1504 2202 1630 2235 quaero,
1655 2203 1694 2225 an
1712 2201 1822 2234 preces

951 2236 1088 2273 veritate
1102 2228 1224 2262 fuerint
1239 2230 1315 2264 nisae
1328 2256 1338 2271 ,
1362 2243 1401 2266 an
1425 2243 1504 2265 vero
1526 2234 1646 2266 invidia
1669 2235 1745 2275 juris
1764 2243 1821 2265 no-

951 2278 1005 2307 vi,
1028 2269 1183 2317 figmento
1209 2274 1328 2305 veteris
1350 2275 1552 2314 diffimulata‚
1577 2283 1749 2308 contentus
1772 2276 1819 2306 di-

952 2318 1050 2357 cere,
1081 2312 1216 2346 Ordines
1235 2313 1418 2348 Hollandiae
1439 2321 1489 2351 28.
1515 2316 1615 2349 Mart.
1643 2321 1732 2358 1679.
1767 2317 1820 2348 de-

953 2352 1104 2392 creV1ffe,
1122 2354 1251 2387 haberet
1267 2356 1355 2398 ipse,
1380 2359 1410 2390 ὅ(
1425 2358 1575 2391 haberent
1595 2359 1660 2399 ejus
1679 2357 1817 2399 Succeffii-

952 2403 998 2425 res
1013 2394 1062 2425 het
1079 2401 1146 2438 regt
1164 2405 1226 2427 van
1237 2402 1343 2437 parate
1363 2401 1493 2432 execzitz'e
1513 2409 1548 2430 en
1573 2410 1634 2431 van
1652 2400 1751 2441 legeml
1766 2401 1819 2440 hy-

948 2435 1070 2475 potheek
1089 2443 1123 2477 op
1144 2437 1177 2468 de
1197 2438 1337 2478 peissmen
1359 2450 1395 2472 en
1420 2442 1558 2483 goederen
1581 2450 1643 2472 van
1660 2443 1693 2472 cle
1720 2440 1817 2471 Rem-

949 2475 1082 2516 meefters
1109 2478 1195 2510 harer
1219 2479 1385 2512 Domeinen
1411 2492 1447 2513 en
1478 2482 1529 2512 der
1554 2482 1652 2513 κείων
1681 2484 1787 2524 borgen
1806 2505 1818 2520 ‚

939 2517 1049 2558 flmcler
1071 2519 1241 2565 prejzcdicie
1264 2531 1326 2552 vem
1354 2523 1402 2554 het
1426 2522 1606 2565 gepaffeerde
1622 2547 1632 2563 ,
1667 2523 1697 2556 &
1722 2532 1818 2565 opera

948 2558 1093 2606 daret-ur,
1117 2560 1200 2592 idem
1224 2562 1431 2597 decernerent
1465 2564 1600 2597 Ordines
1627 2562 1817 2605 Generaies,

948 2608 984 2631 ut
998 2607 1093 2647 etiam
1111 2601 1319 2648 decreverunt
1337 2615 1388 2647 30.
1412 2605 1513 2638 Mart.
1538 2606 1678 2647 ejusdcm
1703 2607 1787 2639 anni.

992 2642 1093 2689 Igitur
1106 2642 1266 2678 Wilelmo
1287 2646 1342 2679 ΠΙ.
1367 2648 1524 2689 competit
1539 2648 1589 2688 jus
1606 2656 1720 2689 paratae
1742 2658 1814 2680 exe-

947 2692 1085 2716 cutionis
1100 2694 1142 2717 ex
1167 2686 1196 2718 d.
1222 2687 1392 2728 Decretis,
1416 2688 1467 2722 sed
1493 2699 1589 2731 quum
1611 2690 1666 2721 ille
1685 2690 1747 2730 jam
1766 2700 1818 2721 an-

948 2735 990 2757 no
1017 2735 1106 2769 1702.
1131 2727 1202 2760 fato
1219 2728 1276 2762 suo
1299 2729 1428 2763 funfitus
1450 2730 1507 2769 fit,
1530 2730 1748 2762 difficultatem
1767 2731 1818 2762 ha-

947 2769 1003 2812 bet
1021 2791 1032 2807 ,
1056 2778 1096 2801 an
1119 2778 1283 2843 competat
1304 2772 1544 2808 Rationalibus‚
1567 2772 1622 2812 qui
1655 2772 1721 2803 e'us
1746 2771 1816 2803 Do-

948 2811 1051 2844 mania
1068 2810 1198 2844 adminii
1215 2813 1323 2846 rabant
1339 2823 1397 2855 pro
1411 2812 1573 2844 heredibus
1591 2811 1644 2844 seu
1676 2813 1814 2845 ucceffo-

948 2853 1034 2885 ribus
1060 2852 1307 2886 testamentariis.
1359 2856 1462 2891 Bina,
1494 2861 1529 2885 ut
1553 2853 1643 2893 dixi,
1675 2852 1816 2886 Decreta

949 2895 1046 2927 etiarn
1064 2894 1096 2927 id
1113 2895 1161 2936 J'us
1177 2896 1343 2937 porrigunt
1365 2896 1403 2928 ad
1428 2894 1578 2926 Wilelrni
1594 2895 1652 2927 ΠΙ.
1696 2895 1812 2927 Succes-

940 2935 1038 2978 fiire53
1062 2934 1112 2967 sed
1136 2945 1216 2976 quos
1239 2936 1472 2979 intelligimus?
1495 2936 1538 2967 Et
1561 2936 1687 2977 quidem
1710 2935 1816 2969 stricte

950 2978 1219 3019 interpretandum
1236 2976 1281 3009 est
1296 2980 1365 3019 jus,
1389 2977 1474 3019 quod
1498 2985 1539 3008 ex
1564 2978 1734 3018 privilegio
1762 2979 1814 3010 de-

951 3018 1088 3059 scendit,
1099 3020 1235 3052 maxime
1253 3028 1326 3052 cuin
1342 3018 1501 3063 vergatin
1522 3019 1739 3060 praejudicium
1756 3028 1815 3066 ter-

1751 3069 1787 3093 tn
1802 3085 1814 3102 ,

947 3156 974 3175 n.
999 3153 1043 3180 15.
1064 3154 1092 3182 p,
1114 3153 1179 3181 171.
1198 3145 1224 3173 δε
1243 3143 1387 3184 Byvoegsez
1406 3145 1440 3175 ad
1458 3146 1494 3175 R.
1514 3147 1555 3177 H.
1576 3146 1613 3179 R.
1635 3145 1671 3178 L.
1684 3147 1721 3177 V,
1742 3145 1807 3176 08.

947 3191 1024 3259 ⁷³⁹(38'
1033 3188 1258 3259 >P⁸F2inzffiSTim
1280 3222 1301 3251 Ι.
1321 3220 1352 3251 C.
1374 3229 1419 3259 32,
1441 3232 1469 3261 p.
1493 3226 1556 3259 508.
