2008 3436
1003 87 1132 137 (76)

867 242 947 255 -ᾞῐ
975 243 1034 253 1⁷

293 309 1120 435 CONSPECTUS
1232 352 1811 426 CAPIT-HM.

441 558 677 594 CAPUT
743 557 766 591 Ι.

249 642 361 678 idicula
374 645 559 677 nonneminis
573 644 606 674 de
622 642 799 674 authenticis
816 643 921 682 opinio.
967 641 1032 673 Au-

272 688 432 719 thentz'cum
448 685 484 720 ἐξ
499 685 672 716 authenticae
686 685 755 725 quid
772 684 939 715 Veteribus.
984 682 1031 714 De

168 731 282 772 origine
309 729 435 759 nominis
458 727 639 767 disquiritur.
693 725 768 756 Alia
784 749 793 764 ,
845 735 911 756 uam
925 724 1034 766 vulgo,

170 772 232 814 ejus
260 771 334 802 ratio
353 767 493 810 fingitur.
538 766 586 799 De
610 765 786 808 allegatione
837 772 945 797 eterum
961 775 1032 797 non—

169 813 253 844 nulla
279 813 311 842 in
334 810 409 841 banc
423 819 494 840 rem.
538 807 715 840 Authentiei
731 807 888 848 appellatio
901 808 968 849 jam
987 806 1033 839 Ir-

170 854 248 885 nerii
267 862 324 883 aevo
337 853 548 892 frequentata,
583 854 685 880 contra
701 849 867 880 Alciatum.
898 848 1033 880 Anthen-

170 896 234 925 τίσω
258 895 290 925 in
317 893 349 924 C.
375 893 483 923 carita
502 890 637 922 vocatae‘?
663 889 757 922 Breve
771 900 868 922 earum
880 890 983 930 fatum
1000 887 1036 924 δί

168 936 339 967 encomium.
387 934 541 965 Sententia
556 933 691 971 vulgaris
708 933 741 963 de
757 931 869 963 aziam
889 931 1036 962 authenti-

170 987 271 1008 carum
298 975 420 1008 Irnerio.
476 974 551 1006 Alia
576 973 712 1005 Motinaez·
729 996 740 1012 ,
769 974 818 1014 qui
836 973 1034 1010 contradicit,

171 1017 208 1053 δέ
228 1027 328 1059 quare.
372 1016 419 1048 De
444 1016 655 1048 Germanorum
680 1014 801 1046 laciniis
827 1013 939 1046 [rnerio
954 1014 1034 1054 adiu-

169 1061 218 1091 tis.
273 1056 387 1099 Nostra
403 1057 558 1098 sententia
580 1055 728 1098 conjectio.
774 1056 971 1087 Authenticas
989 1055 1035 1085 vi-

171 1103 234 1132 deri
243 1100 334 1142 fuzffi’
348 1102 497 1131 variorum
506 1096 679 1140 scholia&
695 1096 809 1140 gloffas.
832 1096 937 1128 Etiam
953 1095 1034 1137 glos-

170 1141 260 1175 sellas
282 1141 426 1182 appellari
441 1151 460 1172 a
474 1140 614 1181 Joanne,
646 1139 804 1180 Gloffatore
821 1139 925 1170 veteri.
973 1136 1036 1182 Qui

169 1184 292 1225 differat
299 1183 452 1226 sententia
467 1179 595 1222 nostraa
612 1182 754 1221 communi
763 1179 821 1220 ‚&’
836 1180 969 1211 aliorum.
993 1186 1033 1217 05

421 1263 656 1298 CAPUT
721 1263 785 1296 11.

215 1346 413 1391 Testimonia,
434 1349 535 1391 quibus
549 1347 650 1389 usurus
659 1346 749 1389 sum,
771 1345 821 1388 effe
832 1346 933 1387 proba.
969 1343 1036 1376 Au-

173 1393 318 1424 thenticas
344 1395 467 1423 ᾱιωυύμως
493 1390 663 1431 quibusdam
685 1388 775 1419 tribui
801 1387 963 1461 rtAJoanne
979 1395 1037 1417 non

170 1444 226 1468 uno
250 1434 307 1465 loeo
326 1455 337 1471 ‚
367 1434 456 1464 etiam
481 1432 517 1462 ab
543 1430 667 1469 Azone,
698 1428 734 1464 ὅ)
755 1430 792 1460 ab
854 1426 977 1467 ccurfio,
1000 1426 1037 1469 ἐξ

170 1476 242 1517 quid
257 1484 294 1506 ex
310 1484 339 1505 eo
358 1473 554 1514 consequatur.
599 1471 681 1504 Idem
698 1471 855 1511 praedicari
874 1471 907 1502 de
924 1471 1037 1511 quibus-

172 1519 240 1549 dam
265 1525 364 1547 earum
383 1514 552 1555 particulis.
613 1512 776 1545 Attollitur
803 1512 1039 1543 authenticarum

171 1559 336 1599 antiquitas
351 1557 389 1587 ad
404 1565 490 1597 usque
510 1552 682 1597 Juftinianz'
709 1558 845 1594 tempora.
896 1551 1040 1585 Ouomo'do

169 1601 202 1631 id
221 1600 320 1640 probet
343 1596 508 1629 DiCtatum
536 1596 648 1638 =Iuliani
669 1592 708 1627 de
725 1585 934 1627 Confiliarffs'f
974 1592 1041 1625 Ad-

165 1641 296 1684 struitur
311 1639 361 1671 ille
379 1639 474 1670 locus.-
496 1644 530 1670 ut
557 1637 593 1673 ἃ
606 1636 803 1678 privilegium
819 1635 959 1667 Romanae
980 1633 1040 1666 Ec-

171 1680 262 1721 clefice
277 1683 310 1713 de
329 1681 499 1712 centenaria
512 1678 736 1720 prascriptione.
793 1676 972 1709 Occurritur
986 1677 1044 1714 iis,

173 1726 223 1767 qui
234 1722 324 1763 fidem
340 1728 428 1753 tantae
448 1722 637 1763 antiquitatis
651 1720 812 1751 elevarent.
859 1718 931 1750 Non
948 1717 1045 1760 videri

177 1773 275 1798 tamen
293 1765 362 1795 adeo
390 1763 496 1794 multas
519 1761 569 1803 effe
587 1761 770 1792 authenticas
793 1758 970 1792 Graecanicae
989 1758 1064 1792 ori-sv

173 1809 267 1851 ginis.
311 1805 385 1851 Quae
396 1803 438 1844 fit
454 1804 517 1847 ejus
532 1805 576 1835 rei
591 1804 677 1835 ratio.
999 1798 1042 1832 66

216 1973 326 2006 Irnerii
346 1974 436 2005 etiam
451 1970 501 2013 effe
523 1970 728 2009 authenticas,
745 1968 799 2011 sed
815 1967 1040 2010 Justinianaeas.

181 2015 260 2062 Quis
277 2015 346 2047 illas
372 2014 586 2047 Fridericorum
618 2012 717 2043 Codici
727 2010 875 2052 inseruit?
897 2009 1043 2052 Praejudi-

175 2062 253 2090 cium
279 2057 394 2099 aliquod
409 2060 511 2086 contra
530 2053 695 2091 lmerz‘um,
720 2053 792 2094 quod
812 2051 869 2093 ipſse
886 2051 1043 2089 Novellas,

175 2105 208 2131 ut
217 2097 357 2139 spurias,
379 2097 534 2138 rejecerit,
557 2104 594 2126 ex
614 2093 731 2134 Gloffa,
755 2093 874 2134 Joanne
891 2091 927 2128 &²
941 2092 1045 2124 Azone

176 2141 339 2172 deducitur.
385 2137 553 2178 Bffariazn,
583 2145 619 2166 ne
636 2135 688 2166 hoc
701 2145 802 2166 verum
814 2133 875 2174 fit,
897 2134 1044 2174 responde-

176 2188 233 2214 tur.
280 2180 412 2212 Azonem
431 2181 464 2210 in
473 2178 599 2210 Summa
615 2175 652 2211 &²
667 2175 906 2207 Commentario
914 2175 952 2207 ad
962 2174 1042 2207 Cod.

178 2224 326 2256 Irnerium
356 2221 590 2253 authenticarum
620 2216 762 2248 auctorem
788 2217 918 2248 laudare.
975 2215 1045 2247 Tres

176 2265 237 2307 ejus
258 2261 312 2294 loci
327 2273 361 2295 ea
376 2264 409 2294 de
434 2271 464 2293 re
477 2260 669 2301 proferuntur
688 2257 724 2292 δ’
743 2259 957 2298 expenduntur.
982 2257 1043 2289 Ac-

177 2304 264 2344 curfii
280 2305 311 2336 in
324 2305 443 2336 eandem
451 2302 632 2344 sententiam
646 2309 748 2330 novem
764 2299 866 2341 gloffae.
911 2298 955 2331 Et
968 2297 1046 2330 Odo-

171 2348 258 2388 fredi
276 2345 487 2387 testimonium:
509 2343 581 2384 quod
601 2341 736 2372 nonnihil
756 2340 931 2381 restituitur.
955 2339 1049 2371 Hanc

179 2389 271 2430 ipsam
294 2387 391 2419 videri
412 2390 536 2418 mentem
559 2382 686 2415 Abbatis
716 2380 921 2424 Urspergenfis
938 2383 972 2413 in
987 2380 1049 2413 Lo-

182 2430 286 2462 thario
301 2429 440 2461 Saxone:
469 2427 531 2459 Ubi
559 2424 752 2462 authenticae,
775 2433 864 2465 neque
881 2423 982 2462 aliud,
1004 2423 1048 2453 in-

179 2472 365 2513 telliguntur.
413 2469 597 2500 Vindicatur
611 2465 685 2496 illud
700 2465 836 2506 adversus
850 2471 977 2505 pravam
989 2464 1043 2495 Cu·

173 2514 270 2555 jacti,
302 2512 479 2551 aliorumque
504 2510 565 2552 ejus
588 2506 643 2538 loci
660 2507 940 2547 interpretationem.
985 2505 1044 2537 Fa-

176 2565 255 2587 mam
272 2555 305 2585 de
325 2553 438 2585 Irnerio
458 2556 572 2583 tantam
594 2547 644 2589 effe
659 2571 669 2587 ‚
691 2553 724 2579 ut
739 2548 830 2579 etiam
848 2548 1044 2585 authenticae,

1325 557 1353 590 C
1376 557 1403 589 A
1426 557 1449 590 P
1471 556 1503 589 U
1525 556 1560 589 T
1623 554 1638 588 I
1661 556 1702 589 V.

1121 639 1222 671 Unam
1244 639 1418 680 eandemque
1444 640 1643 671 authenticam
1665 649 1685 670 a
1700 640 1797 672 variis
1814 644 1936 683 quanda

1074 689 1127 723 que
1142 681 1326 722 fabricatam
1350 680 1399 721 effe
1426 680 1522 721 Gloffa
1550 683 1641 713 docet.
1694 680 1808 714 Eadem
1832 693 1936 726 quoque

1077 722 1269 760 Afartinum,
1301 728 1362 753 tum
1373 721 1468 763 solum
1477 743 1488 759 ,
1517 727 1578 753 tum
1593 732 1658 754 cum
1673 721 1742 754 aliis
1755 727 1939 766 quarundam

1076 765 1311 796 authenticarum
1326 760 1434 803 statuit
1461 762 1614 795 auat-rem.
1669 761 1731 809 Qui
1747 766 1812 797 Azo
1833 766 1942 800 Irnerii

1076 805 1262 837 authenticas
1289 803 1546 844 interpolaverit?
1579 804 1739 847 Casuifiam
1763 807 1882 848 Gloffoe,
1915 810 1940 840 i.

1072 847 1208 889 psumque
1238 845 1371 878 Azonem
1396 846 1427 876 id
1450 843 1551 885 testari
1577 848 1611 877 de
1628 849 1722 880 eodem
1738 848 1814 879 loco:
1835 851 1884 890 qui
1906 849 1943 886 ὅ)

1077 889 1166 920 aliter
1183 911 1192 927 ‚
1225 893 1257 918 ut
1272 887 1428 928 sententia
1450 884 1551 927 nostrie
1574 888 1744 929 inserviat,
1781 892 1938 925 excutitur.

1078 929 1272 962 Adducentur
1286 930 1345 959 tria
1360 928 1453 960 adhuc
1476 925 1641 969 testimonia
1657 941 1694 962 ex
1710 929 1830 962 Azonis
1847 931 1939 964 Com-

1077 979 1173 1017 mont.
1203 970 1240 1001 ad
1267 969 1348 1001 Cod.
1379 979 1431 1011 qao
1459 971 1485 1000 is
1507 971 1645 1010 probetur
1660 972 1749 1003 varia
1765 972 1941 1006 authenti-cis

1077 1011 1221 1054 inseruiffe
1238 1034 1249 1049 ,
1281 1011 1317 1045 ὅ)
1343 1021 1398 1052 qua
1423 1012 1456 1042 de
1473 1011 1570 1052 caufh.
1614 1011 1818 1054 Adflruuntur
1831 1015 1888 1046 haec
1908 1017 1942 1047 in

1077 1065 1139 1086 rem
1158 1052 1334 1094 presentem.
1388 1052 1531 1084 Alovetur
1553 1053 1669 1095 objectio
1694 1054 1832 1096 adversscs
1859 1055 1940 1089 Irne-

1077 1097 1173 1133 rium,
1204 1093 1337 1125 Azonem
1362 1093 1399 1128 δ”
1428 1093 1609 1126 Martinam.
1655 1095 1834 1128 Removetur
1848 1099 1941 1130 varie.

1080 1137 1118 1170 In
1137 1134 1261 1174 tranfitu
1278 1136 1412 1166 nonnihil
1430 1136 1464 1166 de
1482 1136 1622 1172 παεαὲόξῳ
1638 1137 1772 1168 Alberici
1794 1138 1944 1179 Genffilis,

1079 1178 1129 1220 effe
1140 1177 1211 1219 scil.
1235 1176 1419 1211 authenticas
1436 1177 1471 1208 ab
1480 1176 1593 1225 Irnerio
1603 1187 1641 1210 ex
1656 1187 1747 1221 graeco
1762 1179 1870 1220 versas.
1904 1189 1946 1221 70

1341 1256 1579 1291 CAPUT
1642 1259 1683 1293 V.

1119 1342 1292 1376 Probabilia
1312 1342 1440 1384 quadam
1450 1345 1504 1383 pro
1517 1340 1640 1382 diversis
1656 1343 1890 1378 authenticarum
1898 1356 1948 1379 aa·

1080 1385 1215 1418 aarum.
1227 1381 1385 1426 Ostendere
1393 1385 1423 1415 id
1430 1386 1548 1415 varium
1562 1384 1599 1419 ὅ)
1614 1386 1758 1416 incertum
1778 1396 1876 1418 earum
1894 1397 1947 1420 nu·

1080 1437 1210 1465 merum,
1232 1425 1269 1461 &⁹
1287 1426 1427 1467 quomodo
1473 1425 1656 1458 Recitantur
1670 1427 1843 1459 authentica
1858 1428 1947 1461 ἣτε-

1080 1479 1146 1501 rum
1171 1469 1253 1499 nobis
1276 1467 1435 1508 incognita
1452 1488 1466 1505 ,
1491 1466 1529 1502 ὅ)
1551 1471 1661 1500 contra.
1717 1467 1794 1510 Ejus
1811 1469 1856 1500 rei
1873 1471 1949 1503 ratio

1081 1509 1227 1551 adseritur
1242 1530 1255 1547 ‚
1282 1509 1372 1544 etiam
1395 1515 1434 1539 ex
1458 1507 1596 1541 Duareni
1621 1514 1692 1546 nota
1718 1510 1753 1541 de
1773 1510 1950 1544 authenticis

1083 1551 1306 1584 Fiidericorum.
1353 1548 1417 1598 Qui
1433 1550 1492 1581 alio
1510 1550 1604 1583 adbuc
1621 1551 1700 1582 niodo
1717 1552 1820 1582 varius
1827 1553 1949 1585 authen-

1083 1595 1211 1629 ticarum
1233 1591 1525 1634 mzmerzis‘doceat-‘2
1553 1588 1678 1633 eali-{He
1699 1598 1767 1633 opus
1790 1594 1948 1627 variorum.

1086 1635 1168 1668 Idem
1189 1630 1325 1674 praestare
1355 1634 1499 1665 incertam
1522 1643 1620 1665 earum
1635 1633 1755 1675 sedem,
1778 1633 1815 1669 ὃ)
1831 1637 1951 1668 varian-

1087 1682 1129 1708 tes
1146 1674 1289 1707 leitiones.
1336 1674 1394 1709 Cur
1412 1674 1454 1705 hae
1478 1674 1613 1707 librariis
1626 1675 1674 1707 hic
1691 1685 1749 1707 non
1765 1677 1949 1716 imputanda.

1092 1717 1245 1759 Complura
1258 1716 1405 1757 utriusque
1421 1715 1594 1760 adsertiqriis
1611 1717 1756 1758 exempla.
1800 1716 1951 1764 Quamdiu

1089 1769 1124 1791 ea
1149 1758 1323 1790 incertitudo
1350 1757 1505 1797 duraverit
1519 1756 1538 1789 ⁴?
1568 1757 1622 1790 An
1643 1758 1707 1790 ulla
1723 1768 1850 1800 unquam
1863 1759 1954 1792 ullius»

1086 1798 1240 1840 Principis
1264 1796 1430 1839 constitutio
1449 1799 1593 1839 prodierit
1616 1801 1655 1831 ad
1669 1800 1853 1832 authenticas
1870 1801 1951 1833 colli-

1085 1843 1214 1885 gendas,
1240 1840 1393 1881 Codicique
1416 1840 1607 1887 inserendas?
1638 1841 1854 1873 Nonnullorum
1869 1843 1953 1874 eade

1083 1894 1115 1915 re
1133 1882 1319 1926 figmentum.
1373 1880 1590 1927 Differentiam
1616 1880 1692 1924 styli
1726 1883 1758 1914 in
1777 1882 1956 1915 authenticis

1084 1935 1137 1959 cur
1161 1933 1218 1955 non
1241 1933 1276 1955 ur
1299 1932 1395 1954 eamus
1416 1923 1433 1955 ‘2
1466 1922 1610 1966 Epilogus
1638 1923 1744 1956 deloco
1760 1923 1884 1966 alicujus
1902 1923 1952 1956 Fi:

1084 1967 1249 2005 chardi‚ut
1319 1965 1352 1996 de
1372 1963 1721 2007 auctoritatibus,quibus
1730 1963 1887 2007 ufisumus.
1911 1974 1950 2007 71

1323 2047 1561 2081 CAPUT
1626 2046 1703 2080 VI.

1133 2131 1232 2180 Quam
1252 2133 1284 2162 ob
1306 2140 1366 2162 rem
1382 2130 1585 2171 disputandum
1606 2131 1743 2173 adversus
1756 2141 1820 2164 eos:
1838 2134 1890 2175 qui
1906 2133 1953 2166 Ir-

1087 2178 1201 2206 nerium
1226 2173 1263 2204 ab
1281 2172 1517 2204 authenticarum
1547 2171 1743 2213 compofitione
1762 2175 1921 2206 excludunt
1935 2175 1956 2209 ’ἒ

1089 2215 1224 2248 Molinaei
1240 2219 1442 2257 argumentum
1456 2222 1494 2244 ex
1510 2211 1644 2254 Epistola
1671 2215 1795 2256 quadam
1815 2216 1955 2258 Gregorii

1089 2256 1138 2289 M.
1158 2257 1340 2287 intenditur:
1362 2255 1594 2296 quemadmodum
1610 2254 1647 2290 ὅ)
1674 2255 1823 2288 Strauchii
1838 2257 1901 2289 loca
1917 2266 1955 2290 ex

1092 2297 1260 2330 Burchara'o
1276 2295 1313 2332 &²
1327 2295 1426 2329 Ivone.
1473 2294 1546 2327 Non
1562 2295 1783 2337 haecsententiae
1799 2295 1899 2339 noflrae
1911 2298 1955 2339 of-

1084 2338 1174 2380 ficere
1190 2361 1203 2378 ,
1221 2338 1276 2380 fied
1292 2336 1441 2379 proficere.
1497 2336 1642 2369 Attamen
1671 2339 1832 2378 mendosam
1857 2340 1957 2372 videri

1090 2381 1246 2423 vulgatam
1269 2380 1409 2422 Gregorii
1434 2376 1583 2410 tectionem
1598 2380 1632 2410 in
1655 2378 1694 2412 C.
1717 2384 1768 2422 38.
1793 2379 1885 2412 Caus.
1894 2379 1965 2418 XI..

1090 2431 1119 2464 q.
1148 2431 1173 2454 1.
1199 2420 1236 2457 ὅ)
1270 2431 1351 2453 uare.
1399 2419 1483 2467 Quid
1499 2420 1533 2451 de
1549 2429 1583 2467 ea
1605 2420 1774 2468 censendum
1782 2419 1835 2459 fit.
1880 2421 1976 2461 Bury..

1090 2464 1213 2495 chardus
1284 2462 1338 2495 Ivo
1343 2464 1496 2503 prodeunt.
1521 2460 1665 2502 Mifierum
1670 2461 1820 2503 specimen
1832 2463 1955 2494 authen·

1087 2506 1214 2536 ticarum
1232 2505 1308 2545 apud
1329 2504 1459 2537 Ivonem.
1493 2501 1541 2534 De
1556 2503 1680 2578 gpertis
1701 2501 1840 2534 Novellis
1851 2503 1955 2535 Strau-

1086 2547 1145 2578 chii
1173 2547 1268 2586 opinio
1298 2547 1395 2577 minus
1424 2552 1526 2575 vera:
1614 2544 1684 2585 quid
1709 2552 1747 2574 ex
1764 2553 1798 2575 ea
1802 2543 1959 2586 sequatur.

179 2606 241 2637 quae
266 2595 328 2637 ejus
351 2603 408 2624 non
422 2593 524 2633 sunt,
554 2591 581 2622 ei
607 2595 722 2628 tamen,
747 2595 780 2620 ut
794 2589 927 2630 principi
943 2598 1042 2620 earum
1089 2587 1190 2619 Unum
1206 2592 1308 2618 contra
1332 2586 1479 2619 Irnerium
1505 2588 1652 2615 tentamen
1675 2584 1822 2625 refertur,
1853 2584 1889 2621 δ”
1910 2595 1957 2618 re·

177 2636 308 2675 austeri,
329 2636 506 2666 tribuantur.
552 2631 717 2662 Luculento
732 2631 762 2660 id
777 2630 904 2670 exemplo
919 2628 1042 2670 adstrui·
1076 2629 1202 2670 fellitur
1217 2629 1310 2660 varie.
1356 2627 1405 2659 De
1434 2626 1527 2656 veteri
1553 2624 1749 2657 Novellarum
1770 2627 1951 2660 translatore

178 2686 238 2711 tur.
285 2676 337 2708 An
354 2674 390 2709 ὅ)
405 2681 545 2715 quatenus
565 2672 708 2702 Germani
727 2671 782 2701 haec
795 2673 1045 2712 oppugnaverint.
1090 2672 1160 2712 quid
1176 2665 1572 2709 Strauchiussomnia-verit,9
1593 2666 1643 2699 De
1665 2666 1711 2700 Cl.
1725 2666 1958 2710 Pagenftechero

180 2721 292 2753 Eorum
311 2726 421 2749 vanum
438 2716 572 2748 molimen
592 2712 651 2743 late
675 2710 846 2753 describitur
867 2712 903 2747 ἃ
918 2714 1046 2744 retundi-

179 2768 236 2794 tur.
1006 2757 1045 2794 6?

1091 2711 1272 2744 corollarium
1287 2710 1410 2751 aiiqaod.
1917 2717 1958 2751 73

1799 3212 1960 3252 COR»
