2008 3436
464 127 863 167 CORNELII

191 212 303 243 stituto
320 210 450 250 judicio.
496 210 589 242 Plura
614 210 652 241 de
668 209 730 240 illis
746 207 793 249 ὃς.
817 206 884 240 dixi
908 205 997 247 supra
1024 205 1055 236 C.

195 253 252 284 IV.
276 252 305 293 ὃ.
329 252 444 283 Placet.
470 252 499 283 dt
517 252 566 282 hoc
586 252 655 291 Cap.
681 252 714 281 in
729 252 825 289 princ.

237 293 357 324 Interea
375 292 531 324 observari
554 293 672 327 velim,
698 300 771 328 eos,
792 299 870 329 quos
892 288 973 325 dixi,
995 295 1058 317 non

194 334 250 366 nisi
267 343 307 364 ex
326 334 493 374 privilegio
512 333 593 374 apud
609 332 736 363 Curiam
754 340 844 371 agere
859 338 968 361 contra
984 337 1056 364 eos,

195 375 247 415 qui
270 375 410 414 injtlriam
427 375 582 406 fecerunt.
630 372 824 412 Ceteroquin
845 371 950 410 regula
976 369 1056 408 juris

194 416 379 448 Hollandici
395 415 439 448 est
455 426 491 447 ex
511 414 624 446 Edicto
638 413 790 444 Ordinum
817 411 998 443 Hollandiae
1023 410 1055 438 cle

194 457 312 488 Duellis
337 467 386 488 22.
407 458 502 488 Mart.
531 458 620 494 1657.
644 453 694 494 qui
714 453 857 492 injuriam
876 451 948 492 passi
967 450 1056 486 sunt,

192 498 337 537 injuriam
364 498 524 529 deferrent
561 497 598 526 311
630 494 768 534 judicem
802 499 1058 533 competentem,

194 541 268 569 dam·
291 541 376 570 ander
404 549 440 579 zy
463 537 638 577 rcybrteren,
673 542 724 566 aut
748 535 784 565 ad
808 534 956 577 Judicem·
973 531 1058 576 loci,

195 580 247 610 ubi
266 580 377 620 injuria
396 580 481 610 illata
494 576 651 616 cst‚salvo
669 584 771 607 tamen
787 575 854 615 jure
872 573 1055 610 Nobilium,

195 622 390 661 aliorumque
409 620 547 651 omnium
561 641 571 656 ,
592 618 643 658 qui
665 617 762 648 simile
786 615 988 659 privilegium
1007 613 1058 643 ha-

197 663 291 700 bent,
322 672 361 693 ne
385 661 438 692 niii
461 659 542 700 apud
568 659 663 690 solam
689 657 815 689 Curiam
843 665 896 687 aut
918 655 1056 695 Judicem

198 703 285 733 suum
308 703 497 733 ordinarium
526 699 691 732 conveniri
718 698 842 739 poffint.
895 697 976 741 Quae
1006 704 1059 740 ex-

194 744 302 783 ceptio
323 752 422 774 totam
442 742 508 774 fere
527 742 661 782 regulam
678 740 716 770 de
733 738 807 770 foi-o
824 738 919 770 illatae
937 737 1059 776 injuriae

195 785 339 815 inutilem
357 784 458 814 reddit
474 791 602 823 propter
618 781 645 822 ὃ.
661 791 728 812 120.
754 780 859 811 Form.
874 779 946 810 Cur.
968 777 1058 808 Holl.

202 835 292 865 1531.
324 826 353 856 o't
384 824 575 856 notiffimum
604 823 760 855 Ordinurn
793 820 880 852 Holl.
914 818 1059 862 Edictum

200 875 248 905 15.
282 868 368 906 Sept.
401 869 490 906 1657.
514 865 593 905 (19)
625 864 645 895 si
669 872 780 902 nempe
803 862 842 893 de
866 861 904 893 iis
931 866 1060 901 agatur,

195 908 248 948 qui
269 908 374 938 locum
395 907 484 938 factae
503 906 626 946 injuria:
643 904 856 941 cxcess'erunt,
881 910 936 933 aut
951 901 1060 946 *calen-

199 957 230 978 te
251 949 380 989 negotio
398 948 492 979 delati
511 957 572 978 non
593 946 672 978 sunt.
718 945 797 983 Sed,
820 954 859 975 ne
878 943 1000 975 inutilis
1025 941 1063 972 sit

199 990 367 1030 exceptio,
393 990 497 1020 malim
514 997 580 1019 eam
601 988 778 1028 intelligere
794 986 833 1017 de
848 985 904 1023 iis,
929 983 981 1025 qui
998 982 1063 1023 spe-

199 1031 278 1061 ciale
303 1031 504 1070 privilegium
530 1029 645 1060 habent
660 1053 668 1068 ‚
703 1038 743 1060 ne
765 1026 916 1068 personali
940 1024 1062 1055 actione

199 1071 278 1112 apud
298 1072 392 1103 alium
409 1080 521 1112 quem,
545 1079 634 1111 quam
651 1070 730 1110 apud
747 1069 832 1100 suum
845 1090 855 1105 ‚
878 1067 909 1098 id
927 1065 990 1103 est,
1007 1065 1062 1096 do-

201 1113 314 1144 micilii
340 1112 382 1144 sui
411 1112 573 1152 judicem,
608 1111 770 1142 conveniri
797 1108 910 1150 poffint
929 1131 939 1145 ,
971 1106 1063 1146 quale

201 1154 440 1185 Maximilianus
458 1151 636 1184 Austriacus
660 1161 741 1182 anno
764 1159 851 1190 1477.
878 1146 1062 1188 Delphenfi-

201 1196 259 1226 bus
276 1195 361 1226 dedit
383 1194 471 1235 (20).
518 1192 660 1225 Frisones
685 1193 775 1223 Libro
801 1191 841 1222 11.
865 1190 936 1221 LL.
962 1186 1063 1225 frific.

206 1236 267 1268 Tit.
292 1246 320 1267 2.
344 1236 372 1277 §.
396 1244 448 1276 531.
474 1234 552 1266 11330
569 1243 634 1265 rem
650 1233 831 1273 simpliciter
847 1231 889 1261 ita
914 1229 1066 1260 definive-

202 1287 292 1308 runt:
317 1277 439 1317 judices
456 1276 536 1313 loci,
562 1275 634 1312 ubi,
659 1276 711 1315 qui
733 1273 874 1313 injuriam
891 1271 994 1315 fecit,
1018 1269 1067 1313 113-

202 1318 302 1356 bitat‚
335 1319 364 1350 ot
388 1318 438 1348 ubi
463 1316 544 1347 fana
568 1315 644 1346 ess'et
661 1339 671 1353 ,
714 1314 753 1345 de
779 1323 815 1344 ea
847 1312 958 1351 injuria
980 1319 1067 1349 juris-

199 1360 371 1391 diffionem
394 1364 630 1391 concurrentem
657 1355 806 1387 haberent
834 1353 901 1394 jure
928 1359 1067 1393 praeven-

203 1409 311 1432 tionis.

247 1441 420 1483 Cognoscit
440 1442 468 1473 ὅ(
486 1441 581 1474 Curia
597 1441 635 1472 de
653 1438 844 1481 patrimonio
866 1435 1045 1468 Hollandiae
1057 1458 1066 1472 ‚

204 1485 289 1523 (111011
305 1484 382 1514 olim
399 1483 560 1514 Comitum
579 1482 738 1523 peculium
753 1479 836 1518 fuit,
862 1478 931 1516 sed,
943 1479 979 1509 iis
1002 1476 1067 1508 sub-

204 1526 295 1561 latis,
321 1534 404 1555 nune
423 1524 459 1555 ad
478 1524 611 1555 Ordines
632 1522 810 1554 Hollandiae
829 1520 977 1560 pertinet.
1009 1518 1069 1549 Do-

202 1568 316 1597 mez'nen
336 1573 503 1596 vocantur.
547 1564 622 1596 Non
643 1564 762 1604 placuit
783 1570 884 1593 autem
903 1561 941 1592 de
965 1560 1001 1591 iis
1021 1559 1069 1598 jus

203 1608 286 1645 dici,
307 1606 361 1638 nifi
380 1606 540 1638 advocatis
562 1607 592 1637 ὅ(
610 1605 724 1636 auditis
748 1604 831 1644 prius
852 1600 1070 1634 Rationalibus

205 1649 235 1689 ἕ.
260 1659 309 1689 70.
334 1648 369 1682 &²
398 1658 449 1688 94.
482 1647 588 1679 Form.
620 1646 695 1678 Cur.
726 1644 815 1677 Holl.
847 1648 937 1687 ¹46².-
963 1642 990 1683 §.
1020 1651 1067 1672 11.

204 1691 312 1722 For-m.
337 1689 548 1721 Maximiliani
567 1698 656 1728 1510.
679 1686 760 1728 (21)
783 1685 811 1726 §.
826 1689 856 1717 6.
875 1685 910 1719 ὃ
925 1684 1068 1718 &Eoi-m.

208 1740 300 1773 1531.
332 1730 359 1772 ᾗ.
385 1741 412 1762 2.
440 1730 544 1761 For-m.
569 1730 673 1761 Curiae
700 1728 792 1759 Feud.
824 1730 913 1758 1661.
937 1725 1017 1766 (22)
1042 1726 1071 1755 01

205 1773 289 1813 quod
308 1774 344 1803 ad
362 1771 585 1812 patrimonium
604 1769 761 1803 Zelandiae
778 1767 940 1800 3111003113
967 1767 996 1797 dt
1018 1775 1069 1797 au-

204 1815 280 1845 ditis
299 1812 516 1845 Rationalibus
538 1812 693 1844 Zelandiae
711 1810 740 1852 §.
765 1820 811 1841 12.
837 1807 1070 1841 Conventionis

206 1856 289 1887 inter
306 1854 397 1886 Holl.
423 1855 453 1885 ἃ
470 1854 536 1885 Zel.
566 1863 615 1884 11.
632 1853 702 1893 Jun.
728 1855 816 1892 1674.
862 1849 958 1894 Quod
977 1849 1071 1880 advo-

208 1904 320 1927 centur
340 1895 536 1932 Rationales,
560 1894 647 1925 forte
659 1894 813 1933 originem
835 1892 932 1923 traxit
949 1900 988 1921 ex
1006 1891 1026 1921 l.
1043 1899 1068 1920 1.

211 1939 243 1969 C.
265 1939 298 1968 cie
331 1935 415 1977 OffiC.
452 1937 528 1967 Com.
553 1946 609 1968 rer.
630 1937 747 1976 privat.
771 1934 801 1965 ἃ
829 1933 927 1965 simile
955 1931 1000 1964 est
1023 1932 1071 1968 ei,

207 1979 291 2019 quod
308 1978 339 2009 in
356 1977 446 2009 causa
462 1977 541 2009 Fisci
558 1977 710 2016 Traianus
727 1975 832 2007 Plinio
853 1974 1003 2015 praecepit
1030 1972 1071 2003 L.

208 2021 253 2052 X.
280 2016 374 2059 Epist.
400 2023 449 2053 88.
506 2018 565 2051 Sed
589 2027 691 2050 tamen
723 2017 817 2048 habet
839 2015 1010 2056 plurimum
1032 2022 1074 2044 ex

210 2062 338 2102 iniquo,
360 2070 431 2091 cum
450 2060 597 2100 Princeps
614 2060 644 2090 in
663 2058 787 2099 judiciis
806 2057 1004 2098 privatorum
1028 2056 1074 2087 10-

209 2112 249 2133 00
266 2102 313 2134 iit.
358 2102 455 2138 Sunt,
481 2103 532 2141 qui
551 2102 582 2133 id
597 2101 779 2141 abrogatum
795 2099 881 2138 ajunt
895 2097 984 2139 (23).
1031 2096 1074 2127 Et

209 2144 281 2175 sane
299 2141 400 2173 exstat
417 2142 596 2174 Hollandiae
616 2142 770 2173 Ordinum
786 2137 926 2180 Epistula
944 2148 989 2175 19.
1008 2137 1072 2178 Jan.

214 2194 304 2224 1592.
329 2184 366 2215 ad
384 2182 511 2214 Curiam
533 2182 714 2214 Hollandiae
733 2182 803 2212 data
818 2180 898 2221 (24)
911 2203 920 2218 ,
944 2188 1002 2219 11113
1019 2187 1072 2210 ve-

211 2227 305 2257 titum
322 2224 383 2263 est,
410 2234 449 2255 ne
466 2233 538 2256 cum
560 2223 777 2255 Rationalibus
801 2221 1075 2253 communicentur

209 2277 245 2298 03
265 2266 469 2299 instrumenta
482 2288 492 2301 ‚
515 2274 582 2305 quae
598 2264 678 2295 inter
692 2264 767 2295 alias
785 2270 887 2303 partes
903 2261 1074 2293 communi-

209 2308 270 2340 cari
281 2317 344 2339 non
355 2306 466 2338 solent.
492 2306 552 2338 Sed
564 2306 647 2346 quod
666 2299 746 2336 tun?
758 2305 970 2335 decreverunt
981 2302 1074 2334 Ordi-

210 2360 281 2388 nes,
309 2347 364 2380 usu
380 2355 540 2388 receptum
557 2356 620 2378 non
637 2346 697 2377 ess'e
709 2370 718 2384 ,
741 2346 841 2387 arguit
856 2343 996 2385 Epistula
1012 2343 1075 2375 Cu-

213 2392 266 2422 riae
287 2389 484 2427 Hollandiae,
510 2398 558 2419 22.
577 2387 657 2419 Dec.
678 2391 768 2429 1⁶¹3·
791 2386 827 2417 ad
844 2385 979 2417 Ordines
996 2384 1076 2416 Hol-

214 2432 324 2463 landioe
355 2430 464 2471 scripta
488 2428 588 2469 (25),
621 2438 693 2460 eum
720 2427 865 2469 quidam,
890 2427 942 2467 qui
966 2433 1078 2457 contra

213 2473 305 2505 Holl.
332 2472 407 2504 Ord.
431 2470 581 2501 Domanii
612 2470 789 2501 Rationales
811 2470 898 2500 litem
924 2467 1078 2504 habebat,

212 2515 250 2545 ab
270 2512 440 2545 Ordinibus
460 2511 616 2552 petiisset,
639 2520 678 2542 ne
697 2510 876 2542 Rationales
892 2509 929 2540 ad
946 2518 1013 2540 eam
1023 2517 1078 2539 vo-

213 2562 360 2586 carentur
375 2576 384 2592 ,
408 2562 505 2592 0311110
523 2553 562 2584 de
579 2562 612 2584 re
630 2552 757 2584 Curiam
782 2551 961 2583 Honandiae
985 2549 1078 2582 Ordi-

214 2605 271 2628 nes
290 2594 525 2625 consuluiss'ent.
579 2594 633 2626 Ait
658 2602 762 2625 autem
781 2593 812 2624 in
835 2601 875 2623 eo
895 2590 1077 2631 Responsu,

215 2637 363 2669 1130103113
380 2634 523 2666 usitatum
541 2633 655 2673 fuisse,
679 2644 734 2672 ut,
758 2642 923 2674 antequam
947 2633 1018 2664 lites
1041 2632 1079 2663 de

215 2677 377 2710 Domanio
395 2676 562 2714 finiantur,
586 2675 691 2706 omnia
711 2675 775 2706 litis
793 2674 993 2706 instrumenta
1021 2674 1078 2704 Ra-

216 2718 385 2750 tionalibus
403 2717 631 2758 praelegantur,
653 2716 737 2755 iique
751 2723 916 2756 rogentur,
940 2714 1080 2753 nunquid

217 2769 314 2800 porro
334 2758 483 2796 habeant,
508 2766 572 2830 ‹iiuo
589 2756 738 2788 Domanii
754 2756 842 2788 causa
857 2755 956 2795 juvari
969 2755 1080 2795 pollit,

218 2803 249 2832 dt
268 2800 353 2831 addit
370 2799 488 2835 Curia,
525 2806 628 2830 cereta
655 2806 779 2839 quoque
803 2797 941 2828 Partium
968 2795 1079 2826 instru-

195 143 263 179 313
928 135 1034 162 νΛΝ

1099 123 1708 160 BYNKERSHOEK

1979 115 2002 186 {l

1100 203 1180 235 stum
1199 201 1259 248 011,
1285 203 1427 243 quamvis
1445 202 1476 233 id
1501 202 1596 234 Curia
1621 203 1653 234 in
1670 212 1705 234 ea
1725 201 1864 243 Epistula
1881 212 1952 239 con·
1996 194 1999 236 ἶ

1101 253 1223 276 coxerit
1240 253 1270 274 in
1287 244 1399 281 causis,
1424 253 1440 274 3
1458 244 1570 283 quibus
1587 244 1742 284 appellare
1760 244 1853 281 licet,
1877 245 1907 278 in
1926 257 1954 278 a.
1988 239 2001 274 «ἶ

1102 285 1151 317 liis
1170 293 1246 315 vero
1264 284 1294 316 se
1313 285 1350 315 311
1368 285 1531 316 arbitrium
1552 285 1707 316 Ordinum
1727 284 1889 324 retulerit,
1912 288 1956 320 ni·
1995 278 2000 304 ¹

1103 325 1146 357 hil
1169 326 1333 366 quicquam
1355 325 1515 356 definiens.

1098 375 1133 396 ea
1155 366 1242 412 causa
1267 368 1483 404 decreverint,
1508 366 1583 397 mihi
1606 375 1669 398 non
1697 366 1807 406 liquet.
1852 366 1956 410 Quum

1098 407 1193 438 Curia
1210 416 1291 438 anno
1315 411 1401 447 1670.
1426 408 1480 439 sibi
1495 407 1667 439 conficeret
1682 416 1798 439 novam
1809 406 1957 452 formam,

1985 303 1987 311 '
1999 309 2004 324 ι

1563 325 1612 356 Α3
1632 328 1662 357 ot
1682 325 1756 366 quid
1773 324 1905 358 Ordines
1926 330 1957 362 in
2000 326 2003 357 1

1098 446 1149 479 sed
1167 448 1301 479 nondum
1313 470 1322 484 ‚
1347 457 1381 478 ut
1399 447 1479 489 saepe
1496 449 1624 487 monui,
1647 448 1685 479 ab
1704 448 1872 480 Ordinibus
1887 458 1957 490 pro·
1993 444 2003 451 Μ

1100 489 1221 525 batam,
1242 489 1270 518 ei
1292 488 1421 520 inseruit

1100 529 1157 559 dos
1172 528 1295 568 quidem
1310 529 1371 560 ess'e
1388 530 1571 562 Rationales
1585 553 1594 568 ‚
1617 530 1668 561 sed
1691 529 1807 561 secreta
1829 532 1960 571 partium

1102 569 1306 600 instrumenta
1329 571 1367 601 iis
1386 580 1449 602 non
1465 571 1527 603 esse
1551 571 1764 616 praelegenda,
1787 570 1838 602 sed
1859 571 1880 604 fi
1896 582 1960 608 non
1996 592 1999 609 :

1101 610 1308 655 praeleganltur
1331 610 1385 642 nisi
1409 611 1635 651 instrumenta,
1657 622 1726 653 quae
1754 620 1836 643 inter
1859 612 1960 649 Partes

1101 651 1325 682 commumcari
1351 651 1454 683 solent
1483 654 1512 684 δι
1544 654 1659 685 debent
1675 676 1684 692 ,
1716 653 1791 693 quid
1816 653 1960 688 Rationaa

1101 693 1176 723 lium
1193 691 1356 732 praesentia
1371 692 1496 724 efficere
1514 694 1625 736 poffit,
1647 704 1711 726 non
1735 692 1820 732 sum,
1845 695 1896 736 qui
1915 697 1959 729 vi-

1445 489 1543 530 (26),
1567 488 1766 521 advocandos
1785 489 1815 520 ἃ
1838 491 1959 524 audien·
1996 490 1997 493 ’

1993 535 1998 554 i

1996 630 1999 645 i
2004 634 2005 643 l

1101 733 1199 764 deam.
1245 732 1350 764 Probo
1374 734 1489 775 igitur,
1519 736 1603 776 quod
1623 735 1720 767 Curia
1751 735 1782 766 in
1805 735 1960 778 Epistula,
2006 728 2007 760 l

1102 784 1161 815 qua
1179 783 1294 805 novam
1311 774 1395 805 illam
1416 774 1560 807 Formam
1575 777 1612 807 ad
1631 776 1765 808 Ordines
1785 775 1962 812 Hollandiae

1103 814 1271 846 transmisit
1296 819 1345 849 28.
1368 816 1463 847 Mart.
1492 820 1579 858 1670.
1610 816 1831 856 consuluerit,
1863 819 1964 852 delen·
2006 822 2008 831 ⁴

1102 857 1172 902 dam
1189 855 1299 901 potius,
1318 855 1379 887 0110
1401 856 1571 889 clausulam
1594 858 1632 890 de
1655 858 1842 891 advocandis
1862 859 1892 891 ὅτ.
1913 867 1963 892 aus

1104 898 1224 943 diendis
1255 905 1340 942 prius
1362 897 1578 931 Rationalibus
1597 923 1607 938 ,
1645 909 1710 939 quo
1732 899 1773 932 sic
1803 908 1843 931 ex
1875 910 1964 943 aequo

1105 939 1250 985 omnibus
1265 947 1314 977 jus
1330 938 1460 972 dicatur.
1506 940 1621 973 Durius
1646 941 1716 972 sane
1731 940 1795 979 est,
1820 951 1909 982 quam
1931 951 1966 976 ut

1104 979 1308 1025 ferrrpoffit,
1332 980 1416 1020 quod
1432 982 1476 1013 ait
1495 981 1523 1023 ἓ.
1546 992 1614 1013 101.
1639 981 1744 1014 Form.
1768 982 1872 1015 Sonat.
1895 983 1965 1016 Bra-

1105 1021 1224 1068 bantini
1248 1030 1294 1062 13.
1321 1021 1395 1062 Apr.
1426 1026 1515 1063 1604.
1537 1023 1629 1066 (27).
1675 1023 1856 1055 Rationales
1876 1025 1968 1058 etiam

1106 1060 1244 1108 inhcausa
1267 1063 1415 1108 Domanii
1434 1073 1506 1095 cum
1529 1064 1730 1096 Senatoribus
1743 1064 1889 1104 judicare.
1911 1065 1970 1098 Sed

1106 1103 1179 1148 quid
1196 1113 1336 1141 mireris,
1352 1103 1373 1135 {i
1392 1105 1441 1135 vel
1457 1105 1514 1136 soli
1534 1105 1714 1137 Rationales
1730 1106 1769 1136 de
1783 1106 1871 1137 causa
1887 1106 1968 1140 Fisci

1105 1145 1244 1185 judicent
1268 1154 1307 1175 ex
1328 1145 1346 1175 l.
1370 1153 1399 1183 5.
1427 1146 1457 1176 C.
1476 1147 1525 1176 ubl
1548 1147 1623 1186 0014!ss
1646 1147 1750 1186 Fil'cal.
1775 1148 1853 1188 ag?
1876 1147 1970 1180 Cete-

1107 1195 1173 1217 rum
1193 1187 1272 1225 apud
1291 1185 1417 1230 Curiam
1437 1187 1554 1225 31111110,
1579 1188 1608 1219 ni
1629 1187 1742 1226 fallor,
1768 1188 1892 1220 obtinet
1915 1189 1971 1221 ille

1107 1236 1192 1298 11103,
1217 1235 1310 1266 quem
1331 1225 1425 1258 Curia
1447 1227 1591 1266 Formae,
1613 1228 1666 1261 fibi
1691 1228 1898 1270 praescriptae,
1926 1231 1970 1263 in-

1123 1275 1217 1297 eruit.

1152 1307 1221 1346 An,
1245 1316 1280 1339 ut
1299 1310 1380 1350 apud
1407 1318 1568 1351 utramque
1595 1311 1721 1343 Curiam
1745 1312 1829 1344 rene
1853 1313 1972 1353 agimus

1110 1349 1148 1395 ad
1172 1349 1398 1383 defendendam
1424 1352 1453 1383 ὅζ
1475 1353 1715 1392 recuperandam
1733 1346 1970 1395 possessionem,

1110 1399 1154 1436 ita
1172 1400 1296 1431 quoque
1315 1391 1520 1433 adipiscendae
1536 1392 1727 1433 poss'effionis
1741 1394 1891 1434 judicium
1917 1395 1974 1428 sta-

1111 1433 1230 1477 trinhad
1254 1433 1435 1465 alterutram
1461 1433 1587 1465 Curiam
1610 1434 1722 1466 deferri
1745 1435 1836 1475 poffit
1853 1460 1864 1474 ‚
1895 1437 1974 1470 olim

1110 1473 1288 1519 dubitatum
1311 1473 1392 1513 fuit,
1419 1476 1448 1507 &
1475 1475 1607 1507 relatum
1625 1475 1724 1517 (28),
1746 1476 1871 1509 Curiam
1892 1477 1974 1511 Hol-

1110 1514 1222 1560 landiae
1246 1524 1328 1547 anno
1349 1521 1438 1556 1585.
1465 1517 1494 1548 δε
1519 1516 1599 1557 saepe
1624 1517 1698 1548 alias
1720 1518 1885 1558 judicasse,
1909 1529 1973 1553 non

1111 1555 1208 1596 posse.
1252 1555 1349 1600 Quod
1382 1560 1501 1589 diceres
1536 1556 1726 1590 adversar-ier
1751 1558 1779 1600 §.
1806 1564 1836 1594 8.
1867 1559 1972 1594 Form.

1113 1596 1188 1643 Cur.
1212 1597 1303 1630 Holl.
1328 1608 1397 1630 nam
1413 1598 1575 1639 postquam
1593 1598 1635 1629 ibi
1659 1599 1761 1632 aetum
1779 1599 1855 1632 esset
1874 1601 1912 1633 de
1926 1602 1973 1642 iu-

1112 1639 1197 1685 111010
1215 1640 1348 1671 turbatae
1361 1640 1567 1681 poffesfionis,
1592 1641 1624 1670 in
1638 1650 1686 1671 cas
1698 1651 1758 1672 van
1774 1643 1975 1686 nieuwigheid

1113 1681 1140 1725 ο]
1161 1682 1345 1722 ongelmcyk,
1368 1680 1530 1721 subjicitur
1553 1690 1638 1713 nova
1664 1681 1801 1722 sanCtio,
1826 1693 1886 1724 qua
1911 1683 1974 1716 Cu-

1113 1731 1166 1767 riae
1192 1722 1339 1754 tribuitur
1354 1722 1524 1762 jurisdifflo
1547 1732 1608 1753 van
1619 1722 1734 1762 sakm,
1758 1725 1889 1756 roerende
1908 1731 1974 1766 pos-

1105 1761 1186 1804 Jeffie
1205 1773 1265 1794 van
1281 1763 1455 1803 beneficien,
1479 1764 1579 1795 leenen
1597 1764 1631 1804 of
1646 1767 1734 1796 'arven
1747 1787 1758 1802 ,
1778 1765 1862 1804 quod
1887 1774 1975 1808 puta-

1113 1814 1160 1835 res
1181 1804 1243 1835 0110
1262 1805 1433 1836 remedium
1451 1806 1645 1846 acquirendae
1670 1805 1875 1846 poffeffionis,
1903 1808 1977 1848 quia

1114 1846 1236 1877 tuendae
1270 1847 1299 1878 ὅτ.
1329 1847 1544 1888 recuperandae
1578 1845 1768 1887 poffeffionis
1803 1847 1975 1880 remedium

1113 1886 1317 1928 praecesserat.
1352 1885 1484 1919 Diceres
1500 1896 1625 1929 quoque
1642 1897 1709 1920 eam
1725 1887 1906 1920 sententiam
1925 1889 1976 1921 ad·

1115 1927 1227 1960 versari
1252 1927 1281 1969 §.
1305 1938 1351 1965 19·
1377 1928 1486 1960 For-m.
1510 1929 1611 1960 senat.
1636 1929 1725 1970 Supr.
1749 1930 1800 1971 qui
1821 1929 1880 1968 ait,
1903 1939 1976 1963 eum

1114 1969 1262 2015 Senatum
1278 1970 1360 2001 reete
1375 1969 1567 2011 cognoscere
1585 1970 1623 2000 de
1635 1972 1710 2001 omni
1726 1969 1813 2002 causa
1829 1969 1976 2012 possesso-

1114 2020 1166 2043 ria.
1199 2010 1331 2042 Diceres
1346 2011 1440 2042 etiam
1459 2010 1545 2042 usum
1562 2010 1768 2050 adversarier,
1791 2021 1862 2043 cum
1880 2012 1976 2044 variae

1116 2050 1236 2083 exstent
1260 2061 1327 2090 res,
1351 2052 1389 2082 ab
1406 2059 1533 2092 utraque
1556 2051 1653 2082 Curia
1676 2052 1840 2092 judicatae,
1862 2053 1978 2092 quibus

1116 2092 1251 2124 haeredes
1275 2093 1306 2124 in
1326 2092 1542 2133 poss'effionem
1565 2093 1616 2123 vel
1646 2093 1743 2124 totius
1767 2093 1978 2133 haereditatis,

1116 2134 1167 2165 vel
1182 2135 1213 2165 in
1232 2141 1352 2174 partem
1369 2134 1435 2173 ejus
1459 2133 1579 2164 immissi
1608 2132 1677 2164 sunt
1698 2143 1735 2166 ex
1761 2134 1781 2165 l.
1806 2135 1860 2166 ult.
1888 2134 1920 2166 C.
1942 2136 1977 2167 de

1118 2174 1221 2206 Edicto
1239 2174 1282 2206 D.
1300 2174 1398 2206 Hadr.
1418 2174 1479 2206 coll.
1504 2173 1555 2206 Dc
1571 2183 1635 2205 tota
1657 2174 1839 2207 haereditate
1854 2175 1978 2208 exstant

1116 2217 1260 2256 exempla
1290 2216 1369 2256 apud
1389 2215 1494 2247 Coren
1522 2215 1642 2255 Obfizrv.
1668 2215 1712 2247 X.
1737 2215 1772 2250 ὅ*
1797 2215 1974 2249 XXXVII.

1118 2258 1148 2289 &
1162 2258 1200 2288 de
1217 2263 1304 2298 parte
1318 2254 1507 2288 haereditatss
1530 2255 1633 2294 Consil.
1658 2256 1702 2287 H.
1731 2256 1764 2288 T.
1788 2256 1829 2289 V.
1858 2262 1926 2292 181.
1948 2267 1977 2300 q.

1117 2310 1146 2339 4.
1172 2299 1201 2330 ὁ(
1216 2307 1283 2330 1303
1302 2298 1453 2329 memoria
1473 2297 1630 2339 saepiffime
1659 2298 1704 2329 ita
1719 2308 1844 2339 quoque
1865 2299 1979 2339 11111103-

1117 2340 1166 2372 vit
1180 2340 1311 2371 Senatus
1331 2339 1508 2379 Supremus.

1162 2380 1321 2412 Caeterurn
1345 2388 1448 2412 tamen
1467 2379 1511 2412 est
1537 2381 1591 2412 illa
1615 2380 1766 2413 sententia
1789 2381 1860 2413 anni
1887 2385 1977 2422 ¹585.

1120 2431 1189 2463 quae
1207 2431 1348 2463 magnam
1363 2422 1516 2454 rationem
1540 2422 1644 2454 habet.
1676 2422 1711 2454 In
1733 2422 1858 2468 antiqua
1875 2421 1978 2453 Curiae

1120 2463 1210 2495 Holl.
1235 2463 1348 2495 Forma
1370 2467 1459 2503 1462.
1483 2462 1511 2510 ᾗ.
1534 2473 1586 2504 94.
1609 2472 1672 2495 non
1696 2463 1786 2494 datur
1821 2461 1979 2494 urisdifflo

1122 2505 1226 2537 Curiae
1246 2503 1426 2536 Hollandiae
1446 2504 1501 2537 nin
1515 2505 1554 2535 de
1572 2504 1694 2535 turbata
1712 2502 1797 2544 poss'e
1822 2511 1980 2541 ione‚nec

1121 2546 1211 2578 aliter
1233 2544 1387 2578 Praefceto
1411 2544 1488 2577 Urbi
1512 2546 1543 2577 in
1566 2546 1585 2576 l.
1615 2554 1641 2576 1.
1665 2544 1694 2585 §.
1717 2548 1747 2575 6.
1767 2543 1806 2585 ff.
1830 2545 1864 2575 cie
1891 2542 1978 2585 Offic.

1121 2587 1214 2627 Praef.
1235 2587 1309 2629 Urb.
1354 2585 1505 2617 Turbatae
1521 2586 1615 2617 etiam
1628 2584 1819 2625 possessionis
1838 2585 1983 2617 meminit

1122 2628 1151 2670 §.
1183 2633 1213 2663 8.
1244 2628 1348 2659 Form.
1378 2626 1452 2658 Cur.
1484 2626 1574 2658 Holl.
1608 2634 1699 2667 1531.
1729 2626 1837 2658 multis
1857 2626 1982 2667 quidem

1121 2669 1189 2701 aliis
1208 2669 1376 2708 interjectis
1393 2668 1423 2699 in
1439 2668 1466 2698 d.
1491 2667 1518 2707 §.
1537 2671 1566 2701 8.
1590 2666 1705 2707 31110613
1722 2666 1768 2699 est
1783 2668 1843 2699 alia
1857 2676 1984 2708 quoque

1122 2710 1328 2748 constitutio,
1354 2708 1403 2740 sed
1421 2717 1488 2748 quae
1504 2708 1688 2739 nominatim
1709 2708 1788 2741 nihil
1811 2709 1982 2750 exprimit,

1122 2753 1152 2784 ὅ(
1172 2751 1302 2792 plurima
1319 2751 1350 2781 in
1367 2749 1425 2781 illo
1444 2747 1472 2789 §.
1487 2753 1517 2783 8.
1542 2749 1648 2789 inepte
1666 2748 1779 2791 scripta
1804 2750 1834 2783 &
1855 2748 1983 2781 absurde

1121 2792 1253 2832 repetita
1269 2790 1349 2822 sunt.
1394 2789 1475 2821 Illud
1501 2798 1605 2821 autem
1629 2792 1661 2820 in
1680 2792 1737 2822 alle
1763 2792 1902 2822 materien
1917 2797 1981 2831 pos-

219 2850 325 2872 menta
344 2839 562 2872 Rationalibus
585 2839 723 2872 exhiberi
738 2860 747 2876 ,
772 2838 855 2878 quod
882 2845 983 2868 tamen
1013 2837 1079 2875 illi,
1113 2833 1229 2875 fiffoir,
1249 2830 1496 2878 'quod-occurrit
1513 2831 1542 2861 5¹¹
1556 2830 1583 2872 ἓ·
1606 2840 1651 2867 19·
1677 2832 1782 2865 Form.
1799 2832 1869 2864 Scn.
1890 2832 1981 2872 Supr.

219 2892 297 2923 quos
313 2882 400 2921 dixi,
424 2880 472 2923 §§.
496 2890 559 2913 non
582 2881 687 2922 aJunt,
710 2888 770 2911 nec
792 2887 934 2920 aequum,
955 2886 1012 2909 nec
1035 2878 1078 2917 ju-
1121 2874 1255 2915 intelligi
1275 2871 1398 2913 posset,
1421 2880 1492 2903 eum
1511 2872 1659 2904 Senatum
1678 2883 1742 2906 non
1757 2873 1852 2906 modo
1874 2872 1981 2914 cogni-

260 3014 338 3050 (19)
360 3014 438 3043 Plac.
460 3015 509 3043 111.
533 3020 576 3042 11.
600 3022 625 3048 7.

256 3054 336 3090 (20)
358 3053 469 3081 Furmut.
494 3052 524 3081 T.
542 3054 579 3081 11.
599 3053 628 3080 C.
652 3055 696 3081 26.
717 3060 745 3088 p.
765 3052 828 3086 398.

260 3092 271 3125 (
283 3100 313 3120 21
327 3093 340 3128 )
360 3089 531 3127 Hanciveflen
545 3100 599 3119 van
612 3091 642 3119 de
656 3091 762 3118 Graven
775 3098 828 3118 van
841 3087 958 3116 Hollaml
972 3097 999 3116 n.
1020 3090 1047 3116 6.

258 3130 336 3166 (22)
357 3130 432 3158 Plac.
453 3131 488 3158 11.
510 3129 627 3165 Append.
651 3138 677 3165 p.
701 3131 785 3161 2646.

257 3164 337 3204 (23)
357 3168 470 3196 Merula
490 3167 575 3196 Prax.
605 3167 639 3195 L.
661 3168 711 3196 lV.
742 3165 772 3193 T.
796 3173 821 3193 2.
850 3164 879 3192 C.
901 3173 928 3192 2.
958 3173 983 3192 n.
1006 3172 1033 3198 4.
1053 3162 1078 3191 ὅ(

219 3207 433 3241 Groenewcgcn
447 3207 476 3235 de
491 3206 553 3236 LL.
571 3207 673 3243 Abrog.
693 3205 727 3234 ad
745 3205 763 3234 l.
783 3211 806 3240 7.
822 3202 860 3241 ff.
883 3202 912 3231 de
922 3202 997 3241 Jure
1011 3201 1075 3239 Fisc.

1934 2921 1980 2945 tu·

1161 3004 1242 3043 (24)
1265 3004 1338 3033 Plac.
1358 3005 1394 3032 II.
1419 3013 1442 3039 5.
1464 3009 1481 3034 6
1516 3014 1560 3040 59.

1161 3046 1240 3081 (25)
1261 3043 1422 3071 Fornml.11.
1445 3043 1474 3072 C.
1491 3052 1514 3071 1.
1537 3053 1564 3080 p.
1586 3051 1630 3078 33.
1654 3041 1691 3077 ὅ)
1711 3050 1757 3079 34.

1164 3083 1243 3119 (26)
1264 3080 1533 3117 Concept-Infiruffie
1553 3091 1580 3119 p.
1603 3085 1630 3111 6.

1162 3123 1242 3157 (27)
1267 3120 1341 3148 Μαι.
1358 3120 1394 3147 ss.
1418 3127 1442 3154 5.
1465 3128 1491 3148 2.
1513 3128 1538 3156 5.
1562 3129 1587 3149 1.

1160 3159 1240 3197 (28)
1258 3157 1394 3189 Neostad.
1416 3157 1505 3197 Decis.
1527 3158 1589 3188 Cur.
1610 3157 1685 3188 Han.
1704 3156 1768 3186 LV.
