2008 3436
168 120 213 154 34
456 111 1015 148 CORNELIIVAN

162 190 239 221 riam
268 188 481 230 Antagonistae
501 190 639 223 referens
656 215 666 230 ‚
705 191 860 223 existimat
877 214 887 229 ,
919 190 1026 223 succu-

163 231 263 262 buiss'e
279 231 431 271 Paulum,
454 240 567 274 utpote
584 233 755 274 Papiniano
772 233 945 264 adversum.
970 233 1032 263 Ve-

162 281 234 303 rum
258 273 338 304 hanc
362 273 428 312 ejus
456 275 610 306 rationem
642 275 766 306 unicam
782 274 1031 315 improbavimus

164 313 197 344 in
216 319 254 350 τῷ
271 321 302 344 ut
319 314 369 345 ille
389 317 524 354 putabat.
570 315 625 347 Est
653 324 779 354 autem,
803 315 887 356 quod
905 315 944 346 de
961 314 1030 346 solo

163 355 274 397 Viglio
298 357 479 387 notavimus
498 380 508 395 ,
543 357 645 388 minus
666 367 796 394 verum,
821 357 842 388 11
860 357 890 387 ἁ
910 356 1029 387 Donel-

164 396 213 428 lus
230 405 391 435 autumet,
415 397 530 437 JCtum
545 397 684 429 nostrum
710 399 844 439 ingenue
859 397 950 428 fateri
976 397 1032 437 (uc

164 439 260 469 etiam
287 438 362 470 alias
387 437 482 469 fall'us
503 438 549 470 est
574 440 605 470 in
637 439 658 470 l.
682 443 732 479 78.
769 439 797 479 ᾗ.
821 442 851 469 6.
871 438 910 479 ff.
937 439 970 468 cle
994 438 1032 469 le-

162 486 228 522 gat.
258 480 310 522 3.)
342 487 499 520 receptam
525 479 586 510 effe
610 480 799 511 contrariam
825 479 878 511 fibi
912 477 1031 510 senten-

164 522 250 553 tiam.
296 520 346 552 De
358 520 500 551 Donello
516 521 578 552 hoc
598 521 692 551 tradit
710 519 878 551 Goeddeus
896 521 928 550 cle
938 525 1028 551 contr.

166 562 203 597 ὃ)
223 564 349 593 commit.
374 560 478 602 stipat.
517 562 549 593 C.
573 561 658 594 VIII.
683 572 714 593 n.
738 565 788 601 64.
835 561 894 593 Sed
912 562 979 600 ejus
997 561 1030 592 fi-

164 604 204 635 de
230 603 290 635 esse
314 603 428 643 jubeo,
461 602 533 642 quia
564 603 615 633 vel
633 611 736 634 totum
755 602 928 633 Donellum
954 602 1031 632 mibi

165 645 203 677 ad
225 646 253 677 h.
268 646 287 676 l.
314 644 495 675 revolventi
514 643 577 674 tale
593 644 667 684 quid
682 653 747 675 non
773 644 935 682 occurrit,
956 652 1030 674 con-

165 688 294 718 trarium
313 694 390 715 vero
409 684 528 724 saepius.

209 727 324 764 Nunc,
349 725 425 766 quid
443 725 480 757 lit
500 725 556 766 ipst>
569 727 636 768 jure
655 725 759 758 usuras
774 736 837 757 non
858 725 1029 765 committi,

165 769 327 800 videamus
345 790 354 805 ,
389 773 424 797 ut
447 766 687 799 difficultatibus
714 768 785 799 inde
810 767 951 799 oriundis
978 767 1032 798 fiat

164 808 247 841 satis.
294 808 445 846 Paulum,
471 807 548 839 licet
565 809 623 840 hac
640 816 727 850 pai-te
747 809 803 840 vix
825 808 1031 849 lutei-precem

164 851 317 892 repererit
332 874 342 889 ,
365 859 429 881 non
445 847 580 880 deseruit
597 857 699 882 tamen
718 849 828 882 Gioffa
846 873 856 888 ,
880 849 953 880 dum
977 850 1033 890 ipso

161 893 228 935 jzire
258 892 480 932 interpretatur
498 890 568 931 scil.
596 893 773 932 exceptionis
800 892 847 923 vel
877 892 1032 932 aequitatis.

164 933 225 966 Sed
242 932 434 974 praestitiss'et
452 931 566 970 otiari,
591 943 682 974 quarn
708 933 786 964 nihil
804 942 905 973 agere.
945 932 1031 976 Quid

164 975 187 1008 fi
211 974 351 1006 dicamus
366 997 376 1013 ,
410 974 440 1002 τὸ
463 972 521 1014 1ρ]ὸ
544 975 612 1016 jure
635 974 706 1005 heic
729 983 793 1005 non
810 973 930 1014 opponi
946 975 1031 1004 iacto

164 1015 384 1057 exceptionis,
408 1014 669 1056 quemadmodum
694 1014 775 1056 saepe
802 1015 1032 1055 &plerumque

164 1058 260 1096 alias,
292 1066 403 1088 verum
426 1055 508 1087 idem
532 1055 612 1095 esse,
643 1066 679 1087 ae
708 1056 785 1097 Jure
815 1055 928 1093 Civili,
953 1055 1030 1096 chre

166 1099 328 1130 communi:
349 1107 403 1137 ut,
427 1106 500 1128 cuin
518 1097 593 1138 quid
602 1097 675 1138 Jure
689 1097 849 1128 communi
869 1096 940 1128 satis
958 1106 1031 1127 cau-

165 1148 233 1172 tum
251 1139 289 1172 fit
304 1163 315 1179 ,
339 1139 419 1171 illud
436 1137 494 1178 ipso
507 1139 574 1180 jure
592 1139 635 1170 ita
652 1138 714 1170 effe
729 1139 873 1170 dicimus.
920 1136 1034 1179 Neque

164 1182 257 1213 aliter
272 1190 331 1222 pro
349 1180 427 1221 Jure
457 1179 550 1210 Civili
576 1180 717 1211 occurrit
733 1180 790 1220 ipſs>
803 1181 871 1222 jzire
889 1179 919 1210 in
935 1179 962 1218 §.
985 1188 1031 1210 10.

166 1221 242 1263 Iitft.
275 1223 310 1253 de
339 1222 444 1253 aetion.
477 1221 630 1261 particula
660 1220 716 1261 ipso
739 1231 802 1252 non
821 1220 883 1252 fine
903 1220 1032 1260 quadam

164 1267 277 1302 ὑπιροχνῖ
296 1271 425 1304 accepta
447 1271 511 1303 arg.
534 1262 562 1303 ᾗ.
590 1273 617 1293 2.
643 1260 715 1302 Iint.
741 1263 773 1293 de
797 1261 834 1303 J.
859 1261 904 1292 N.
932 1262 971 1293 G.
997 1260 1033 1295 ὅ*

166 1306 201 1338 C.
226 1305 272 1337 uti
290 1303 541 1346 Pythagoristam
562 1304 645 1337 Αῠιες
663 1308 724 1337 ἔφα,
771 1303 875 1343 Atque
900 1311 939 1332 eo
969 1301 1032 1333 sen-

164 1346 200 1379 su
228 1345 368 1378 Paulus:
402 1345 544 1386 quamvis
566 1344 669 1384 patrio
692 1343 878 1384 subsequuta
909 1351 1032 1374 tantum

163 1394 288 1430 pareret
305 1386 526 1427 exceptionem
549 1384 642 1417 sortis
658 1385 806 1426 petitioni
822 1383 1011 1415 obstaturam
1021 1408 1032 1424 ,

165 1437 269 1462 tamen
294 1429 366 1469 Jure
381 1427 501 1466 Civili,
524 1426 597 1467 Jure
620 1426 780 1458 communi
798 1434 861 1457 non
885 1425 1030 1457 commit-

164 1478 284 1503 teretur
300 1467 460 1503 usurarum
481 1467 573 1500 sortis
591 1467 746 1499 universae
773 1467 951 1508 obligatio„
974 1476 1034 1498 non

163 1512 289 1544 enimin
308 1520 385 1541 mora
405 1507 445 1550 eft
463 1511 488 1540 is
500 1533 509 1548 ,
535 1510 565 1541 ἀ
585 1509 712 1550 reliqua.
770 1508 863 1540 Unde
883 1508 940 1539 hac
959 1511 991 1536 τε
1008 1509 1032 1539 i-

161 1553 210 1595 pso
230 1553 296 1595 jure
318 1551 517 1592 expolitione
538 1550 653 1582 cuneta
681 1549 768 1582 vides
782 1548 951 1581 'hebescere
970 1549 1032 1581 tela

165 1594 316 1627 minantia
335 1593 416 1625 telis.
931 1597 932 1600 ’

208 1635 327 1667 Verum
351 1635 435 1667 enim
462 1639 566 1674 vero,
601 1639 638 1665 ut
662 1633 842 1675 exemplum
865 1632 972 1675 Pauli,
998 1633 1030 1665 in

165 1686 230 1718 quo
252 1676 411 1709 versamur
429 1700 439 1715 ,
471 1675 588 1714 secuti,
608 1674 780 1713 vliberalius
797 1684 942 1715 agamus,
967 1675 1030 1716 pla-

166 1725 239 1750 ceat
252 1718 377 1759 largiri,
401 1717 496 1749 verba
505 1718 562 1759 2¹pr
584 1717 643 1748 ''m-e
662 1715 884 1758 significantius
901 1715 963 1748 ess'e
981 1726 1030 1747 ae-

165 1759 310 1801 cipienda
333 1768 392 1800 pro
414 1768 475 1798 eo,
501 1769 564 1800 quo
609 1757 695 1789 fatto
714 1757 913 1798 exceptionis
931 1767 1031 1799 oppo-

165 1801 252 1833 nitur
269 1823 279 1840 ,
311 1800 341 1832 ἀ
370 1809 472 1832 tamen
497 1810 570 1832 vera
600 1799 661 1831 erit
683 1823 692 1838 ,
723 1799 798 1831 licet
817 1798 1006 1840 profundior
1021 1821 1032 1837 ‚

165 1842 313 1874 Anam-is
328 1841 425 1873 nosti-i
441 1842 660 1879 ratiocinati03
677 1840 761 1882 quod
769 1849 900 1880 nempe,
913 1841 1032 1873 etiamsi

165 1882 258 1916 sortis
275 1883 404 1923 iutegrae
426 1883 550 1915 exactio
573 1881 771 1914 solummodo
789 1882 981 1923 exceptione
996 1881 1030 1914 fi-

164 1923 263 1956 statur
280 1947 291 1963 ,
322 1925 528 1956 nihilominus
557 1925 623 1964 ejus
646 1922 752 1955 foenus
774 1922 843 1963 ipso
875 1924 943 1963 J'ure
964 1932 1029 1955 non

164 1965 396 1998 committatur.
451 1965 601 1997 Probabit
630 1964 691 1996 hoc
709 1963 845 2005 subjecta
862 1967 1029 1998 mummia:

168 2007 242 2039 Non
268 2008 347 2037 enim
369 2008 402 2038 in
429 2017 507 2038 mora
530 2005 571 2047 est
596 2007 642 2043 is,
666 2016 684 2037 ιι
721 2016 754 2037 zio
766 2007 894 2046 pecunia
911 2011 1031 2047 propter

167 2049 363 2088 exceptionem
383 2050 449 2088 peti
473 2058 530 2079 non
547 2046 651 2089 potest.
694 2015 791 2078 sslena
817 2047 1032 2088 jurispruden—

167 2089 222 2121 tiae
236 2089 337 2120 ratio!
358 2098 450 2128 quam
467 2089 645 2130 priusquam
673 2089 885 2129 applicemus,
910 2088 949 2119 de
966 2088 1031 2130 ejus

166 2129 302 2161 veritate
317 2129 377 2161 des
394 2130 550 2162 iciendum
568 2129 624 2161 est.
668 2129 750 2162 Haec
773 2136 878 2160 autem
896 2129 926 2161 &
943 2137 1032 2160 natu-

166 2181 209 2211 ra¹
225 2170 271 2202 sui
302 2169 333 2202 se
373 2172 432 2203 atis
455 2170 632 2203 manifestat
649 2194 659 2210 ,
694 2172 724 2203 ἃ
751 2171 783 2202 111
798 2170 870 2210 Jure
883 2170 1034 2201 elucescit

166 2212 291 2254 paffim:
326 2212 472 2244 Scaevola
506 2213 551 2244 ait
575 2212 608 2244 in
635 2213 655 2244 l.
692 2221 760 2252 127.
787 2212 829 2252 ff.
858 2213 891 2242 de
922 2212 964 2243 V.
992 2211 1033 2242 O.

169 2253 268 2285 Nulla
291 2254 474 2295 intelligitur
498 2264 576 2285 mora
590 2255 631 2285 ibi
640 2252 731 2294 fieri,
755 2253 904 2284 ubimulta
928 2254 1033 2294 petitio

167 2293 235 2336 eJt3
258 2294 342 2335 quod
370 2304 411 2326 ex
438 2305 479 2326 eo
508 2295 655 2335 deinceps
680 2295 762 2327 inter
778 2295 933 2335 generalia
949 2294 1030 2334 Juris

167 2335 329 2368 benedicta
346 2336 480 2367 relatum
491 2335 542 2368 est
559 2336 590 2368 in
614 2337 634 2368 l.
661 2341 711 2371 88.
730 2336 772 2377 ff.
796 2338 829 2367 cle
852 2335 893 2366 R.
919 2335 956 2376 J.
997 2335 1030 2367 Si

167 2378 275 2415 dicas,
298 2377 351 2408 hic
370 2376 491 2409 summo
509 2377 577 2417 jure
592 2378 707 2419 petitio
722 2377 784 2415 est,
810 2377 880 2418 quia
899 2377 948 2416 jus
966 2386 1031 2407 cre-

166 2418 282 2450 ditoris
306 2418 431 2459 penitus
455 2417 612 2451 sublatum
639 2428 704 2451 non
729 2418 791 2450 effe
818 2417 1032 2456 defendimus,

167 2458 369 2500 respondebit
388 2460 516 2501 vulgata
536 2460 617 2500 Juris
642 2460 760 2501 antiqui
781 2459 887 2501 regula
903 2459 1031 2491 centesi-

168 2510 218 2532 ma
233 2500 432 2532 duodecima:
458 2501 550 2533 Nihil
567 2500 686 2541 interest
707 2501 764 2541 ipso
789 2501 856 2542 jure
882 2502 947 2542 quis
969 2501 1028 2532 &e

167 2541 260 2573 Unde
290 2541 427 2582 apprime
453 2542 484 2573 in
507 2552 571 2573 rem
595 2541 778 2583 praesentem
806 2542 977 2582 Ulpianus,
1006 2542 1030 2573 i-

166 2581 220 2623 pse
243 2581 370 2614 fortean
388 2582 475 2613 Pauli
502 2584 632 2615 aemulus
655 2608 664 2621 ,
707 2583 738 2614 in
763 2584 783 2614 l.
810 2593 860 2614 21.
879 2583 920 2624 ff.
943 2585 976 2614 cle
999 2593 1030 2614 u-

160 2623 226 2665 sur.
272 2622 392 2654 Moram
400 2623 519 2663 faciam
536 2634 593 2654 non
608 2625 705 2655 videri
716 2648 725 2662 ,
743 2623 772 2662 fi
785 2627 913 2664 exceptio
929 2625 1030 2665 aliqua

169 2665 324 2707 allegetur.
373 2664 475 2705 Igitur
489 2687 500 2704 ,
524 2664 576 2696 ubi
596 2675 668 2697 cum
683 2664 797 2696 effectu
814 2665 900 2696 nulla
916 2665 960 2697 est
976 2674 1029 2705 pe-

754 2770 1025 2805 CAPU

1065 113 1152 148 ΒΥ

1176 113 1662 153 NKERSIIOEK

1072 191 1168 231 titio,
1192 193 1307 225 ibidem
1323 204 1381 226 nec
1399 205 1487 228 mora
1503 196 1567 229 fieri
1588 197 1796 238 intelligitur:
1823 198 1852 231 in
1864 209 1932 241 pro·
1974 206 1978 210 ’
2007 211 2008 219 ’

1075 234 1177 275 posito
1199 236 1364 276 petitionis
1387 236 1515 269 effectus
1547 237 1661 270 sistitur
1683 240 1825 279 oppolita
1847 250 1934 275 exce-

1075 276 1186 322 ptione
1202 299 1213 315 ,
1238 275 1266 315 fi
1295 287 1352 308 non
1376 278 1551 319 conveniffet
1572 280 1606 310 de
1621 279 1701 319 sorte
1720 289 1774 320 per
1791 281 1935 321 pensiones

1073 317 1266 388 ςκχοῖἷςηζία,
1289 318 1326 353 &³
1342 321 1430 359 proin
1453 331 1529 351 mora
1542 343 1553 358 ,
1584 320 1710 361 respectu
1732 323 1820 353 totius
1833 323 1935 366 fitiffet

1074 365 1148 398 zmpe
1159 365 1222 389 itta.
1901 369 1917 377 “

1118 398 1282 445 Com-tabit
1311 400 1371 439 jam
1393 424 1402 440 ,
1432 410 1524 441 quam
1555 401 1661 435 secura
1691 403 1728 436 fit
1759 404 1833 444 JCti
1851 413 1936 449 argu·-

1074 448 1229 472 mentatio
1247 463 1258 479 ,
1288 451 1449 483 utcunque
1479 446 1507 473 w*
1537 444 1594 485 ipso
1619 445 1688 487 jure
1712 446 1934 487 interpreteris.

1075 482 1196 513 Sortem
1228 482 1290 513 effe
1318 483 1444 514 dilatam
1465 506 1475 522 ,
1501 486 1529 517 ἃ
1550 496 1590 517 eo
1612 487 1837 527 exceptionem
1857 489 1938 530 pacti

1074 523 1225 553 conventi
1264 523 1506 565 restringendam
1551 528 1667 559 volunt
1703 526 1937 564 Dill'entientes.

1074 564 1176 595 Bene:
1201 562 1251 610 sed
1274 565 1377 597 usuras
1398 566 1451 605 qui
1471 576 1558 608 petet
1581 569 1748 601 creditor?
1768 579 1808 602 ex
1827 580 1937 603 conce-

1074 614 1127 645 pta
1147 605 1185 635 de
1207 615 1245 651 iis
1267 605 1478 647 stipulatione.
1525 609 1583 641 Illa
1600 620 1699 649 vero,
1717 620 1813 652 quum
1832 611 1938 646 foenus

1073 655 1139 677 non
1168 655 1274 687 exigat
1296 647 1350 679 nisi
1374 653 1463 687 poenae
1484 653 1597 682 nomine
1620 652 1641 683 i.
1663 661 1691 683 e.
1712 652 1733 684 fi
1754 652 1784 684 in
1807 651 1938 686 solutio-

1073 696 1113 735 ne
1133 696 1235 718 moras
1257 689 1386 719 traxerit
1414 688 1555 730 debitor,
1589 692 1746 732 sequitur,
1766 695 1851 735 quod
1871 694 1940 737 ipso

1073 737 1141 768 jure
1161 750 1172 765 ,
1200 730 1283 769 quod
1314 731 1382 769 jure
1412 734 1573 765 communi
1603 742 1816 767 trecentorum
1840 735 1939 769 usurae

1074 770 1228 815 duntaxat
1252 770 1309 802 fint
1340 771 1530 811 pendendae,
1558 775 1810 815 quandoquidem
1831 776 1863 809 in
1883 777 1941 817 iis,

1075 820 1140 856 non
1161 820 1191 842 in
1215 810 1327 852 Capite
1348 811 1495 844 universo
1511 814 1637 857 singulis
1657 814 1728 847 Kal.
1749 827 1868 850 moram
1885 818 1939 851 fie-

1075 862 1101 882 ri
1124 851 1336 894 probavimus.

1119 893 1216 936 Quod
1236 893 1257 925 11
1280 894 1336 940 ipsso
1363 895 1430 936 jure
1453 897 1549 938 magis
1575 898 1702 939 proprie
1718 899 1872 940 accipias,
1896 907 1938 934 ta-

1075 944 1166 980 men,
1199 942 1234 966 ut
1260 935 1415 975 diximus,
1438 938 1521 968 recte
1544 938 1573 970 se
1594 939 1687 971 habet
1709 940 1798 972 Pauli
1819 940 1939 976 senten-

1076 983 1129 1007 tia.
1174 975 1403 1017 Pei-pendamus
1430 978 1576 1019 causam,
1604 990 1674 1022 quae
1703 981 1838 1021 sortem,
1859 983 1889 1015 &
1909 995 1938 1017 e-

1074 1027 1146 1055 ain,
1168 1026 1238 1058 quae
1261 1017 1364 1049 usuras
1387 1018 1519 1052 distulit.
1564 1022 1595 1054 Si
1620 1032 1679 1054 una
1702 1023 1872 1064 eademque
1891 1025 1938 1071 fit,

1074 1059 1157 1089 idem
1189 1068 1315 1104 quoque
1329 1059 1392 1104 ,jus
1423 1060 1494 1092 inde
1531 1063 1750 1103 proficiscatur
1785 1065 1943 1101 necessum

1076 1098 1141 1146 5³st?
1164 1099 1206 1146 1111
1230 1100 1380 1145 diverlae,
1407 1111 1469 1133 non
1491 1102 1537 1135 est
1559 1105 1644 1145 quod
1667 1107 1836 1144 miremur,
1858 1107 1942 1142 aliud

1075 1150 1152 1187 juris
1180 1150 1210 1172 in
1242 1142 1349 1180 lorte,
1371 1143 1456 1173 aliud
1478 1144 1509 1176 in
1533 1145 1633 1177 usuris
1656 1146 1726 1178 esse.
1771 1147 1874 1180 Sortis
1895 1149 1942 1182 so-

1076 1183 1240 1227 lutionem·
1262 1184 1438 1227 conventio
1469 1184 1573 1218 secuta
1601 1187 1740 1227 distulit,
1765 1187 1815 1220 sed
1837 1188 1940 1224 usura-

1075 1232 1145 1268 rum
1175 1231 1364 1263 petitionem
1395 1234 1458 1255 non
1479 1226 1614 1259 existens
1634 1227 1844 1269 stipulationis
1864 1241 1940 1266 coti-

1075 1263 1166 1294 ditio.
1213 1262 1307 1294 Nuda
1333 1267 1508 1298 conventio
1536 1278 1608 1299 cuin
1630 1271 1852 1311 exceptionem
1874 1281 1941 1307 tan-

1077 1313 1144 1336 tuin
1175 1305 1357 1350 producat,
1384 1315 1440 1346 per
1470 1307 1500 1339 se
1521 1309 1637 1349 claret,
1659 1310 1775 1342 sortem
1798 1315 1863 1345 non
1885 1315 1942 1348 nifi

1074 1355 1138 1392 ope
1158 1354 1358 1392 exceptionis
1380 1346 1440 1379 esse
1457 1348 1595 1382 dilatam.
1641 1351 1811 1392 Stipulatio
1831 1355 1942 1387 condi-

1074 1387 1205 1418 tionalis
1225 1387 1342 1433 pendet
1362 1388 1400 1419 ab
1420 1399 1536 1423 eventu
1549 1414 1560 1430 ,
1581 1392 1716 1434 ideoque
1738 1392 1759 1424 11
1781 1393 1889 1436 casus,
1908 1396 1943 1430 in

1076 1437 1169 1469 quern
1200 1427 1294 1459 dilata
1321 1437 1387 1461 erat
1417 1431 1573 1473 obligatio
1590 1456 1601 1472 ,
1632 1443 1697 1466 non
1721 1434 1853 1476 existat,
1875 1446 1942 1471 cer-

1077 1479 1146 1501 tum
1169 1469 1236 1516 est,
1257 1469 1341 1511 quod
1370 1481 1429 1503 nec
1452 1473 1520 1514 ipso
1542 1475 1610 1514 jure
1633 1476 1739 1507 eadem
1761 1478 1940 1512 committa-

1076 1519 1150 1557 tur,
1184 1521 1255 1552 quia
1271 1535 1281 1550 ,
1313 1513 1397 1558 quod
1426 1513 1457 1546 in
1478 1525 1545 1548 eain
1568 1516 1734 1549 deductum
1755 1517 1800 1550 est
1808 1542 1819 1558 ,
1839 1528 1940 1561 neque

1075 1552 1303 1593 cessit,·neque
1324 1562 1413 1586 venit
1436 1555 1509 1598 §.4
1535 1557 1608 1599 Inst.
1631 1560 1665 1590 de
1688 1559 1732 1591 V.
1761 1559 1800 1591 O.
1825 1560 1847 1593 l.
1867 1555 1938 1608 2¹3¹·

1070 1600 1119 1641 pr.
1148 1593 1189 1641 ff.
1221 1595 1254 1625 cie
1290 1594 1332 1626 V.
1360 1596 1391 1628 S.
1435 1597 1502 1637 Jurn
1524 1608 1602 1631 vero
1623 1599 1818 1640 stipulationi
1838 1600 1939 1636 usura-

1073 1634 1366 1682 Tlae-lnselTa-'el'at
1397 1639 1564 1679 conditio,
1587 1639 1617 1680 fi
1643 1651 1722 1673 mora
1739 1641 1819 1683 fiat,
1841 1642 1940 1685 quat,

1071 1675 1182 1723 ‘habita
1209 1675 1302 1709 sortis
1334 1679 1466 1722 integrae
1486 1682 1630 1722 ratione,
1656 1681 1727 1725 post
1747 1684 1856 1717 mensis
1876 1686 1938 1727 pri-

1074 1728 1120 1750 mi
1147 1727 1267 1749 moram
1298 1728 1358 1751 nec
1387 1720 1537 1762 exstitit,
1573 1733 1631 1755 nec
1652 1733 1784 1767 propter
1836 1726 1939 1760 actum

1075 1759 1228 1801 adjeetum
1249 1760 1382 1792 existere
1401 1764 1518 1803 potuit.
1540 1764 1597 1797 Est
1619 1766 1763 1807 equidem
1785 1767 1863 1800 ilud
1884 1777 1937 1810 pa-

1075 1801 1159 1848 etum
1194 1799 1284 1847 causa
1300 1825 1310 1841 ,
1342 1803 1458 1845 absque
1487 1815 1547 1845 qua
1567 1816 1632 1839 non
1653 1807 1810 1840 fisteretur
1830 1810 1939 1842 condi-

1075 1850 1144 1888 tio,
1176 1842 1315 1882 ejusdem
1349 1854 1427 1876 vero
1450 1847 1590 1880 defectus
1613 1849 1658 1881 est
1677 1849 1820 1891 proxima
1841 1850 1872 1882 &
1894 1851 1937 1882 ci-

1074 1884 1148 1915 vilis
1171 1882 1281 1922 causa,
1307 1885 1417 1927 origo,
1441 1887 1531 1928 fons,
1557 1899 1597 1921 ex
1620 1900 1684 1932 quo
1707 1898 1810 1923 manat
1830 1890 1879 1932 jus
1898 1891 1939 1924 de

1073 1923 1232 1971 usurarum
1262 1925 1459 1968 obligatione
1489 1930 1557 1970 ipso
1587 1932 1656 1972 jure
1677 1941 1740 1964 noti
1764 1932 1937 1966 commissa.

1072 1965 1197 2012 Roterit
1221 1966 1290 1998 liaec
1312 1972 1542 2009 argumentatio
1570 1973 1659 2004 nullo
1686 1973 1816 2014 negotio
1839 1973 1937 2007 confi-

1073 2017 1122 2046 ci,
1147 2007 1243 2053 modo
1266 2009 1391 2042 concisa
1414 2010 1501 2043 Pauli
1526 2014 1607 2044 ratio
1627 2023 1687 2052 eo,
1711 2023 1774 2056 quo
1796 2024 1851 2056 par
1869 2014 1935 2055 est,

1072 2048 1172 2094 ‘inodo
1191 2049 1367 2097 digeratur,
1391 2052 1420 2083 ἃ
1443 2053 1630 2094 amplietur,
1653 2055 1704 2087 hic
1718 2055 1822 2094 enim,
1844 2055 1865 2088 fi
1888 2056 1936 2089 ul-

1076 2089 1158 2136 libi,
1177 2090 1247 2130 plus
1270 2092 1396 2130 lentiit,
1416 2094 1518 2125 minus
1542 2094 1661 2136 scripsit
1677 2106 1765 2128 more
1787 2095 1844 2128 suo
1867 2096 1936 2129 sub-

1074 2130 1239 2176 'tiliss-imO,
1272 2140 1385 2178 caetera
1413 2134 1524 2166 lectori
1556 2138 1766 2179 excogitanda
1796 2138 1934 2180 reliquit.

1074 2170 1278 2218 instituamus
1303 2182 1363 2205 ita:
1397 2175 1481 2216 quod
1506 2175 1561 2208 sub
1584 2179 1769 2210 conditione
1790 2179 1934 2220 debetur,

1077 2212 1155 2244 illud
1173 2235 1184 2251 ,
1214 2222 1249 2244 ea
1279 2214 1444 2248 deficiente
1464 2239 1475 2255 ,
1498 2216 1566 2258 ipso
1588 2219 1656 2259 jure
1675 2230 1739 2252 non
1763 2220 1935 2253 committi.-

1076 2261 1146 2300 tur,
1168 2255 1252 2295 quod
1276 2256 1455 2296 probatum.
1497 2259 1531 2290 111
1558 2258 1659 2306 specie
1681 2260 1816 2302 subieela
1837 2259 1934 2294 totius}

1072 2293 1164 2340 sortis
1188 2295 1362 2328 Centesima
1384 2297 1437 2330 sub
1461 2300 1667 2342 conditione,
1700 2312 1769 2344 quae
1789 2312 1854 2335 non
1881 2311 1935 2335 exss

1073 2335 1174 2382 stitit,
1190 2337 1336 2378 promiss‘a
1359 2338 1440 2372 suit:
1472 2351 1548 2383 ergo
1573 2343 1632 2374 ἃς.
1677 2343 1829 2376 Conditio
1850 2352 1936 2384 erat;

1074 2377 1095 2410 fi
1126 2378 1176 2409 die
1207 2378 1414 2453 suprascripta
1448 2381 1565 2414 summa
1587 2393 1649 2416 non
1673 2384 1728 2416 fiet
1750 2383 1850 2416 soluta
1867 2407 1877 2424 ,
1901 2385 1935 2418 in

1074 2428 1170 2450 morae
1202 2429 1326 2460 poenam
1384 2423 1544 2455 entessmas
1575 2424 1681 2456 datum
1711 2425 1758 2456 iri.
1812 2424 1933 2467 Atquin

1074 2460 1161 2491 nulla
1182 2461 1252 2493 heic
1283 2462 1328 2493 est
1363 2473 1471 2503 mora,
1493 2475 1550 2496 iton
1572 2468 1648 2496 enim
1670 2467 1702 2497 in
1723 2475 1801 2497 mora
1823 2464 1865 2507 est
1886 2467 1932 2507 is,

1075 2501 1105 2533 ἃ
1126 2510 1252 2534 caetera.

1077 2550 1080 2552 ·
1116 2542 1278 2576 Sufficiant
1310 2545 1377 2576 haec
1402 2546 1439 2577 ad
1473 2548 1648 2589 apologiam
1679 2548 1765 2580 Pauli
1789 2548 1933 2582 consum-

1073 2592 1187 2629 matam
1206 2609 1216 2623 ,
1247 2585 1326 2617 niliil
1358 2587 1473 2627 quippe
1500 2587 1531 2620 in
1562 2599 1597 2620 ea
1621 2589 1734 2620 merito
1756 2589 1906 2622 defidcres
1923 2613 1936 2630 ,

1074 2633 1139 2655 imo
1159 2635 1221 2658 non
1247 2634 1378 2659 tantuin.
1425 2628 1519 2660 Vides
1544 2630 1657 2671 igitur,
1692 2640 1748 2662 cur
1770 2629 1934 2664 adversarii

1073 2666 1203 2698 verbum
1227 2677 1290 2699 non
1313 2668 1445 2709 amplius
1465 2669 1588 2703 addant.
1974 2674 1976 2678 '

1076 2763 1114 2805 'T
1209 2770 1240 2805 X
1267 2773 1282 2805 l
1308 2775 1353 2810 V.

168 2853 233 2890 Sed
267 2854 347 2904 [si]
374 2858 591 2903 quantitatem
608 2883 619 2899 ,
657 2868 723 2902 quae
755 2856 855 2892 medio
888 2863 1024 2902 tempore
1052 2857 1231 2903 colligitur,
1248 2857 1462 2906 stipulamur,
1487 2874 1556 2897 cum
1582 2863 1719 2898 conditio
1746 2862 1933 2910 exstiterit:

211 2911 299 2956 ficut
324 2913 369 2961 cst
393 2916 425 2950 in
440 2915 628 2962 frufflbus,
653 2915 734 2950 idem
763 2914 803 2955 C?
829 2917 862 2949 in
888 2914 993 2961 usuris
1015 2916 1115 2962 potest
1140 2919 1302 2963 exprimi,
1336 2927 1370 2952 ut
1395 2920 1438 2954 ad
1462 2921 1544 2954 cliem
1569 2931 1628 2955 non
1645 2918 1755 2967 soluta
1777 2921 1933 2967 pecunia,

218 2980 276 3013 quo
300 2974 448 3016 competit
476 2969 640 3016 usurarum
667 2973 811 3014 nomine,
837 2983 878 3007 ex
903 2971 953 3004 die
977 2969 1169 3016 interpositae
1182 2970 1409 3019 stipulationis
1430 2971 1611 3020 praestetur.

212 3063 275 3096 llud
299 3065 328 3104 fi
350 3066 435 3098 abest
458 3077 476 3098 a
501 3066 688 3099 Florentino
707 3090 718 3106 ,
751 3077 848 3109 eaque
869 3057 967 3107 gratia
982 3075 1032 3108 pa-

188 3147 191 3150 '
233 3107 384 3139 renthefin
404 3131 415 3146 ,
446 3108 521 3139 alias
547 3108 708 3147 omiss'am,
737 3109 881 3150 apposuit
901 3107 1031 3139 'saurel-

171 3145 242 3176 lius.
286 3145 353 3178 Diu
379 3156 481 3181 autem
506 3148 572 3187 cst,
593 3159 634 3182 ex
659 3159 724 3191 quo
741 3149 838 3183 sensui
857 3149 1032 3182 sustinendo

1075 3067 1144 3099 addi
1161 3067 1278 3108 coepit:
1312 3078 1414 3110 neque
1438 3078 1557 3102 temere
1573 3093 1583 3109 ,
1608 3069 1663 3112 nifi
1682 3079 1740 3111 pro
1755 3067 1784 3108 fi
1798 3069 1885 3102 malis
1896 3069 1936 3108 fl-

1074 3116 1143 3148 cut,
1181 3117 1214 3140 ut
1238 3109 1282 3141 est
1317 3110 1347 3141 in
1373 3111 1594 3152 Manul'eripto
1611 3119 1701 3149 meo,
1728 3109 1779 3142 sed
1798 3111 1860 3151 ita,
1884 3118 1940 3152 pa-

1075 3160 1143 3183 rum
1170 3150 1330 3192 eleganter
1346 3174 1355 3191 ,
1386 3153 1527 3184 occurrit
1544 3151 1575 3184 ὄι
1594 3151 1725 3184 alterum
1736 3150 1835 3191 ficut,
1855 3151 1936 3224 lini-{a
