<?xml version="1.0" encoding="UTF-8"?>
<!DOCTYPE html PUBLIC "-//W3C//DTD XHTML 1.0 Transitional//EN"
    "http://www.w3.org/TR/xhtml1/DTD/xhtml1-transitional.dtd">
<html xmlns="http://www.w3.org/1999/xhtml" xml:lang="en" lang="en">
 <head>
  <title>
</title>
<meta http-equiv="Content-Type" content="text/html;charset=utf-8" />
  <meta name='ocr-system' content='tesseract 3.04.00' />
  <meta name='ocr-capabilities' content='ocr_page ocr_carea ocr_par ocr_line ocrx_word'/>
</head>
<body>
  <div class='ocr_page' id='page_1' title='image "./corneliivanbynke00bijn_0529.png"; bbox 0 0 2008 3436; ppageno 0'>
   <div class='ocr_carea' id='block_1_1' title="bbox 158 92 1708 144">
    <p class='ocr_par' dir='ltr' id='par_1_1' title="bbox 158 92 1708 144">
     <span class='ocr_line' id='line_1_1' title="bbox 158 92 1708 144; baseline -0.004 -2"><span class='ocrx_word' id='word_1_1' title='bbox 158 93 863 141; x_wconf 85' lang='lat' dir='ltr'>DISSERTATIONIS</span> <span class='ocrx_word' id='word_1_2' title='bbox 910 94 1003 134; x_wconf 92' lang='lat' dir='ltr'>DE</span> <span class='ocrx_word' id='word_1_3' title='bbox 1049 92 1368 144; x_wconf 88' lang='lat' dir='ltr'>PACTIS,</span> <span class='ocrx_word' id='word_1_4' title='bbox 1413 97 1708 139; x_wconf 72' lang='lat' dir='ltr'>trc.CAr.1V.</span> 
     </span>
    </p>
   </div>
   <div class='ocr_carea' id='block_1_2' title="bbox 651 235 1012 275">
    <p class='ocr_par' dir='ltr' id='par_1_2' title="bbox 651 235 1012 275">
     <span class='ocr_line' id='line_1_2' title="bbox 651 235 1012 275; baseline -0.008 0"><span class='ocrx_word' id='word_1_5' title='bbox 651 235 1012 275; x_wconf 90' lang='lat' dir='ltr'><strong>CAPUT</strong></span> 
     </span>
    </p>
   </div>
   <div class='ocr_carea' id='block_1_3' title="bbox 1775 108 1820 145">
    <p class='ocr_par' dir='ltr' id='par_1_3' title="bbox 1775 108 1820 145">
     <span class='ocr_line' id='line_1_3' title="bbox 1775 108 1820 145; baseline 0 -9"><span class='ocrx_word' id='word_1_6' title='bbox 1775 108 1820 145; x_wconf 76' lang='grc'>51</span> 
     </span>
    </p>
   </div>
   <div class='ocr_carea' id='block_1_4' title="bbox 1111 234 1201 272">
    <p class='ocr_par' dir='ltr' id='par_1_4' title="bbox 1111 234 1201 272">
     <span class='ocr_line' id='line_1_4' title="bbox 1111 234 1201 272; baseline 0 -1"><span class='ocrx_word' id='word_1_7' title='bbox 1111 234 1201 272; x_wconf 88' lang='lat' dir='ltr'>IV.</span> 
     </span>
    </p>
   </div>
   <div class='ocr_carea' id='block_1_5' title="bbox 174 316 1691 382">
    <p class='ocr_par' dir='ltr' id='par_1_5' title="bbox 174 316 1691 382">
     <span class='ocr_line' id='line_1_5' title="bbox 174 316 1691 382; baseline -0.008 -11"><span class='ocrx_word' id='word_1_8' title='bbox 174 335 368 382; x_wconf 77' lang='lat' dir='ltr'><em>Disputatur</em></span> <span class='ocrx_word' id='word_1_9' title='bbox 392 328 544 377; x_wconf 80' lang='lat' dir='ltr'>adversus</span> <span class='ocrx_word' id='word_1_10' title='bbox 579 339 649 372; x_wconf 88' lang='lat' dir='ltr'>eos,</span> <span class='ocrx_word' id='word_1_11' title='bbox 674 327 728 373; x_wconf 79' lang='lat' dir='ltr'>qui</span> <span class='ocrx_word' id='word_1_12' title='bbox 752 327 848 373; x_wconf 71' lang='grc' dir='ltr'>γαὲἶα</span> <span class='ocrx_word' id='word_1_13' title='bbox 872 323 1043 361; x_wconf 81' lang='lat' dir='ltr'>omnimodo</span> <span class='ocrx_word' id='word_1_14' title='bbox 1070 323 1291 359; x_wconf 60' lang='lat' dir='ltr'>Coun-auibus</span> <span class='ocrx_word' id='word_1_15' title='bbox 1315 322 1348 359; x_wconf 86' lang='lat' dir='ltr'>S.</span> <span class='ocrx_word' id='word_1_16' title='bbox 1376 322 1418 369; x_wconf 85' lang='lat' dir='ltr'>J.</span> <span class='ocrx_word' id='word_1_17' title='bbox 1447 316 1543 370; x_wconf 40' lang='lat' dir='ltr'>in&#39;effe</span> <span class='ocrx_word' id='word_1_18' title='bbox 1568 323 1691 360; x_wconf 80' lang='lat' dir='ltr'>volunt.</span> 
     </span>
    </p>
   </div>
   <div class='ocr_carea' id='block_1_6' title="bbox 42 422 929 3199">
    <p class='ocr_par' dir='ltr' id='par_1_6' title="bbox 136 422 908 474">
     <span class='ocr_line' id='line_1_6' title="bbox 136 422 908 474; baseline -0.014 -9"><span class='ocrx_word' id='word_1_19' title='bbox 136 443 196 465; x_wconf 90' lang='lat' dir='ltr'>unc</span> <span class='ocrx_word' id='word_1_20' title='bbox 212 442 282 474; x_wconf 83' lang='lat' dir='ltr'>qua:</span> <span class='ocrx_word' id='word_1_21' title='bbox 309 427 440 462; x_wconf 86' lang='lat' dir='ltr'>diversae</span> <span class='ocrx_word' id='word_1_22' title='bbox 464 426 641 468; x_wconf 83' lang='lat' dir='ltr'>producant</span> <span class='ocrx_word' id='word_1_23' title='bbox 659 424 782 466; x_wconf 80' lang='lat' dir='ltr'>agmina</span> <span class='ocrx_word' id='word_1_24' title='bbox 796 422 908 470; x_wconf 58' lang='lat' dir='ltr'>scelte,</span> 
     </span>
    </p>

    <p class='ocr_par' dir='ltr' id='par_1_7' title="bbox 42 434 928 2998">
     <span class='ocr_line' id='line_1_7' title="bbox 43 434 910 517; baseline -0.015 -9"><span class='ocrx_word' id='word_1_25' title='bbox 43 434 129 517; x_wconf 86' lang='lat' dir='ltr'>N</span> <span class='ocrx_word' id='word_1_26' title='bbox 154 475 213 506; x_wconf 87' lang='lat' dir='ltr'>erit</span> <span class='ocrx_word' id='word_1_27' title='bbox 238 473 329 505; x_wconf 87' lang='lat' dir='ltr'>latius</span> <span class='ocrx_word' id='word_1_28' title='bbox 358 468 576 511; x_wconf 85' lang='lat' dir='ltr'>inquirendum</span> <span class='ocrx_word' id='word_1_29' title='bbox 596 491 605 506; x_wconf 93' lang='lat'>,</span> <span class='ocrx_word' id='word_1_30' title='bbox 639 476 710 498; x_wconf 89' lang='lat' dir='ltr'>cum</span> <span class='ocrx_word' id='word_1_31' title='bbox 727 475 778 497; x_wconf 87' lang='lat' dir='ltr'>cas</span> <span class='ocrx_word' id='word_1_32' title='bbox 794 465 910 514; x_wconf 63' lang='lat' dir='ltr'>indicta</span> 
     </span>
     <span class='ocr_line' id='line_1_8' title="bbox 43 506 909 553; baseline -0.014 -4"><span class='ocrx_word' id='word_1_33' title='bbox 43 519 133 549; x_wconf 59' lang='lat' dir='ltr'>causa</span> <span class='ocrx_word' id='word_1_34' title='bbox 161 525 224 547; x_wconf 89' lang='lat' dir='ltr'>non</span> <span class='ocrx_word' id='word_1_35' title='bbox 249 513 384 546; x_wconf 82' lang='lat' dir='ltr'>damnari</span> <span class='ocrx_word' id='word_1_36' title='bbox 413 512 529 541; x_wconf 89' lang='lat' dir='ltr'>bonum</span> <span class='ocrx_word' id='word_1_37' title='bbox 558 508 675 540; x_wconf 63' lang='lat' dir='ltr'>factum</span> <span class='ocrx_word' id='word_1_38' title='bbox 690 507 737 540; x_wconf 83' lang='lat' dir='ltr'>sit.</span> <span class='ocrx_word' id='word_1_39' title='bbox 783 506 827 538; x_wconf 83' lang='lat' dir='ltr'>Et</span> <span class='ocrx_word' id='word_1_40' title='bbox 842 516 909 553; x_wconf 81' lang='lat' dir='ltr'>qui-</span> 
     </span>
     <span class='ocr_line' id='line_1_9' title="bbox 43 548 909 598; baseline -0.014 -8"><span class='ocrx_word' id='word_1_41' title='bbox 43 559 113 590; x_wconf 86' lang='lat' dir='ltr'>dem</span> <span class='ocrx_word' id='word_1_42' title='bbox 137 558 241 598; x_wconf 85' lang='lat' dir='ltr'>primo</span> <span class='ocrx_word' id='word_1_43' title='bbox 266 553 471 589; x_wconf 85' lang='lat' dir='ltr'>sententiam,</span> <span class='ocrx_word' id='word_1_44' title='bbox 504 550 596 582; x_wconf 85' lang='lat' dir='ltr'>nobis</span> <span class='ocrx_word' id='word_1_45' title='bbox 612 550 734 582; x_wconf 68' lang='lat' dir='ltr'>directo</span> <span class='ocrx_word' id='word_1_46' title='bbox 750 548 909 580; x_wconf 73' lang='lat' dir='ltr'>adver-iam</span> 
     </span>
     <span class='ocr_line' id='line_1_10' title="bbox 42 590 910 641; baseline -0.01 -10"><span class='ocrx_word' id='word_1_47' title='bbox 42 597 299 641; x_wconf 80' lang='lat' dir='ltr'>profligabiinus:</span> <span class='ocrx_word' id='word_1_48' title='bbox 331 603 398 626; x_wconf 87' lang='lat' dir='ltr'>cam</span> <span class='ocrx_word' id='word_1_49' title='bbox 426 592 595 638; x_wconf 83' lang='lat' dir='ltr'>nimirum,</span> <span class='ocrx_word' id='word_1_50' title='bbox 625 601 694 632; x_wconf 68' lang='lat' dir='ltr'>quae</span> <span class='ocrx_word' id='word_1_51' title='bbox 709 590 798 637; x_wconf 69' lang='lat' dir='ltr'>pacta</span> <span class='ocrx_word' id='word_1_52' title='bbox 813 590 910 636; x_wconf 77' lang='lat' dir='ltr'>pleno</span> 
     </span>
     <span class='ocr_line' id='line_1_11' title="bbox 43 631 910 678; baseline -0.012 -6"><span class='ocrx_word' id='word_1_53' title='bbox 43 639 131 673; x_wconf 82' lang='lat' dir='ltr'>sensu</span> <span class='ocrx_word' id='word_1_54' title='bbox 159 637 304 670; x_wconf 83' lang='lat' dir='ltr'>omnibus</span> <span class='ocrx_word' id='word_1_55' title='bbox 335 636 412 676; x_wconf 82' lang='lat' dir='ltr'>juris</span> <span class='ocrx_word' id='word_1_56' title='bbox 435 633 532 666; x_wconf 68' lang='lat' dir='ltr'>stricti</span> <span class='ocrx_word' id='word_1_57' title='bbox 570 632 783 678; x_wconf 69' lang='lat' dir='ltr'>contractibus</span> <span class='ocrx_word' id='word_1_58' title='bbox 815 631 910 678; x_wconf 74' lang='lat' dir='ltr'>incsse</span> 
     </span>
     <span class='ocr_line' id='line_1_12' title="bbox 43 671 909 718; baseline -0.01 -5"><span class='ocrx_word' id='word_1_59' title='bbox 43 680 207 714; x_wconf 83' lang='lat' dir='ltr'>contendit</span> <span class='ocrx_word' id='word_1_60' title='bbox 228 702 238 718; x_wconf 93' lang='lat'>,</span> <span class='ocrx_word' id='word_1_61' title='bbox 270 687 333 710; x_wconf 91' lang='lat' dir='ltr'>non</span> <span class='ocrx_word' id='word_1_62' title='bbox 364 676 468 708; x_wconf 82' lang='lat' dir='ltr'>habita</span> <span class='ocrx_word' id='word_1_63' title='bbox 491 675 605 706; x_wconf 72' lang='lat' dir='ltr'>actoris</span> <span class='ocrx_word' id='word_1_64' title='bbox 629 675 681 706; x_wconf 87' lang='lat' dir='ltr'>vel</span> <span class='ocrx_word' id='word_1_65' title='bbox 697 683 761 713; x_wconf 85' lang='lat' dir='ltr'>rei,</span> <span class='ocrx_word' id='word_1_66' title='bbox 785 671 909 715; x_wconf 79' lang='lat' dir='ltr'>stipula-</span> 
     </span>
     <span class='ocr_line' id='line_1_13' title="bbox 45 715 910 755; baseline -0.012 0"><span class='ocrx_word' id='word_1_67' title='bbox 45 722 140 755; x_wconf 91' lang='lat' dir='ltr'>tionis</span> <span class='ocrx_word' id='word_1_68' title='bbox 163 720 215 752; x_wconf 82' lang='lat' dir='ltr'>vel</span> <span class='ocrx_word' id='word_1_69' title='bbox 244 720 344 752; x_wconf 90' lang='lat' dir='ltr'>mutui</span> <span class='ocrx_word' id='word_1_70' title='bbox 371 717 556 749; x_wconf 79' lang='lat' dir='ltr'>differentia.</span> <span class='ocrx_word' id='word_1_71' title='bbox 611 715 699 748; x_wconf 90' lang='lat' dir='ltr'>Dum</span> <span class='ocrx_word' id='word_1_72' title='bbox 729 724 832 747; x_wconf 82' lang='lat' dir='ltr'>tamen</span> <span class='ocrx_word' id='word_1_73' title='bbox 849 715 910 746; x_wconf 90' lang='lat' dir='ltr'>hoc</span> 
     </span>
     <span class='ocr_line' id='line_1_14' title="bbox 42 757 914 806; baseline -0.009 -11"><span class='ocrx_word' id='word_1_74' title='bbox 42 764 160 806; x_wconf 81' lang='lat' dir='ltr'>agimus</span> <span class='ocrx_word' id='word_1_75' title='bbox 179 786 188 801; x_wconf 91' lang='lat'><em>‚</em></span> <span class='ocrx_word' id='word_1_76' title='bbox 221 761 449 794; x_wconf 78' lang='lat' dir='ltr'>animadvertes</span> <span class='ocrx_word' id='word_1_77' title='bbox 466 782 475 798; x_wconf 92' lang='lat'>,</span> <span class='ocrx_word' id='word_1_78' title='bbox 509 767 566 789; x_wconf 89' lang='lat' dir='ltr'>nos</span> <span class='ocrx_word' id='word_1_79' title='bbox 590 757 717 789; x_wconf 83' lang='lat' dir='ltr'>interim</span> <span class='ocrx_word' id='word_1_80' title='bbox 757 765 914 798; x_wconf 78' lang='lat' dir='ltr'>occupare</span> 
     </span>
     <span class='ocr_line' id='line_1_15' title="bbox 44 797 914 844; baseline -0.009 -7"><span class='ocrx_word' id='word_1_81' title='bbox 44 804 210 837; x_wconf 66' lang='lat' dir='ltr'>nonnullas</span> <span class='ocrx_word' id='word_1_82' title='bbox 243 804 327 844; x_wconf 82' lang='lat' dir='ltr'>leges</span> <span class='ocrx_word' id='word_1_83' title='bbox 349 825 359 840; x_wconf 95' lang='lat'>‚</span> <span class='ocrx_word' id='word_1_84' title='bbox 391 810 465 841; x_wconf 85' lang='lat' dir='ltr'>quas</span> <span class='ocrx_word' id='word_1_85' title='bbox 495 807 558 831; x_wconf 88' lang='lat' dir='ltr'>tres</span> <span class='ocrx_word' id='word_1_86' title='bbox 580 808 598 830; x_wconf 87' lang='lat' dir='ltr'>a</span> <span class='ocrx_word' id='word_1_87' title='bbox 612 799 702 830; x_wconf 88' lang='lat' dir='ltr'>nobis</span> <span class='ocrx_word' id='word_1_88' title='bbox 722 797 914 830; x_wconf 80' lang='lat' dir='ltr'>Diss&#39;entien-</span> 
     </span>
     <span class='ocr_line' id='line_1_16' title="bbox 46 840 913 885; baseline -0.003 -8"><span class='ocrx_word' id='word_1_89' title='bbox 46 847 125 878; x_wconf 84' lang='lat' dir='ltr'>tium</span> <span class='ocrx_word' id='word_1_90' title='bbox 145 845 290 884; x_wconf 83' lang='lat' dir='ltr'>ordines,</span> <span class='ocrx_word' id='word_1_91' title='bbox 314 844 445 885; x_wconf 80' lang='lat' dir='ltr'>quisque</span> <span class='ocrx_word' id='word_1_92' title='bbox 461 852 518 883; x_wconf 86' lang='lat' dir='ltr'>pro</span> <span class='ocrx_word' id='word_1_93' title='bbox 537 840 595 872; x_wconf 77' lang='lat' dir='ltr'>suo</span> <span class='ocrx_word' id='word_1_94' title='bbox 612 842 748 877; x_wconf 59' lang='lat' dir='ltr'>exioeuarc</span> <span class='ocrx_word' id='word_1_95' title='bbox 762 863 772 880; x_wconf 90' lang='lat'>,</span> <span class='ocrx_word' id='word_1_96' title='bbox 794 840 831 871; x_wconf 83' lang='lat' dir='ltr'>ad</span> <span class='ocrx_word' id='word_1_97' title='bbox 844 849 913 881; x_wconf 75' lang='lat' dir='ltr'>par-</span> 
     </span>
     <span class='ocr_line' id='line_1_17' title="bbox 48 895 219 920; baseline -0.006 -1"><span class='ocrx_word' id='word_1_98' title='bbox 48 896 94 920; x_wconf 83' lang='lat' dir='ltr'>tes</span> <span class='ocrx_word' id='word_1_99' title='bbox 113 895 219 918; x_wconf 58' lang='lat' dir='ltr'>votuit.</span> 
     </span>
     <span class='ocr_line' id='line_1_18' title="bbox 63 922 913 967; baseline -0.008 -7"><span class='ocrx_word' id='word_1_100' title='bbox 63 944 65 947; x_wconf 92' lang='lat'>·</span> <span class='ocrx_word' id='word_1_101' title='bbox 88 928 249 961; x_wconf 71' lang='lat' dir='ltr'>Sententia</span> <span class='ocrx_word' id='word_1_102' title='bbox 301 936 393 967; x_wconf 83' lang='lat' dir='ltr'>quam</span> <span class='ocrx_word' id='word_1_103' title='bbox 415 927 464 957; x_wconf 76' lang='lat' dir='ltr'>hoc</span> <span class='ocrx_word' id='word_1_104' title='bbox 484 926 586 965; x_wconf 79' lang='lat' dir='ltr'><em>Capite</em></span> <span class='ocrx_word' id='word_1_105' title='bbox 604 922 770 956; x_wconf 82' lang='lat' dir='ltr'>refutaturi</span> <span class='ocrx_word' id='word_1_106' title='bbox 791 922 913 961; x_wconf 82' lang='lat' dir='ltr'>sumus,</span> 
     </span>
     <span class='ocr_line' id='line_1_19' title="bbox 47 951 913 1006; baseline -0.008 -4"><span class='ocrx_word' id='word_1_107' title='bbox 47 970 226 1002; x_wconf 82' lang='lat' dir='ltr'>communis</span> <span class='ocrx_word' id='word_1_108' title='bbox 250 951 325 1000; x_wconf 80' lang='lat' dir='ltr'>1’)D.</span> <span class='ocrx_word' id='word_1_109' title='bbox 353 967 476 1000; x_wconf 78' lang='lat' dir='ltr'>Scholae</span> <span class='ocrx_word' id='word_1_110' title='bbox 494 966 555 998; x_wconf 78' lang='lat' dir='ltr'>ess&#39;e</span> <span class='ocrx_word' id='word_1_111' title='bbox 573 964 697 1000; x_wconf 88' lang='lat' dir='ltr'>fertur,</span> <span class='ocrx_word' id='word_1_112' title='bbox 721 965 825 1006; x_wconf 85' lang='lat' dir='ltr'>quod,</span> <span class='ocrx_word' id='word_1_113' title='bbox 850 965 913 996; x_wconf 84' lang='lat' dir='ltr'>five</span> 
     </span>
     <span class='ocr_line' id='line_1_20' title="bbox 47 1006 914 1053; baseline -0.009 -9"><span class='ocrx_word' id='word_1_114' title='bbox 47 1011 164 1053; x_wconf 81' lang='lat' dir='ltr'>fingula</span> <span class='ocrx_word' id='word_1_115' title='bbox 189 1012 293 1051; x_wconf 81' lang='lat' dir='ltr'>capita</span> <span class='ocrx_word' id='word_1_116' title='bbox 320 1008 436 1049; x_wconf 68' lang='lat' dir='ltr'>spectes</span> <span class='ocrx_word' id='word_1_117' title='bbox 454 1032 463 1047; x_wconf 86' lang='lat'>,</span> <span class='ocrx_word' id='word_1_118' title='bbox 496 1007 559 1039; x_wconf 86' lang='lat' dir='ltr'>five</span> <span class='ocrx_word' id='word_1_119' title='bbox 583 1006 803 1037; x_wconf 69' lang='lat' dir='ltr'>auctoritatem</span> <span class='ocrx_word' id='word_1_120' title='bbox 819 1029 828 1044; x_wconf 94' lang='lat'>‚</span> <span class='ocrx_word' id='word_1_121' title='bbox 853 1015 914 1047; x_wconf 81' lang='lat' dir='ltr'>qua</span> 
     </span>
     <span class='ocr_line' id='line_1_21' title="bbox 47 1046 913 1094; baseline -0.005 -12"><span class='ocrx_word' id='word_1_122' title='bbox 47 1055 171 1094; x_wconf 83' lang='lat' dir='ltr'>pollent</span> <span class='ocrx_word' id='word_1_123' title='bbox 195 1051 323 1091; x_wconf 83' lang='lat' dir='ltr'>hujusce</span> <span class='ocrx_word' id='word_1_124' title='bbox 341 1049 500 1090; x_wconf 72' lang='lat' dir='ltr'>opinionis</span> <span class='ocrx_word' id='word_1_125' title='bbox 530 1047 686 1086; x_wconf 85' lang='lat' dir='ltr'>Patroni,</span> <span class='ocrx_word' id='word_1_126' title='bbox 724 1046 913 1079; x_wconf 87' lang='lat' dir='ltr'>verisfimum</span> 
     </span>
     <span class='ocr_line' id='line_1_22' title="bbox 47 1088 915 1135; baseline -0.007 -10"><span class='ocrx_word' id='word_1_127' title='bbox 47 1092 266 1135; x_wconf 79' lang='lat' dir='ltr'>deprehendes.</span> <span class='ocrx_word' id='word_1_128' title='bbox 293 1091 378 1123; x_wconf 87' lang='lat' dir='ltr'>Inter</span> <span class='ocrx_word' id='word_1_129' title='bbox 396 1090 528 1122; x_wconf 80' lang='lat' dir='ltr'>Veteres</span> <span class='ocrx_word' id='word_1_130' title='bbox 544 1089 683 1120; x_wconf 85' lang='lat' dir='ltr'>eminent</span> <span class='ocrx_word' id='word_1_131' title='bbox 698 1088 915 1120; x_wconf 87' lang='lat' dir='ltr'>communium</span> 
     </span>
     <span class='ocr_line' id='line_1_23' title="bbox 50 1130 914 1176; baseline -0.006 -10"><span class='ocrx_word' id='word_1_132' title='bbox 50 1134 235 1176; x_wconf 85' lang='lat' dir='ltr'>opinionum</span> <span class='ocrx_word' id='word_1_133' title='bbox 251 1133 406 1164; x_wconf 82' lang='lat' dir='ltr'>columna:</span> <span class='ocrx_word' id='word_1_134' title='bbox 424 1132 493 1163; x_wconf 89' lang='lat' dir='ltr'>Azo</span> <span class='ocrx_word' id='word_1_135' title='bbox 511 1131 542 1162; x_wconf 89' lang='lat' dir='ltr'>in</span> <span class='ocrx_word' id='word_1_136' title='bbox 553 1131 661 1172; x_wconf 60' lang='lat' dir='ltr'>flamm.</span> <span class='ocrx_word' id='word_1_137' title='bbox 688 1131 725 1162; x_wconf 91' lang='lat' dir='ltr'>ad</span> <span class='ocrx_word' id='word_1_138' title='bbox 746 1130 806 1162; x_wconf 78' lang='lat' dir='ltr'>Tit.</span> <span class='ocrx_word' id='word_1_139' title='bbox 829 1131 862 1162; x_wconf 89' lang='lat' dir='ltr'>C.</span> <span class='ocrx_word' id='word_1_140' title='bbox 880 1132 914 1161; x_wconf 80' lang='lat' dir='ltr'>cle</span> 
     </span>
     <span class='ocr_line' id='line_1_24' title="bbox 44 1171 915 1218; baseline -0.006 -11"><span class='ocrx_word' id='word_1_141' title='bbox 44 1175 124 1218; x_wconf 68' lang='lat' dir='ltr'>pact.</span> <span class='ocrx_word' id='word_1_142' title='bbox 147 1186 178 1207; x_wconf 84' lang='lat' dir='ltr'>n.</span> <span class='ocrx_word' id='word_1_143' title='bbox 202 1178 248 1206; x_wconf 89' lang='lat'>16.</span> <span class='ocrx_word' id='word_1_144' title='bbox 276 1173 401 1215; x_wconf 45' lang='lat' dir='ltr'>&amp;seqq</span> <span class='ocrx_word' id='word_1_145' title='bbox 445 1172 598 1213; x_wconf 76' lang='lat' dir='ltr'>JCtorum</span> <span class='ocrx_word' id='word_1_146' title='bbox 614 1181 725 1213; x_wconf 89' lang='lat' dir='ltr'>parens</span> <span class='ocrx_word' id='word_1_147' title='bbox 745 1171 915 1204; x_wconf 78' lang='lat' dir='ltr'>Accurfius</span> 
     </span>
     <span class='ocr_line' id='line_1_25' title="bbox 50 1212 914 1258; baseline -0.006 -9"><span class='ocrx_word' id='word_1_148' title='bbox 50 1217 88 1250; x_wconf 86' lang='lat' dir='ltr'>ad</span> <span class='ocrx_word' id='word_1_149' title='bbox 111 1217 132 1249; x_wconf 93' lang='lat' dir='ltr'>l.</span> <span class='ocrx_word' id='word_1_150' title='bbox 148 1226 176 1257; x_wconf 73' lang='lat'>7.</span> <span class='ocrx_word' id='word_1_151' title='bbox 200 1216 229 1257; x_wconf 82' lang='lat'>§.</span> <span class='ocrx_word' id='word_1_152' title='bbox 247 1226 277 1257; x_wconf 89' lang='lat'>5.</span> <span class='ocrx_word' id='word_1_153' title='bbox 298 1216 339 1258; x_wconf 90' lang='lat' dir='ltr'>ff.</span> <span class='ocrx_word' id='word_1_154' title='bbox 363 1216 423 1246; x_wconf 79' lang='lat' dir='ltr'>eod.</span> <span class='ocrx_word' id='word_1_155' title='bbox 448 1216 477 1246; x_wconf 66' lang='grc' dir='ltr'>δε</span> <span class='ocrx_word' id='word_1_156' title='bbox 502 1214 523 1245; x_wconf 86' lang='lat' dir='ltr'>l.</span> <span class='ocrx_word' id='word_1_157' title='bbox 544 1213 639 1245; x_wconf 63' lang='lat' dir='ltr'>Lecta</span> <span class='ocrx_word' id='word_1_158' title='bbox 654 1224 706 1254; x_wconf 87' lang='lat'>40.</span> <span class='ocrx_word' id='word_1_159' title='bbox 724 1213 764 1255; x_wconf 90' lang='lat' dir='ltr'>ff.</span> <span class='ocrx_word' id='word_1_160' title='bbox 787 1215 820 1244; x_wconf 86' lang='lat' dir='ltr'>de</span> <span class='ocrx_word' id='word_1_161' title='bbox 840 1212 914 1245; x_wconf 82' lang='lat' dir='ltr'>Reh.</span> 
     </span>
     <span class='ocr_line' id='line_1_26' title="bbox 50 1255 916 1300; baseline -0.006 -10"><span class='ocrx_word' id='word_1_162' title='bbox 50 1259 126 1290; x_wconf 77' lang='lat' dir='ltr'>cred.</span> <span class='ocrx_word' id='word_1_163' title='bbox 171 1257 281 1300; x_wconf 85' lang='lat' dir='ltr'>Cynus</span> <span class='ocrx_word' id='word_1_164' title='bbox 305 1258 412 1289; x_wconf 84' lang='lat' dir='ltr'>itidem</span> <span class='ocrx_word' id='word_1_165' title='bbox 432 1256 468 1287; x_wconf 84' lang='lat' dir='ltr'>ad</span> <span class='ocrx_word' id='word_1_166' title='bbox 486 1256 507 1286; x_wconf 67' lang='grc' dir='ltr'>Γ.</span> <span class='ocrx_word' id='word_1_167' title='bbox 528 1255 642 1294; x_wconf 61' lang='lat' dir='ltr'>Let‘ta,</span> <span class='ocrx_word' id='word_1_168' title='bbox 666 1256 696 1287; x_wconf 73' lang='grc' dir='ltr'>δε</span> <span class='ocrx_word' id='word_1_169' title='bbox 711 1255 869 1296; x_wconf 80' lang='lat' dir='ltr'>praecipue</span> <span class='ocrx_word' id='word_1_170' title='bbox 879 1255 916 1286; x_wconf 88' lang='lat' dir='ltr'>ad</span> 
     </span>
     <span class='ocr_line' id='line_1_27' title="bbox 50 1295 916 1340; baseline -0.006 -8"><span class='ocrx_word' id='word_1_171' title='bbox 50 1301 72 1332; x_wconf 87' lang='lat' dir='ltr'>l.</span> <span class='ocrx_word' id='word_1_172' title='bbox 90 1310 139 1340; x_wconf 80' lang='lat'>27.</span> <span class='ocrx_word' id='word_1_173' title='bbox 177 1300 209 1330; x_wconf 86' lang='lat' dir='ltr'>C.</span> <span class='ocrx_word' id='word_1_174' title='bbox 233 1300 267 1330; x_wconf 85' lang='lat' dir='ltr'>de</span> <span class='ocrx_word' id='word_1_175' title='bbox 289 1298 369 1340; x_wconf 61' lang='lat' dir='ltr'>paci.</span> <span class='ocrx_word' id='word_1_176' title='bbox 403 1297 549 1330; x_wconf 85' lang='lat' dir='ltr'>Bartolus</span> <span class='ocrx_word' id='word_1_177' title='bbox 565 1296 603 1328; x_wconf 88' lang='lat' dir='ltr'>ad</span> <span class='ocrx_word' id='word_1_178' title='bbox 624 1298 653 1329; x_wconf 88' lang='lat' dir='ltr'>d.</span> <span class='ocrx_word' id='word_1_179' title='bbox 684 1295 714 1338; x_wconf 58' lang='grc' dir='ltr'>ἓ.</span> <span class='ocrx_word' id='word_1_180' title='bbox 729 1306 759 1337; x_wconf 87' lang='lat'>5.</span> <span class='ocrx_word' id='word_1_181' title='bbox 784 1306 813 1328; x_wconf 84' lang='grc' dir='ltr'>η.</span> <span class='ocrx_word' id='word_1_182' title='bbox 829 1306 861 1337; x_wconf 88' lang='lat'>4.</span> <span class='ocrx_word' id='word_1_183' title='bbox 886 1296 916 1328; x_wconf 90' lang='lat'>&amp;</span> 
     </span>
     <span class='ocr_line' id='line_1_28' title="bbox 51 1337 917 1383; baseline -0.005 -10"><span class='ocrx_word' id='word_1_184' title='bbox 51 1343 90 1373; x_wconf 82' lang='lat' dir='ltr'>ad</span> <span class='ocrx_word' id='word_1_185' title='bbox 110 1342 131 1373; x_wconf 81' lang='lat' dir='ltr'>l.</span> <span class='ocrx_word' id='word_1_186' title='bbox 148 1351 198 1381; x_wconf 81' lang='lat'>40.</span> <span class='ocrx_word' id='word_1_187' title='bbox 223 1350 253 1371; x_wconf 85' lang='lat' dir='ltr'>n.</span> <span class='ocrx_word' id='word_1_188' title='bbox 275 1350 326 1383; x_wconf 85' lang='lat'>30.</span> <span class='ocrx_word' id='word_1_189' title='bbox 346 1349 397 1382; x_wconf 81' lang='lat'>31.</span> <span class='ocrx_word' id='word_1_190' title='bbox 418 1338 454 1375; x_wconf 55' lang='grc' dir='ltr'>ὅ)</span> <span class='ocrx_word' id='word_1_191' title='bbox 469 1348 522 1381; x_wconf 80' lang='grc'>32.</span> <span class='ocrx_word' id='word_1_192' title='bbox 567 1338 681 1371; x_wconf 89' lang='lat' dir='ltr'>Baldus</span> <span class='ocrx_word' id='word_1_193' title='bbox 696 1338 805 1370; x_wconf 83' lang='lat' dir='ltr'>iisdem</span> <span class='ocrx_word' id='word_1_194' title='bbox 824 1337 917 1375; x_wconf 87' lang='lat' dir='ltr'>locis,</span> 
     </span>
     <span class='ocr_line' id='line_1_29' title="bbox 53 1379 916 1424; baseline -0.006 -9"><span class='ocrx_word' id='word_1_195' title='bbox 53 1384 92 1415; x_wconf 81' lang='lat' dir='ltr'>ad</span> <span class='ocrx_word' id='word_1_196' title='bbox 123 1382 152 1424; x_wconf 84' lang='lat'>§.</span> <span class='ocrx_word' id='word_1_197' title='bbox 173 1392 204 1422; x_wconf 82' lang='lat'>5.</span> <span class='ocrx_word' id='word_1_198' title='bbox 233 1392 264 1413; x_wconf 83' lang='lat' dir='ltr'>n.</span> <span class='ocrx_word' id='word_1_199' title='bbox 290 1386 336 1416; x_wconf 86' lang='lat'>18.</span> <span class='ocrx_word' id='word_1_200' title='bbox 368 1384 397 1412; x_wconf 70' lang='grc' dir='ltr'>ὁ(</span> <span class='ocrx_word' id='word_1_201' title='bbox 419 1381 455 1412; x_wconf 86' lang='lat' dir='ltr'>ad</span> <span class='ocrx_word' id='word_1_202' title='bbox 487 1380 508 1411; x_wconf 88' lang='lat' dir='ltr'>l.</span> <span class='ocrx_word' id='word_1_203' title='bbox 527 1390 579 1420; x_wconf 88' lang='lat'>40.</span> <span class='ocrx_word' id='word_1_204' title='bbox 600 1383 697 1421; x_wconf 75' lang='lat' dir='ltr'>princ.</span> <span class='ocrx_word' id='word_1_205' title='bbox 721 1390 753 1413; x_wconf 73' lang='lat' dir='ltr'>iz.</span> <span class='ocrx_word' id='word_1_206' title='bbox 775 1389 803 1412; x_wconf 90' lang='lat'>1.</span> <span class='ocrx_word' id='word_1_207' title='bbox 828 1379 863 1415; x_wconf 59' lang='grc' dir='ltr'>δ’</span> <span class='ocrx_word' id='word_1_208' title='bbox 887 1389 916 1411; x_wconf 90' lang='grc'>2.</span> 
     </span>
     <span class='ocr_line' id='line_1_30' title="bbox 52 1422 918 1464; baseline -0.006 -7"><span class='ocrx_word' id='word_1_209' title='bbox 52 1426 105 1457; x_wconf 77' lang='lat' dir='ltr'>Sic</span> <span class='ocrx_word' id='word_1_210' title='bbox 125 1434 159 1455; x_wconf 88' lang='lat' dir='ltr'>ut</span> <span class='ocrx_word' id='word_1_211' title='bbox 187 1423 269 1464; x_wconf 83' lang='lat' dir='ltr'>quasi</span> <span class='ocrx_word' id='word_1_212' title='bbox 291 1424 361 1464; x_wconf 82' lang='lat' dir='ltr'>jure</span> <span class='ocrx_word' id='word_1_213' title='bbox 385 1423 562 1454; x_wconf 80' lang='lat' dir='ltr'>traditionis</span> <span class='ocrx_word' id='word_1_214' title='bbox 575 1422 613 1454; x_wconf 91' lang='lat' dir='ltr'>de</span> <span class='ocrx_word' id='word_1_215' title='bbox 628 1431 722 1454; x_wconf 89' lang='lat' dir='ltr'>manu</span> <span class='ocrx_word' id='word_1_216' title='bbox 740 1422 771 1453; x_wconf 88' lang='lat' dir='ltr'>in</span> <span class='ocrx_word' id='word_1_217' title='bbox 793 1430 918 1453; x_wconf 84' lang='lat' dir='ltr'>manum</span> 
     </span>
     <span class='ocr_line' id='line_1_31' title="bbox 55 1462 919 1504; baseline -0.005 -6"><span class='ocrx_word' id='word_1_218' title='bbox 55 1467 134 1498; x_wconf 77' lang='lat' dir='ltr'>hanc</span> <span class='ocrx_word' id='word_1_219' title='bbox 152 1466 323 1497; x_wconf 57' lang='lat' dir='ltr'>&lt;latrinam</span> <span class='ocrx_word' id='word_1_220' title='bbox 352 1463 505 1504; x_wconf 79' lang='lat' dir='ltr'>accepiss&#39;e</span> <span class='ocrx_word' id='word_1_221' title='bbox 530 1464 713 1496; x_wconf 86' lang='lat' dir='ltr'>videantur:</span> <span class='ocrx_word' id='word_1_222' title='bbox 738 1462 919 1496; x_wconf 88' lang='lat' dir='ltr'>Accurfium</span> 
     </span>
     <span class='ocr_line' id='line_1_32' title="bbox 54 1504 920 1548; baseline -0.003 -9"><span class='ocrx_word' id='word_1_223' title='bbox 54 1508 172 1539; x_wconf 83' lang='lat' dir='ltr'>etenim</span> <span class='ocrx_word' id='word_1_224' title='bbox 189 1508 226 1538; x_wconf 76' lang='lat' dir='ltr'>ab</span> <span class='ocrx_word' id='word_1_225' title='bbox 244 1506 373 1544; x_wconf 87' lang='lat' dir='ltr'>Azone,</span> <span class='ocrx_word' id='word_1_226' title='bbox 396 1505 558 1537; x_wconf 76' lang='lat' dir='ltr'>Bai-tolum</span> <span class='ocrx_word' id='word_1_227' title='bbox 587 1515 604 1537; x_wconf 88' lang='lat' dir='ltr'>a</span> <span class='ocrx_word' id='word_1_228' title='bbox 619 1505 730 1548; x_wconf 87' lang='lat' dir='ltr'>Cyno,</span> <span class='ocrx_word' id='word_1_229' title='bbox 754 1504 885 1537; x_wconf 83' lang='lat' dir='ltr'>Baldum</span> <span class='ocrx_word' id='word_1_230' title='bbox 903 1513 920 1535; x_wconf 91' lang='lat' dir='ltr'>a</span> 
     </span>
     <span class='ocr_line' id='line_1_33' title="bbox 54 1546 922 1588; baseline -0.006 -6"><span class='ocrx_word' id='word_1_231' title='bbox 54 1549 185 1582; x_wconf 60' lang='lat' dir='ltr'>Bzirtolo</span> <span class='ocrx_word' id='word_1_232' title='bbox 212 1548 371 1580; x_wconf 77' lang='lat' dir='ltr'>institutos</span> <span class='ocrx_word' id='word_1_233' title='bbox 398 1546 459 1578; x_wconf 80' lang='lat' dir='ltr'>effe</span> <span class='ocrx_word' id='word_1_234' title='bbox 488 1547 650 1588; x_wconf 90' lang='lat' dir='ltr'>proditum</span> <span class='ocrx_word' id='word_1_235' title='bbox 667 1549 721 1579; x_wconf 77' lang='lat' dir='ltr'>eit.</span> <span class='ocrx_word' id='word_1_236' title='bbox 768 1546 922 1578; x_wconf 88' lang='lat' dir='ltr'>Praeterea</span> 
     </span>
     <span class='ocr_line' id='line_1_34' title="bbox 56 1587 922 1628; baseline -0.003 -6"><span class='ocrx_word' id='word_1_237' title='bbox 56 1591 234 1622; x_wconf 76' lang='lat' dir='ltr'>communis</span> <span class='ocrx_word' id='word_1_238' title='bbox 251 1589 422 1621; x_wconf 89' lang='lat' dir='ltr'>Sententiae</span> <span class='ocrx_word' id='word_1_239' title='bbox 442 1587 596 1621; x_wconf 85' lang='lat' dir='ltr'>antistites</span> <span class='ocrx_word' id='word_1_240' title='bbox 613 1588 683 1621; x_wconf 90' lang='lat' dir='ltr'>sunt</span> <span class='ocrx_word' id='word_1_241' title='bbox 701 1587 840 1628; x_wconf 87' lang='lat' dir='ltr'>Decius,</span> <span class='ocrx_word' id='word_1_242' title='bbox 865 1597 922 1619; x_wconf 88' lang='lat' dir='ltr'>cae-</span> 
     </span>
     <span class='ocr_line' id='line_1_35' title="bbox 56 1629 921 1673; baseline -0.003 -10"><span class='ocrx_word' id='word_1_243' title='bbox 56 1632 203 1673; x_wconf 89' lang='lat' dir='ltr'>teroquin</span> <span class='ocrx_word' id='word_1_244' title='bbox 236 1630 388 1662; x_wconf 86' lang='lat' dir='ltr'>Veterum</span> <span class='ocrx_word' id='word_1_245' title='bbox 414 1629 524 1661; x_wconf 88' lang='lat' dir='ltr'>censor</span> <span class='ocrx_word' id='word_1_246' title='bbox 542 1655 552 1670; x_wconf 90' lang='lat'>‚</span> <span class='ocrx_word' id='word_1_247' title='bbox 585 1630 623 1662; x_wconf 86' lang='lat' dir='ltr'>ad</span> <span class='ocrx_word' id='word_1_248' title='bbox 646 1631 667 1662; x_wconf 84' lang='lat' dir='ltr'>l.</span> <span class='ocrx_word' id='word_1_249' title='bbox 685 1629 800 1669; x_wconf 63' lang='lat' dir='ltr'>Lesta,</span> <span class='ocrx_word' id='word_1_250' title='bbox 822 1640 852 1661; x_wconf 83' lang='lat' dir='ltr'>n.</span> <span class='ocrx_word' id='word_1_251' title='bbox 871 1637 921 1669; x_wconf 80' lang='lat'>25.</span> 
     </span>
     <span class='ocr_line' id='line_1_36' title="bbox 56 1670 925 1715; baseline -0.002 -11"><span class='ocrx_word' id='word_1_252' title='bbox 56 1673 178 1715; x_wconf 53' lang='lat' dir='ltr'>&amp;seqq</span> <span class='ocrx_word' id='word_1_253' title='bbox 205 1674 234 1705; x_wconf 73' lang='grc' dir='ltr'>ὅ(</span> <span class='ocrx_word' id='word_1_254' title='bbox 257 1673 278 1704; x_wconf 76' lang='lat' dir='ltr'>l.</span> <span class='ocrx_word' id='word_1_255' title='bbox 301 1682 349 1715; x_wconf 73' lang='lat'>13.</span> <span class='ocrx_word' id='word_1_256' title='bbox 386 1672 418 1704; x_wconf 85' lang='lat' dir='ltr'>C.</span> <span class='ocrx_word' id='word_1_257' title='bbox 442 1673 475 1702; x_wconf 81' lang='lat' dir='ltr'>de</span> <span class='ocrx_word' id='word_1_258' title='bbox 497 1672 576 1712; x_wconf 69' lang='lat' dir='ltr'>past.</span> <span class='ocrx_word' id='word_1_259' title='bbox 603 1672 634 1704; x_wconf 69' lang='grc' dir='ltr'>δε</span> <span class='ocrx_word' id='word_1_260' title='bbox 663 1681 774 1703; x_wconf 90' lang='lat' dir='ltr'>eorum</span> <span class='ocrx_word' id='word_1_261' title='bbox 802 1670 925 1703; x_wconf 81' lang='lat' dir='ltr'>affeclae</span> 
     </span>
     <span class='ocr_line' id='line_1_37' title="bbox 55 1711 925 1762; baseline -0.005 -15"><span class='ocrx_word' id='word_1_262' title='bbox 55 1715 129 1747; x_wconf 90' lang='lat' dir='ltr'>Uld.</span> <span class='ocrx_word' id='word_1_263' title='bbox 153 1714 258 1747; x_wconf 84' lang='lat' dir='ltr'>Zafius</span> <span class='ocrx_word' id='word_1_264' title='bbox 273 1714 310 1746; x_wconf 83' lang='lat' dir='ltr'>ad</span> <span class='ocrx_word' id='word_1_265' title='bbox 328 1714 355 1757; x_wconf 77' lang='lat'>§.</span> <span class='ocrx_word' id='word_1_266' title='bbox 378 1713 530 1762; x_wconf 64' lang='lat' dir='ltr'>Quintum.</span> <span class='ocrx_word' id='word_1_267' title='bbox 549 1714 579 1746; x_wconf 69' lang='grc' dir='ltr'>ὅ(</span> <span class='ocrx_word' id='word_1_268' title='bbox 604 1714 623 1744; x_wconf 89' lang='lat' dir='ltr'>l.</span> <span class='ocrx_word' id='word_1_269' title='bbox 641 1723 694 1754; x_wconf 84' lang='lat'>40.</span> <span class='ocrx_word' id='word_1_270' title='bbox 728 1720 763 1744; x_wconf 87' lang='lat' dir='ltr'>ut</span> <span class='ocrx_word' id='word_1_271' title='bbox 788 1713 819 1745; x_wconf 70' lang='grc' dir='ltr'>δι</span> <span class='ocrx_word' id='word_1_272' title='bbox 834 1711 925 1759; x_wconf 78' lang='lat' dir='ltr'>Jason</span> 
     </span>
     <span class='ocr_line' id='line_1_38' title="bbox 57 1754 927 1798; baseline -0.005 -9"><span class='ocrx_word' id='word_1_273' title='bbox 57 1757 96 1789; x_wconf 87' lang='lat' dir='ltr'>ad</span> <span class='ocrx_word' id='word_1_274' title='bbox 118 1758 147 1788; x_wconf 88' lang='lat' dir='ltr'>d.</span> <span class='ocrx_word' id='word_1_275' title='bbox 172 1757 202 1798; x_wconf 86' lang='lat'>§.</span> <span class='ocrx_word' id='word_1_276' title='bbox 225 1766 256 1788; x_wconf 84' lang='lat' dir='ltr'>n.</span> <span class='ocrx_word' id='word_1_277' title='bbox 281 1766 329 1797; x_wconf 79' lang='lat'>13.</span> <span class='ocrx_word' id='word_1_278' title='bbox 353 1756 383 1788; x_wconf 73' lang='grc' dir='ltr'>ὃ(</span> <span class='ocrx_word' id='word_1_279' title='bbox 407 1755 444 1786; x_wconf 74' lang='lat' dir='ltr'>ad</span> <span class='ocrx_word' id='word_1_280' title='bbox 466 1756 494 1786; x_wconf 86' lang='lat' dir='ltr'>d.</span> <span class='ocrx_word' id='word_1_281' title='bbox 531 1756 551 1787; x_wconf 87' lang='lat' dir='ltr'>l.</span> <span class='ocrx_word' id='word_1_282' title='bbox 576 1766 606 1787; x_wconf 81' lang='lat' dir='ltr'>n.</span> <span class='ocrx_word' id='word_1_283' title='bbox 636 1760 683 1790; x_wconf 87' lang='lat'>18.</span> <span class='ocrx_word' id='word_1_284' title='bbox 708 1754 744 1790; x_wconf 68' lang='lat' dir='ltr'>&amp;P</span> <span class='ocrx_word' id='word_1_285' title='bbox 771 1763 818 1792; x_wconf 87' lang='lat'>19.</span> <span class='ocrx_word' id='word_1_286' title='bbox 849 1763 927 1794; x_wconf 67' lang='lat' dir='ltr'>ejus-</span> 
     </span>
     <span class='ocr_line' id='line_1_39' title="bbox 56 1795 926 1840; baseline -0.005 -10"><span class='ocrx_word' id='word_1_287' title='bbox 56 1808 116 1840; x_wconf 85' lang='lat' dir='ltr'>que</span> <span class='ocrx_word' id='word_1_288' title='bbox 146 1797 317 1839; x_wconf 89' lang='lat' dir='ltr'>discipulus</span> <span class='ocrx_word' id='word_1_289' title='bbox 340 1797 434 1829; x_wconf 88' lang='lat' dir='ltr'>Andr.</span> <span class='ocrx_word' id='word_1_290' title='bbox 474 1796 617 1828; x_wconf 83' lang='lat' dir='ltr'>Alciatus</span> <span class='ocrx_word' id='word_1_291' title='bbox 642 1797 680 1828; x_wconf 82' lang='lat' dir='ltr'>ad</span> <span class='ocrx_word' id='word_1_292' title='bbox 710 1797 731 1828; x_wconf 82' lang='lat' dir='ltr'>l.</span> <span class='ocrx_word' id='word_1_293' title='bbox 759 1805 806 1838; x_wconf 82' lang='lat'>13.</span> <span class='ocrx_word' id='word_1_294' title='bbox 836 1795 868 1827; x_wconf 92' lang='lat' dir='ltr'>C.</span> <span class='ocrx_word' id='word_1_295' title='bbox 892 1796 926 1826; x_wconf 85' lang='lat' dir='ltr'>de</span> 
     </span>
     <span class='ocr_line' id='line_1_40' title="bbox 57 1836 925 1882; baseline -0.002 -11"><span class='ocrx_word' id='word_1_296' title='bbox 57 1839 136 1881; x_wconf 65' lang='lat' dir='ltr'>pati.</span> <span class='ocrx_word' id='word_1_297' title='bbox 170 1850 202 1872; x_wconf 80' lang='lat' dir='ltr'>n.</span> <span class='ocrx_word' id='word_1_298' title='bbox 225 1850 256 1882; x_wconf 84' lang='lat'>3.</span> <span class='ocrx_word' id='word_1_299' title='bbox 288 1839 421 1880; x_wconf 53' lang='lat' dir='ltr'>&amp;qusp</span> <span class='ocrx_word' id='word_1_300' title='bbox 446 1838 483 1870; x_wconf 88' lang='lat' dir='ltr'>ad</span> <span class='ocrx_word' id='word_1_301' title='bbox 507 1839 526 1870; x_wconf 88' lang='lat' dir='ltr'>l.</span> <span class='ocrx_word' id='word_1_302' title='bbox 554 1837 649 1870; x_wconf 68' lang='lat' dir='ltr'>Lefta</span> <span class='ocrx_word' id='word_1_303' title='bbox 667 1861 678 1877; x_wconf 89' lang='lat'>,</span> <span class='ocrx_word' id='word_1_304' title='bbox 707 1848 737 1870; x_wconf 84' lang='lat' dir='ltr'>n.</span> <span class='ocrx_word' id='word_1_305' title='bbox 759 1847 813 1878; x_wconf 90' lang='lat'>41.</span> <span class='ocrx_word' id='word_1_306' title='bbox 837 1836 873 1872; x_wconf 54' lang='grc' dir='ltr'>ὅ)</span> <span class='ocrx_word' id='word_1_307' title='bbox 893 1847 925 1869; x_wconf 89' lang='lat' dir='ltr'>a·</span> 
     </span>
     <span class='ocr_line' id='line_1_41' title="bbox 57 1879 926 1926; baseline -0.002 -13"><span class='ocrx_word' id='word_1_308' title='bbox 57 1882 116 1913; x_wconf 80' lang='lat' dir='ltr'>liis.</span> <span class='ocrx_word' id='word_1_309' title='bbox 175 1881 325 1913; x_wconf 82' lang='lat' dir='ltr'>AEmilius</span> <span class='ocrx_word' id='word_1_310' title='bbox 356 1881 516 1912; x_wconf 74' lang='lat' dir='ltr'>Fer-rettus</span> <span class='ocrx_word' id='word_1_311' title='bbox 556 1880 593 1912; x_wconf 89' lang='lat' dir='ltr'>ad</span> <span class='ocrx_word' id='word_1_312' title='bbox 630 1882 658 1912; x_wconf 89' lang='lat' dir='ltr'>d.</span> <span class='ocrx_word' id='word_1_313' title='bbox 700 1879 728 1921; x_wconf 84' lang='lat'>§.</span> <span class='ocrx_word' id='word_1_314' title='bbox 770 1889 800 1919; x_wconf 85' lang='lat'>5.</span> <span class='ocrx_word' id='word_1_315' title='bbox 843 1879 864 1911; x_wconf 79' lang='lat' dir='ltr'>l.</span> <span class='ocrx_word' id='word_1_316' title='bbox 896 1887 926 1926; x_wconf 60' lang='grc' dir='ltr'>ἶ.</span> 
     </span>
     <span class='ocr_line' id='line_1_42' title="bbox 57 1921 927 1962; baseline -0.003 -8"><span class='ocrx_word' id='word_1_317' title='bbox 57 1932 134 1955; x_wconf 74' lang='lat' dir='ltr'>num.</span> <span class='ocrx_word' id='word_1_318' title='bbox 169 1932 218 1955; x_wconf 85' lang='lat'>12.</span> <span class='ocrx_word' id='word_1_319' title='bbox 284 1922 370 1954; x_wconf 87' lang='lat' dir='ltr'>Inter</span> <span class='ocrx_word' id='word_1_320' title='bbox 408 1923 599 1954; x_wconf 83' lang='lat' dir='ltr'>recentiores</span> <span class='ocrx_word' id='word_1_321' title='bbox 624 1945 634 1961; x_wconf 94' lang='lat'><em>‚</em></span> <span class='ocrx_word' id='word_1_322' title='bbox 677 1921 730 1962; x_wconf 86' lang='lat' dir='ltr'>qui</span> <span class='ocrx_word' id='word_1_323' title='bbox 764 1930 824 1962; x_wconf 88' lang='lat' dir='ltr'>pro</span> <span class='ocrx_word' id='word_1_324' title='bbox 861 1930 882 1952; x_wconf 92' lang='grc' dir='ltr'>ο</span> <span class='ocrx_word' id='word_1_325' title='bbox 905 1930 927 1951; x_wconf 92' lang='lat'>1-</span> 
     </span>
     <span class='ocr_line' id='line_1_43' title="bbox 57 1961 923 2006; baseline -0.002 -10"><span class='ocrx_word' id='word_1_326' title='bbox 57 1966 151 1997; x_wconf 78' lang='lat' dir='ltr'>nione</span> <span class='ocrx_word' id='word_1_327' title='bbox 177 1964 337 1996; x_wconf 90' lang='lat' dir='ltr'>communi</span> <span class='ocrx_word' id='word_1_328' title='bbox 371 1971 511 2006; x_wconf 84' lang='lat' dir='ltr'>pugnant</span> <span class='ocrx_word' id='word_1_329' title='bbox 532 1987 542 2002; x_wconf 97' lang='lat'>,</span> <span class='ocrx_word' id='word_1_330' title='bbox 584 1964 745 2004; x_wconf 88' lang='lat' dir='ltr'>principes</span> <span class='ocrx_word' id='word_1_331' title='bbox 776 1961 848 1995; x_wconf 90' lang='lat' dir='ltr'>sunt</span> <span class='ocrx_word' id='word_1_332' title='bbox 898 1972 923 1994; x_wconf 91' lang='lat' dir='ltr'>r.</span> 
     </span>
     <span class='ocr_line' id='line_1_44' title="bbox 58 2004 925 2050; baseline -0.005 -11"><span class='ocrx_word' id='word_1_333' title='bbox 58 2005 224 2039; x_wconf 76' lang='lat' dir='ltr'>Duarenus</span> <span class='ocrx_word' id='word_1_334' title='bbox 241 2006 283 2037; x_wconf 85' lang='lat' dir='ltr'>ad·</span> <span class='ocrx_word' id='word_1_335' title='bbox 294 2007 380 2038; x_wconf 82' lang='lat' dir='ltr'>eund.</span> <span class='ocrx_word' id='word_1_336' title='bbox 399 2005 428 2047; x_wconf 82' lang='lat'>§.</span> <span class='ocrx_word' id='word_1_337' title='bbox 448 2004 600 2050; x_wconf 67' lang='lat' dir='ltr'>Qgcinimo.</span> <span class='ocrx_word' id='word_1_338' title='bbox 624 2005 654 2037; x_wconf 67' lang='grc' dir='ltr'>ὅ(</span> <span class='ocrx_word' id='word_1_339' title='bbox 678 2005 699 2036; x_wconf 87' lang='lat' dir='ltr'>l.</span> <span class='ocrx_word' id='word_1_340' title='bbox 716 2014 768 2045; x_wconf 82' lang='lat'>40.</span> <span class='ocrx_word' id='word_1_341' title='bbox 791 2006 825 2036; x_wconf 85' lang='lat' dir='ltr'>de</span> <span class='ocrx_word' id='word_1_342' title='bbox 835 2004 876 2036; x_wconf 91' lang='lat' dir='ltr'>R.</span> <span class='ocrx_word' id='word_1_343' title='bbox 891 2004 925 2035; x_wconf 91' lang='lat' dir='ltr'>C.</span> 
     </span>
     <span class='ocr_line' id='line_1_45' title="bbox 58 2045 925 2089; baseline -0.002 -11"><span class='ocrx_word' id='word_1_344' title='bbox 58 2047 126 2088; x_wconf 72' lang='lat' dir='ltr'>Joh.</span> <span class='ocrx_word' id='word_1_345' title='bbox 153 2047 311 2080; x_wconf 89' lang='lat' dir='ltr'>Robertus</span> <span class='ocrx_word' id='word_1_346' title='bbox 334 2047 543 2089; x_wconf 63' lang='lat' dir='ltr'>Animadvers.</span> <span class='ocrx_word' id='word_1_347' title='bbox 580 2046 654 2087; x_wconf 79' lang='lat' dir='ltr'>Jur.</span> <span class='ocrx_word' id='word_1_348' title='bbox 684 2047 751 2078; x_wconf 80' lang='lat' dir='ltr'>Civ.</span> <span class='ocrx_word' id='word_1_349' title='bbox 793 2045 862 2077; x_wconf 86' lang='lat' dir='ltr'>Lib.</span> <span class='ocrx_word' id='word_1_350' title='bbox 898 2054 925 2077; x_wconf 88' lang='grc' dir='ltr'>Ι.</span> 
     </span>
     <span class='ocr_line' id='line_1_46' title="bbox 61 2086 927 2128; baseline -0.002 -8"><span class='ocrx_word' id='word_1_351' title='bbox 61 2090 131 2128; x_wconf 69' lang='lat' dir='ltr'>Cup.</span> <span class='ocrx_word' id='word_1_352' title='bbox 160 2098 210 2127; x_wconf 69' lang='lat'>23⁹.</span> <span class='ocrx_word' id='word_1_353' title='bbox 241 2088 271 2120; x_wconf 71' lang='grc' dir='ltr'>ἀ.</span> <span class='ocrx_word' id='word_1_354' title='bbox 295 2094 355 2120; x_wconf 80' lang='lat' dir='ltr'>not.</span> <span class='ocrx_word' id='word_1_355' title='bbox 384 2090 422 2120; x_wconf 80' lang='lat' dir='ltr'>ad</span> <span class='ocrx_word' id='word_1_356' title='bbox 440 2095 532 2120; x_wconf 73' lang='lat' dir='ltr'>votat.</span> <span class='ocrx_word' id='word_1_357' title='bbox 550 2088 682 2120; x_wconf 59' lang='lat' dir='ltr'>Mei-cat.</span> <span class='ocrx_word' id='word_1_358' title='bbox 701 2089 761 2120; x_wconf 82' lang='lat' dir='ltr'>eod.</span> <span class='ocrx_word' id='word_1_359' title='bbox 778 2087 866 2118; x_wconf 82' lang='lat' dir='ltr'>Lz&#39;hr.</span> <span class='ocrx_word' id='word_1_360' title='bbox 891 2086 927 2121; x_wconf 55' lang='grc' dir='ltr'>ὅ)</span> 
     </span>
     <span class='ocr_line' id='line_1_47' title="bbox 62 2127 926 2170; baseline -0.001 -10"><span class='ocrx_word' id='word_1_361' title='bbox 62 2131 132 2169; x_wconf 64' lang='lat' dir='ltr'>Cap.</span> <span class='ocrx_word' id='word_1_362' title='bbox 149 2128 218 2169; x_wconf 82' lang='lat' dir='ltr'>Joh.</span> <span class='ocrx_word' id='word_1_363' title='bbox 238 2128 407 2162; x_wconf 87' lang='lat' dir='ltr'>Goeddeus</span> <span class='ocrx_word' id='word_1_364' title='bbox 423 2131 456 2161; x_wconf 85' lang='lat' dir='ltr'>de</span> <span class='ocrx_word' id='word_1_365' title='bbox 478 2131 576 2162; x_wconf 82' lang='lat' dir='ltr'>Contr.</span> <span class='ocrx_word' id='word_1_366' title='bbox 596 2129 633 2165; x_wconf 63' lang='grc' dir='ltr'>ὅ)</span> <span class='ocrx_word' id='word_1_367' title='bbox 653 2139 752 2161; x_wconf 85' lang='lat' dir='ltr'>comm.</span> <span class='ocrx_word' id='word_1_368' title='bbox 767 2127 873 2170; x_wconf 79' lang='lat' dir='ltr'>stipul.</span> <span class='ocrx_word' id='word_1_369' title='bbox 894 2129 926 2159; x_wconf 92' lang='lat' dir='ltr'>C.</span> 
     </span>
     <span class='ocr_line' id='line_1_48' title="bbox 60 2169 928 2212; baseline -0.002 -10"><span class='ocrx_word' id='word_1_370' title='bbox 60 2170 150 2202; x_wconf 62' lang='lat' dir='ltr'>VIII.</span> <span class='ocrx_word' id='word_1_371' title='bbox 177 2170 274 2202; x_wconf 85' lang='lat' dir='ltr'>Concl.</span> <span class='ocrx_word' id='word_1_372' title='bbox 296 2181 324 2202; x_wconf 87' lang='lat'>2.</span> <span class='ocrx_word' id='word_1_373' title='bbox 355 2182 373 2202; x_wconf 88' lang='lat' dir='ltr'><em>a</em></span> <span class='ocrx_word' id='word_1_374' title='bbox 400 2182 478 2203; x_wconf 81' lang='lat' dir='ltr'>num.</span> <span class='ocrx_word' id='word_1_375' title='bbox 499 2181 551 2212; x_wconf 82' lang='lat'>57.</span> <span class='ocrx_word' id='word_1_376' title='bbox 574 2173 612 2203; x_wconf 85' lang='lat' dir='ltr'>ad</span> <span class='ocrx_word' id='word_1_377' title='bbox 638 2181 709 2203; x_wconf 91' lang='lat'>111.</span> <span class='ocrx_word' id='word_1_378' title='bbox 754 2169 807 2202; x_wconf 88' lang='lat' dir='ltr'>De</span> <span class='ocrx_word' id='word_1_379' title='bbox 823 2169 928 2201; x_wconf 85' lang='lat' dir='ltr'>Hoto-</span> 
     </span>
     <span class='ocr_line' id='line_1_49' title="bbox 59 2210 926 2254; baseline -0.001 -11"><span class='ocrx_word' id='word_1_380' title='bbox 59 2220 174 2249; x_wconf 71' lang='lat' dir='ltr'>manno</span> <span class='ocrx_word' id='word_1_381' title='bbox 192 2210 335 2243; x_wconf 80' lang='lat' dir='ltr'>dubitare</span> <span class='ocrx_word' id='word_1_382' title='bbox 352 2212 448 2251; x_wconf 85' lang='lat' dir='ltr'>licet,</span> <span class='ocrx_word' id='word_1_383' title='bbox 473 2214 614 2254; x_wconf 83' lang='lat' dir='ltr'>adeoque</span> <span class='ocrx_word' id='word_1_384' title='bbox 637 2213 677 2244; x_wconf 87' lang='lat' dir='ltr'>de</span> <span class='ocrx_word' id='word_1_385' title='bbox 696 2213 763 2252; x_wconf 89' lang='lat' dir='ltr'>ejus</span> <span class='ocrx_word' id='word_1_386' title='bbox 778 2212 926 2243; x_wconf 85' lang='lat' dir='ltr'>varianti-</span> 
     </span>
     <span class='ocr_line' id='line_1_50' title="bbox 61 2252 926 2300; baseline -0.001 -16"><span class='ocrx_word' id='word_1_387' title='bbox 61 2254 118 2284; x_wconf 83' lang='lat' dir='ltr'>bus</span> <span class='ocrx_word' id='word_1_388' title='bbox 145 2252 206 2291; x_wconf 79' lang='lat' dir='ltr'>Cap</span> <span class='ocrx_word' id='word_1_389' title='bbox 241 2252 296 2285; x_wconf 81' lang='lat' dir='ltr'>ult.</span> <span class='ocrx_word' id='word_1_390' title='bbox 337 2253 444 2300; x_wconf 85' lang='lat' dir='ltr'>.Quod</span> <span class='ocrx_word' id='word_1_391' title='bbox 470 2262 575 2285; x_wconf 88' lang='lat' dir='ltr'>autem</span> <span class='ocrx_word' id='word_1_392' title='bbox 599 2254 743 2286; x_wconf 88' lang='lat' dir='ltr'>Alciatus</span> <span class='ocrx_word' id='word_1_393' title='bbox 765 2254 793 2285; x_wconf 86' lang='lat' dir='ltr'>d.</span> <span class='ocrx_word' id='word_1_394' title='bbox 817 2262 848 2284; x_wconf 85' lang='lat' dir='ltr'>n.</span> <span class='ocrx_word' id='word_1_395' title='bbox 872 2261 926 2293; x_wconf 87' lang='lat'>41.</span> 
     </span>
     <span class='ocr_line' id='line_1_51' title="bbox 60 2292 927 2336; baseline 0.001 -12"><span class='ocrx_word' id='word_1_396' title='bbox 60 2294 149 2336; x_wconf 66' lang='lat' dir='ltr'>pasta</span> <span class='ocrx_word' id='word_1_397' title='bbox 164 2292 276 2325; x_wconf 64' lang='lat' dir='ltr'>strictis</span> <span class='ocrx_word' id='word_1_398' title='bbox 301 2294 514 2326; x_wconf 69' lang='lat' dir='ltr'>contraCtibus</span> <span class='ocrx_word' id='word_1_399' title='bbox 538 2294 633 2327; x_wconf 84' lang='lat' dir='ltr'>inesse</span> <span class='ocrx_word' id='word_1_400' title='bbox 652 2295 731 2327; x_wconf 85' lang='lat' dir='ltr'>dicit</span> <span class='ocrx_word' id='word_1_401' title='bbox 746 2296 872 2336; x_wconf 76' lang='lat' dir='ltr'>quadam</span> <span class='ocrx_word' id='word_1_402' title='bbox 890 2304 927 2325; x_wconf 80' lang='lat' dir='ltr'>ex</span> 
     </span>
     <span class='ocr_line' id='line_1_52' title="bbox 61 2335 927 2377; baseline -0.001 -10"><span class='ocrx_word' id='word_1_403' title='bbox 61 2338 300 2375; x_wconf 80' lang='lat' dir='ltr'>interpretatione</span> <span class='ocrx_word' id='word_1_404' title='bbox 317 2358 328 2373; x_wconf 94' lang='lat'>,</span> <span class='ocrx_word' id='word_1_405' title='bbox 362 2335 514 2377; x_wconf 85' lang='lat' dir='ltr'>intelligit</span> <span class='ocrx_word' id='word_1_406' title='bbox 536 2337 574 2367; x_wconf 93' lang='lat' dir='ltr'>de</span> <span class='ocrx_word' id='word_1_407' title='bbox 589 2337 684 2368; x_wconf 89' lang='lat' dir='ltr'>modo</span> <span class='ocrx_word' id='word_1_408' title='bbox 706 2338 736 2368; x_wconf 68' lang='grc' dir='ltr'>ἃ</span> <span class='ocrx_word' id='word_1_409' title='bbox 754 2336 881 2367; x_wconf 87' lang='lat' dir='ltr'>datione</span> <span class='ocrx_word' id='word_1_410' title='bbox 896 2345 927 2366; x_wconf 92' lang='lat' dir='ltr'>a-</span> 
     </span>
     <span class='ocr_line' id='line_1_53' title="bbox 60 2376 927 2419; baseline -0.001 -10"><span class='ocrx_word' id='word_1_411' title='bbox 60 2376 173 2409; x_wconf 68' lang='lat' dir='ltr'>&amp;ionis</span> <span class='ocrx_word' id='word_1_412' title='bbox 199 2376 331 2408; x_wconf 72' lang='lat' dir='ltr'>diversae</span> <span class='ocrx_word' id='word_1_413' title='bbox 352 2388 360 2408; x_wconf 93' lang='lat'>:</span> <span class='ocrx_word' id='word_1_414' title='bbox 387 2377 477 2408; x_wconf 84' lang='lat' dir='ltr'>aliam</span> <span class='ocrx_word' id='word_1_415' title='bbox 493 2378 577 2409; x_wconf 87' lang='lat' dir='ltr'>enim</span> <span class='ocrx_word' id='word_1_416' title='bbox 598 2387 778 2419; x_wconf 84' lang='lat' dir='ltr'>competere</span> <span class='ocrx_word' id='word_1_417' title='bbox 795 2378 866 2409; x_wconf 86' lang='lat' dir='ltr'>vult</span> <span class='ocrx_word' id='word_1_418' title='bbox 886 2386 927 2408; x_wconf 83' lang='lat' dir='ltr'>ex</span> 
     </span>
     <span class='ocr_line' id='line_1_54' title="bbox 59 2416 928 2461; baseline 0 -11"><span class='ocrx_word' id='word_1_419' title='bbox 59 2418 158 2459; x_wconf 59' lang='lat' dir='ltr'>pactis</span> <span class='ocrx_word' id='word_1_420' title='bbox 181 2416 286 2449; x_wconf 63' lang='lat' dir='ltr'>stricto</span> <span class='ocrx_word' id='word_1_421' title='bbox 311 2418 507 2457; x_wconf 59' lang='lat' dir='ltr'>communi,</span> <span class='ocrx_word' id='word_1_422' title='bbox 541 2429 634 2461; x_wconf 84' lang='lat' dir='ltr'>quam</span> <span class='ocrx_word' id='word_1_423' title='bbox 650 2419 741 2450; x_wconf 81' lang='lat' dir='ltr'>bonae</span> <span class='ocrx_word' id='word_1_424' title='bbox 763 2418 853 2458; x_wconf 88' lang='lat' dir='ltr'>fidei,</span> <span class='ocrx_word' id='word_1_425' title='bbox 878 2419 928 2450; x_wconf 88' lang='lat' dir='ltr'>ad-</span> 
     </span>
     <span class='ocr_line' id='line_1_55' title="bbox 62 2459 925 2502; baseline 0.001 -12"><span class='ocrx_word' id='word_1_426' title='bbox 62 2459 166 2500; x_wconf 53' lang='lat' dir='ltr'>issetis,</span> <span class='ocrx_word' id='word_1_427' title='bbox 190 2467 226 2491; x_wconf 88' lang='lat' dir='ltr'>ut</span> <span class='ocrx_word' id='word_1_428' title='bbox 242 2459 340 2500; x_wconf 90' lang='lat' dir='ltr'>liquet</span> <span class='ocrx_word' id='word_1_429' title='bbox 359 2469 398 2492; x_wconf 87' lang='lat' dir='ltr'>ex</span> <span class='ocrx_word' id='word_1_430' title='bbox 415 2460 554 2500; x_wconf 75' lang='lat' dir='ltr'>ejusdem</span> <span class='ocrx_word' id='word_1_431' title='bbox 573 2467 722 2492; x_wconf 85' lang='lat' dir='ltr'>comment.</span> <span class='ocrx_word' id='word_1_432' title='bbox 741 2460 778 2492; x_wconf 86' lang='lat' dir='ltr'>ad</span> <span class='ocrx_word' id='word_1_433' title='bbox 799 2461 827 2491; x_wconf 87' lang='lat' dir='ltr'>d.</span> <span class='ocrx_word' id='word_1_434' title='bbox 842 2460 861 2491; x_wconf 89' lang='lat' dir='ltr'>l.</span> <span class='ocrx_word' id='word_1_435' title='bbox 877 2469 925 2502; x_wconf 83' lang='lat'>1:3-</span> 
     </span>
     <span class='ocr_line' id='line_1_56' title="bbox 61 2500 927 2543; baseline -0.001 -10"><span class='ocrx_word' id='word_1_436' title='bbox 61 2500 237 2541; x_wconf 61' lang='lat' dir='ltr'>4¹.-depae.</span> <span class='ocrx_word' id='word_1_437' title='bbox 262 2510 295 2532; x_wconf 80' lang='grc' dir='ltr'>η.</span> <span class='ocrx_word' id='word_1_438' title='bbox 319 2510 350 2541; x_wconf 86' lang='lat'>5.</span> <span class='ocrx_word' id='word_1_439' title='bbox 379 2501 415 2536; x_wconf 63' lang='grc' dir='ltr'>ὅ)</span> <span class='ocrx_word' id='word_1_440' title='bbox 440 2505 473 2533; x_wconf 93' lang='lat'>6.</span> <span class='ocrx_word' id='word_1_441' title='bbox 506 2511 570 2543; x_wconf 91' lang='lat' dir='ltr'>quo</span> <span class='ocrx_word' id='word_1_442' title='bbox 587 2502 626 2533; x_wconf 89' lang='lat' dir='ltr'>de</span> <span class='ocrx_word' id='word_1_443' title='bbox 640 2502 671 2534; x_wconf 76' lang='lat' dir='ltr'>&lt;St</span> <span class='ocrx_word' id='word_1_444' title='bbox 687 2502 741 2533; x_wconf 87' lang='lat' dir='ltr'>alii</span> <span class='ocrx_word' id='word_1_445' title='bbox 763 2510 836 2533; x_wconf 84' lang='lat' dir='ltr'>ante</span> <span class='ocrx_word' id='word_1_446' title='bbox 854 2510 927 2533; x_wconf 90' lang='lat' dir='ltr'>eum</span> 
     </span>
     <span class='ocr_line' id='line_1_57' title="bbox 63 2541 928 2583; baseline 0.001 -10"><span class='ocrx_word' id='word_1_447' title='bbox 63 2541 175 2582; x_wconf 80' lang='lat' dir='ltr'>longe,</span> <span class='ocrx_word' id='word_1_448' title='bbox 199 2542 279 2580; x_wconf 81' lang='lat' dir='ltr'>late,</span> <span class='ocrx_word' id='word_1_449' title='bbox 304 2543 333 2574; x_wconf 62' lang='grc' dir='ltr'>ἃ</span> <span class='ocrx_word' id='word_1_450' title='bbox 349 2542 516 2583; x_wconf 80' lang='lat' dir='ltr'>profunde.</span> <span class='ocrx_word' id='word_1_451' title='bbox 562 2542 638 2575; x_wconf 91' lang='lat' dir='ltr'>Non</span> <span class='ocrx_word' id='word_1_452' title='bbox 657 2542 928 2574; x_wconf 84' lang='lat' dir='ltr'>dabimusadSen-</span> 
     </span>
     <span class='ocr_line' id='line_1_58' title="bbox 65 2584 926 2625; baseline 0.002 -11"><span class='ocrx_word' id='word_1_453' title='bbox 65 2584 172 2614; x_wconf 72' lang='lat' dir='ltr'>tentiae</span> <span class='ocrx_word' id='word_1_454' title='bbox 193 2584 368 2615; x_wconf 88' lang='lat' dir='ltr'>communis</span> <span class='ocrx_word' id='word_1_455' title='bbox 383 2584 593 2625; x_wconf 84' lang='lat' dir='ltr'>patrocinium</span> <span class='ocrx_word' id='word_1_456' title='bbox 612 2584 802 2625; x_wconf 81' lang='lat' dir='ltr'>peculiarem</span> <span class='ocrx_word' id='word_1_457' title='bbox 819 2593 926 2625; x_wconf 89' lang='lat' dir='ltr'>quem-</span> 
     </span>
     <span class='ocr_line' id='line_1_59' title="bbox 64 2623 928 2666; baseline 0.002 -12"><span class='ocrx_word' id='word_1_458' title='bbox 64 2623 147 2664; x_wconf 82' lang='lat' dir='ltr'>piam</span> <span class='ocrx_word' id='word_1_459' title='bbox 175 2623 360 2656; x_wconf 84' lang='lat' dir='ltr'>advocatum</span> <span class='ocrx_word' id='word_1_460' title='bbox 379 2648 389 2664; x_wconf 89' lang='lat'>,</span> <span class='ocrx_word' id='word_1_461' title='bbox 420 2625 510 2657; x_wconf 87' lang='lat' dir='ltr'>velut</span> <span class='ocrx_word' id='word_1_462' title='bbox 533 2626 739 2666; x_wconf 85' lang='lat' dir='ltr'>digniorem,</span> <span class='ocrx_word' id='word_1_463' title='bbox 768 2626 798 2657; x_wconf 88' lang='lat'>&amp;</span> <span class='ocrx_word' id='word_1_464' title='bbox 818 2625 928 2659; x_wconf 81' lang='lat' dir='ltr'>instru-</span> 
     </span>
     <span class='ocr_line' id='line_1_60' title="bbox 64 2663 928 2708; baseline 0.001 -12"><span class='ocrx_word' id='word_1_465' title='bbox 64 2663 180 2696; x_wconf 74' lang='lat' dir='ltr'>mentis</span> <span class='ocrx_word' id='word_1_466' title='bbox 195 2664 232 2696; x_wconf 86' lang='lat' dir='ltr'>ad</span> <span class='ocrx_word' id='word_1_467' title='bbox 253 2665 340 2697; x_wconf 84' lang='lat' dir='ltr'>litem</span> <span class='ocrx_word' id='word_1_468' title='bbox 355 2666 530 2699; x_wconf 84' lang='lat' dir='ltr'>neceffariis</span> <span class='ocrx_word' id='word_1_469' title='bbox 545 2668 641 2708; x_wconf 81' lang='lat' dir='ltr'>magis</span> <span class='ocrx_word' id='word_1_470' title='bbox 662 2666 845 2699; x_wconf 59' lang='lat' dir='ltr'>insti-ufkun}</span> <span class='ocrx_word' id='word_1_471' title='bbox 856 2691 867 2707; x_wconf 96' lang='lat'>,</span> <span class='ocrx_word' id='word_1_472' title='bbox 892 2673 928 2698; x_wconf 91' lang='lat' dir='ltr'>ut</span> 
     </span>
     <span class='ocr_line' id='line_1_61' title="bbox 64 2705 928 2751; baseline 0.001 -12"><span class='ocrx_word' id='word_1_473' title='bbox 64 2714 151 2750; x_wconf 29' lang='lat' dir='ltr'>curn.</span> <span class='ocrx_word' id='word_1_474' title='bbox 163 2713 202 2750; x_wconf 72' lang='lat' dir='ltr'>eo</span> <span class='ocrx_word' id='word_1_475' title='bbox 224 2705 313 2737; x_wconf 88' lang='lat' dir='ltr'>nobis</span> <span class='ocrx_word' id='word_1_476' title='bbox 335 2716 382 2738; x_wconf 89' lang='lat' dir='ltr'>res</span> <span class='ocrx_word' id='word_1_477' title='bbox 400 2707 457 2746; x_wconf 80' lang='lat' dir='ltr'>fit,</span> <span class='ocrx_word' id='word_1_478' title='bbox 480 2709 730 2751; x_wconf 82' lang='lat' dir='ltr'>quandoquidem</span> <span class='ocrx_word' id='word_1_479' title='bbox 746 2709 856 2740; x_wconf 87' lang='lat' dir='ltr'>iisdem</span> <span class='ocrx_word' id='word_1_480' title='bbox 873 2718 928 2740; x_wconf 92' lang='lat' dir='ltr'>co-</span> 
     </span>
     <span class='ocr_line' id='line_1_62' title="bbox 64 2745 661 2791; baseline 0.012 -15"><span class='ocrx_word' id='word_1_481' title='bbox 64 2750 154 2786; x_wconf 67' lang='lat' dir='ltr'>pus,</span> <span class='ocrx_word' id='word_1_482' title='bbox 169 2745 277 2791; x_wconf 74' lang='lat' dir='ltr'>iisdem</span> <span class='ocrx_word' id='word_1_483' title='bbox 293 2756 536 2787; x_wconf 68' lang='lat' dir='ltr'>omnes.certent</span> <span class='ocrx_word' id='word_1_484' title='bbox 557 2751 661 2783; x_wconf 86' lang='lat' dir='ltr'>armis.</span> 
     </span>
     <span class='ocr_line' id='line_1_63' title="bbox 65 2786 927 2825; baseline 0.008 -7"><span class='ocrx_word' id='word_1_485' title='bbox 65 2800 93 2818; x_wconf 70' lang='grc' dir='ltr'>ε-</span> <span class='ocrx_word' id='word_1_486' title='bbox 109 2786 258 2819; x_wconf 74' lang='lat' dir='ltr'>Rationes</span> <span class='ocrx_word' id='word_1_487' title='bbox 286 2787 386 2820; x_wconf 70' lang='lat' dir='ltr'>Partis</span> <span class='ocrx_word' id='word_1_488' title='bbox 408 2790 542 2823; x_wconf 88' lang='lat' dir='ltr'>adversae</span> <span class='ocrx_word' id='word_1_489' title='bbox 569 2801 722 2824; x_wconf 86' lang='lat' dir='ltr'>excutere</span> <span class='ocrx_word' id='word_1_490' title='bbox 747 2802 809 2824; x_wconf 91' lang='lat' dir='ltr'>non</span> <span class='ocrx_word' id='word_1_491' title='bbox 833 2792 879 2825; x_wconf 88' lang='lat' dir='ltr'>est</span> <span class='ocrx_word' id='word_1_492' title='bbox 895 2802 927 2824; x_wconf 89' lang='lat' dir='ltr'>o-</span> 
     </span>
     <span class='ocr_line' id='line_1_64' title="bbox 64 2831 927 2876; baseline 0.008 -17"><span class='ocrx_word' id='word_1_493' title='bbox 64 2831 123 2874; x_wconf 71' lang='lat' dir='ltr'>pus</span> <span class='ocrx_word' id='word_1_494' title='bbox 139 2851 149 2866; x_wconf 88' lang='lat'>‚</span> <span class='ocrx_word' id='word_1_495' title='bbox 180 2836 292 2874; x_wconf 82' lang='lat' dir='ltr'>utpote</span> <span class='ocrx_word' id='word_1_496' title='bbox 319 2838 390 2860; x_wconf 89' lang='lat' dir='ltr'>cum</span> <span class='ocrx_word' id='word_1_497' title='bbox 421 2840 528 2864; x_wconf 83' lang='lat' dir='ltr'>omnes</span> <span class='ocrx_word' id='word_1_498' title='bbox 543 2855 554 2871; x_wconf 87' lang='lat'>,</span> <span class='ocrx_word' id='word_1_499' title='bbox 577 2843 646 2874; x_wconf 82' lang='lat' dir='ltr'>quae</span> <span class='ocrx_word' id='word_1_500' title='bbox 664 2834 792 2866; x_wconf 84' lang='lat' dir='ltr'>civilem</span> <span class='ocrx_word' id='word_1_501' title='bbox 813 2833 927 2876; x_wconf 84' lang='lat' dir='ltr'>supien-</span> 
     </span>
     <span class='ocr_line' id='line_1_65' title="bbox 66 2868 925 2914; baseline 0.01 -14"><span class='ocrx_word' id='word_1_502' title='bbox 66 2877 142 2900; x_wconf 80' lang='lat' dir='ltr'>tiam</span> <span class='ocrx_word' id='word_1_503' title='bbox 166 2868 288 2909; x_wconf 77' lang='lat' dir='ltr'>sapiunt</span> <span class='ocrx_word' id='word_1_504' title='bbox 306 2892 317 2908; x_wconf 91' lang='lat'>,</span> <span class='ocrx_word' id='word_1_505' title='bbox 348 2880 365 2901; x_wconf 89' lang='lat' dir='ltr'>a</span> <span class='ocrx_word' id='word_1_506' title='bbox 387 2872 525 2911; x_wconf 86' lang='lat' dir='ltr'>partibus</span> <span class='ocrx_word' id='word_1_507' title='bbox 541 2874 600 2906; x_wconf 81' lang='lat' dir='ltr'>iint</span> <span class='ocrx_word' id='word_1_508' title='bbox 615 2875 750 2914; x_wconf 78' lang='lat' dir='ltr'>nolli-is,</span> <span class='ocrx_word' id='word_1_509' title='bbox 773 2885 808 2907; x_wconf 88' lang='lat' dir='ltr'>ut</span> <span class='ocrx_word' id='word_1_510' title='bbox 824 2876 925 2908; x_wconf 87' lang='lat' dir='ltr'>osten-</span> 
     </span>
     <span class='ocr_line' id='line_1_66' title="bbox 64 2909 927 2959; baseline 0.012 -19"><span class='ocrx_word' id='word_1_511' title='bbox 64 2910 114 2943; x_wconf 88' lang='lat' dir='ltr'>dit</span> <span class='ocrx_word' id='word_1_512' title='bbox 146 2910 215 2949; x_wconf 75' lang='lat' dir='ltr'>Cap.</span> <span class='ocrx_word' id='word_1_513' title='bbox 235 2909 273 2941; x_wconf 82' lang='grc' dir='ltr'>ΙΙ.</span> <span class='ocrx_word' id='word_1_514' title='bbox 305 2911 450 2958; x_wconf 78' lang='lat' dir='ltr'>AEquitas</span> <span class='ocrx_word' id='word_1_515' title='bbox 467 2935 480 2959; x_wconf 81' lang='lat'>⁵.</span> <span class='ocrx_word' id='word_1_516' title='bbox 505 2924 596 2954; x_wconf 87' lang='lat' dir='ltr'>quam</span> <span class='ocrx_word' id='word_1_517' title='bbox 613 2924 714 2949; x_wconf 81' lang='lat' dir='ltr'>tamen</span> <span class='ocrx_word' id='word_1_518' title='bbox 735 2917 830 2959; x_wconf 88' lang='lat' dir='ltr'>aliqui</span> <span class='ocrx_word' id='word_1_519' title='bbox 848 2927 927 2959; x_wconf 83' lang='lat' dir='ltr'>prae-</span> 
     </span>
     <span class='ocr_line' id='line_1_67' title="bbox 66 2950 882 2998; baseline 0.006 -17"><span class='ocrx_word' id='word_1_520' title='bbox 66 2950 218 2988; x_wconf 87' lang='lat' dir='ltr'>tendunt,</span> <span class='ocrx_word' id='word_1_521' title='bbox 231 2951 273 2996; x_wconf 34' lang='grc' dir='ltr'>,ὃς</span> <span class='ocrx_word' id='word_1_522' title='bbox 293 2951 344 2982; x_wconf 84' lang='lat' dir='ltr'>hic</span> <span class='ocrx_word' id='word_1_523' title='bbox 361 2952 390 2984; x_wconf 89' lang='lat'>&amp;</span> <span class='ocrx_word' id='word_1_524' title='bbox 407 2953 482 2985; x_wconf 80' lang='lat' dir='ltr'>alibi</span> <span class='ocrx_word' id='word_1_525' title='bbox 501 2955 563 2986; x_wconf 89' lang='lat' dir='ltr'>fine</span> <span class='ocrx_word' id='word_1_526' title='bbox 582 2957 650 2998; x_wconf 79' lang='lat' dir='ltr'>lege</span> <span class='ocrx_word' id='word_1_527' title='bbox 665 2959 813 2990; x_wconf 77' lang='lat' dir='ltr'>chimaera</span> <span class='ocrx_word' id='word_1_528' title='bbox 828 2961 882 2991; x_wconf 75' lang='lat' dir='ltr'>est,</span> 
     </span>
    </p>

    <p class='ocr_par' dir='ltr' id='par_1_8' title="bbox 67 2991 929 3199">
     <span class='ocr_line' id='line_1_68' title="bbox 109 2991 928 3038; baseline 0.011 -14"><span class='ocrx_word' id='word_1_529' title='bbox 109 2991 288 3038; x_wconf 70' lang='lat' dir='ltr'>AuCtorltas</span> <span class='ocrx_word' id='word_1_530' title='bbox 311 2992 411 3033; x_wconf 85' lang='lat' dir='ltr'>Juris‚</span> <span class='ocrx_word' id='word_1_531' title='bbox 436 3003 492 3034; x_wconf 89' lang='lat' dir='ltr'>pro</span> <span class='ocrx_word' id='word_1_532' title='bbox 516 2999 671 3030; x_wconf 82' lang='lat' dir='ltr'>contraria</span> <span class='ocrx_word' id='word_1_533' title='bbox 695 3000 856 3033; x_wconf 86' lang='lat' dir='ltr'>Sententia</span> <span class='ocrx_word' id='word_1_534' title='bbox 872 3001 928 3033; x_wconf 89' lang='lat' dir='ltr'>mi·</span> 
     </span>
     <span class='ocr_line' id='line_1_69' title="bbox 67 3032 928 3084; baseline 0.01 -20"><span class='ocrx_word' id='word_1_535' title='bbox 67 3032 180 3069; x_wconf 84' lang='lat' dir='ltr'>litans,</span> <span class='ocrx_word' id='word_1_536' title='bbox 203 3040 321 3073; x_wconf 86' lang='lat' dir='ltr'>Optlma</span> <span class='ocrx_word' id='word_1_537' title='bbox 333 3036 467 3077; x_wconf 80' lang='lat' dir='ltr'>maxima</span> <span class='ocrx_word' id='word_1_538' title='bbox 487 3037 531 3068; x_wconf 88' lang='lat' dir='ltr'>est</span> <span class='ocrx_word' id='word_1_539' title='bbox 558 3039 588 3070; x_wconf 89' lang='lat' dir='ltr'>in</span> <span class='ocrx_word' id='word_1_540' title='bbox 612 3040 632 3070; x_wconf 79' lang='lat' dir='ltr'>l.</span> <span class='ocrx_word' id='word_1_541' title='bbox 654 3040 749 3073; x_wconf 60' lang='lat' dir='ltr'>Lecta</span> <span class='ocrx_word' id='word_1_542' title='bbox 763 3052 816 3082; x_wconf 82' lang='lat'>40.</span> <span class='ocrx_word' id='word_1_543' title='bbox 834 3042 875 3084; x_wconf 88' lang='lat' dir='ltr'>ff.</span> <span class='ocrx_word' id='word_1_544' title='bbox 894 3043 928 3074; x_wconf 77' lang='lat' dir='ltr'>do</span> 
     </span>
     <span class='ocr_line' id='line_1_70' title="bbox 68 3075 928 3124; baseline 0.013 -19"><span class='ocrx_word' id='word_1_545' title='bbox 68 3075 128 3106; x_wconf 83' lang='lat' dir='ltr'>reb.</span> <span class='ocrx_word' id='word_1_546' title='bbox 145 3075 220 3119; x_wconf 65' lang='lat' dir='ltr'>cred.</span> <span class='ocrx_word' id='word_1_547' title='bbox 245 3083 335 3114; x_wconf 89' lang='lat' dir='ltr'>quam</span> <span class='ocrx_word' id='word_1_548' title='bbox 352 3077 430 3116; x_wconf 69' lang='lat' dir='ltr'>pacti</span> <span class='ocrx_word' id='word_1_549' title='bbox 449 3077 558 3118; x_wconf 72' lang='lat' dir='ltr'>adjesti</span> <span class='ocrx_word' id='word_1_550' title='bbox 573 3081 714 3114; x_wconf 88' lang='lat' dir='ltr'>vindices</span> <span class='ocrx_word' id='word_1_551' title='bbox 727 3106 737 3122; x_wconf 96' lang='lat'>,</span> <span class='ocrx_word' id='word_1_552' title='bbox 760 3084 928 3124; x_wconf 87' lang='lat' dir='ltr'>cujuscun-</span> 
     </span>
     <span class='ocr_line' id='line_1_71' title="bbox 67 3113 929 3158; baseline 0.015 -13"><span class='ocrx_word' id='word_1_553' title='bbox 67 3124 127 3155; x_wconf 83' lang='lat' dir='ltr'>que</span> <span class='ocrx_word' id='word_1_554' title='bbox 152 3116 210 3146; x_wconf 78' lang='lat' dir='ltr'>{int</span> <span class='ocrx_word' id='word_1_555' title='bbox 234 3113 323 3147; x_wconf 69' lang='lat' dir='ltr'>sectae</span> <span class='ocrx_word' id='word_1_556' title='bbox 338 3139 348 3154; x_wconf 91' lang='lat'>,</span> <span class='ocrx_word' id='word_1_557' title='bbox 381 3126 527 3158; x_wconf 80' lang='lat' dir='ltr'>tanquam</span> <span class='ocrx_word' id='word_1_558' title='bbox 554 3119 668 3154; x_wconf 86' lang='lat' dir='ltr'>sacram</span> <span class='ocrx_word' id='word_1_559' title='bbox 688 3123 748 3155; x_wconf 82' lang='lat' dir='ltr'>suae</span> <span class='ocrx_word' id='word_1_560' title='bbox 766 3123 929 3157; x_wconf 76' lang='lat' dir='ltr'>sententiae</span> 
     </span>
     <span class='ocr_line' id='line_1_72' title="bbox 69 3155 929 3199; baseline 0.007 -13"><span class='ocrx_word' id='word_1_561' title='bbox 69 3155 237 3190; x_wconf 82' lang='lat' dir='ltr'>anchoram</span> <span class='ocrx_word' id='word_1_562' title='bbox 258 3166 383 3189; x_wconf 88' lang='lat' dir='ltr'>contem</span> <span class='ocrx_word' id='word_1_563' title='bbox 408 3158 510 3191; x_wconf 80' lang='lat' dir='ltr'>lantur</span> <span class='ocrx_word' id='word_1_564' title='bbox 529 3184 539 3199; x_wconf 90' lang='lat'><em>‚</em></span> <span class='ocrx_word' id='word_1_565' title='bbox 574 3171 647 3194; x_wconf 92' lang='lat' dir='ltr'>cum</span> <span class='ocrx_word' id='word_1_566' title='bbox 676 3163 790 3196; x_wconf 88' lang='lat' dir='ltr'>fiducia</span> <span class='ocrx_word' id='word_1_567' title='bbox 805 3166 929 3198; x_wconf 87' lang='lat' dir='ltr'>indubi-</span> 
     </span>
    </p>
   </div>
   <div class='ocr_carea' id='block_1_7' title="bbox 71 3196 929 3247">
    <p class='ocr_par' dir='ltr' id='par_1_9' title="bbox 71 3196 929 3247">
     <span class='ocr_line' id='line_1_73' title="bbox 71 3196 929 3247; baseline 0.017 -20"><span class='ocrx_word' id='word_1_568' title='bbox 71 3198 128 3247; x_wconf 68' lang='lat' dir='ltr'>tati</span> <span class='ocrx_word' id='word_1_569' title='bbox 154 3196 285 3239; x_wconf 80' lang='lat' dir='ltr'>praefidii</span> <span class='ocrx_word' id='word_1_570' title='bbox 303 3209 313 3241; x_wconf 77' lang='lat'>‚²</span> <span class='ocrx_word' id='word_1_571' title='bbox 343 3197 374 3232; x_wconf 90' lang='lat' dir='ltr'>se</span> <span class='ocrx_word' id='word_1_572' title='bbox 418 3208 510 3240; x_wconf 85' lang='lat' dir='ltr'>quam</span> <span class='ocrx_word' id='word_1_573' title='bbox 527 3203 641 3243; x_wconf 84' lang='lat' dir='ltr'>procul</span> <span class='ocrx_word' id='word_1_574' title='bbox 657 3214 675 3237; x_wconf 82' lang='lat' dir='ltr'>a</span> <span class='ocrx_word' id='word_1_575' title='bbox 690 3214 773 3238; x_wconf 88' lang='lat' dir='ltr'>voto</span> <span class='ocrx_word' id='word_1_576' title='bbox 785 3207 929 3245; x_wconf 80' lang='lat' dir='ltr'>obtinen-</span> 
     </span>
    </p>
   </div>
   <div class='ocr_carea' id='block_1_8' title="bbox 950 421 1865 3285">
    <p class='ocr_par' dir='ltr' id='par_1_10' title="bbox 950 421 1825 579">
     <span class='ocr_line' id='line_1_74' title="bbox 950 421 1825 465; baseline 0.003 -13"><span class='ocrx_word' id='word_1_577' title='bbox 950 421 1001 461; x_wconf 88' lang='lat' dir='ltr'>di,</span> <span class='ocrx_word' id='word_1_578' title='bbox 1026 422 1064 453; x_wconf 79' lang='lat' dir='ltr'>aci</span> <span class='ocrx_word' id='word_1_579' title='bbox 1082 432 1145 453; x_wconf 77' lang='lat' dir='ltr'>eam</span> <span class='ocrx_word' id='word_1_580' title='bbox 1164 421 1268 453; x_wconf 81' lang='lat' dir='ltr'>habita</span> <span class='ocrx_word' id='word_1_581' title='bbox 1288 421 1527 454; x_wconf 87' lang='lat' dir='ltr'>Commentatio</span> <span class='ocrx_word' id='word_1_582' title='bbox 1543 421 1625 454; x_wconf 88' lang='lat' dir='ltr'>fecit</span> <span class='ocrx_word' id='word_1_583' title='bbox 1642 423 1754 465; x_wconf 87' lang='lat' dir='ltr'>palam.</span> <span class='ocrx_word' id='word_1_584' title='bbox 1776 422 1825 455; x_wconf 87' lang='lat' dir='ltr'>Sit</span> 
     </span>
     <span class='ocr_line' id='line_1_75' title="bbox 951 463 1822 505; baseline 0.001 -10"><span class='ocrx_word' id='word_1_585' title='bbox 951 464 1019 495; x_wconf 62' lang='lat' dir='ltr'>haec</span> <span class='ocrx_word' id='word_1_586' title='bbox 1037 463 1215 495; x_wconf 61' lang='lat' dir='ltr'>conclusio:</span> <span class='ocrx_word' id='word_1_587' title='bbox 1241 464 1340 505; x_wconf 84' lang='lat' dir='ltr'>legem</span> <span class='ocrx_word' id='word_1_588' title='bbox 1362 464 1479 502; x_wconf 68' lang='lat' dir='ltr'>Lecta,</span> <span class='ocrx_word' id='word_1_589' title='bbox 1503 465 1635 496; x_wconf 91' lang='lat' dir='ltr'>omnino</span> <span class='ocrx_word' id='word_1_590' title='bbox 1654 464 1733 496; x_wconf 91' lang='lat' dir='ltr'>nihil</span> <span class='ocrx_word' id='word_1_591' title='bbox 1747 473 1822 496; x_wconf 89' lang='lat' dir='ltr'>con-</span> 
     </span>
     <span class='ocr_line' id='line_1_76' title="bbox 950 504 1825 548; baseline 0.002 -12"><span class='ocrx_word' id='word_1_592' title='bbox 950 505 1034 537; x_wconf 87' lang='lat' dir='ltr'>ferre</span> <span class='ocrx_word' id='word_1_593' title='bbox 1050 507 1087 536; x_wconf 86' lang='lat' dir='ltr'>ad</span> <span class='ocrx_word' id='word_1_594' title='bbox 1111 504 1211 537; x_wconf 75' lang='lat' dir='ltr'>causa:</span> <span class='ocrx_word' id='word_1_595' title='bbox 1235 504 1396 547; x_wconf 65' lang='lat' dir='ltr'>praesentis</span> <span class='ocrx_word' id='word_1_596' title='bbox 1420 506 1578 537; x_wconf 88' lang='lat' dir='ltr'>meritum.</span> <span class='ocrx_word' id='word_1_597' title='bbox 1625 506 1758 548; x_wconf 83' lang='lat' dir='ltr'>Reliqua</span> <span class='ocrx_word' id='word_1_598' title='bbox 1776 505 1825 538; x_wconf 88' lang='lat' dir='ltr'>vi-</span> 
     </span>
     <span class='ocr_line' id='line_1_77' title="bbox 951 546 1135 579; baseline 0.005 -1"><span class='ocrx_word' id='word_1_599' title='bbox 951 547 990 578; x_wconf 89' lang='lat' dir='ltr'>de</span> <span class='ocrx_word' id='word_1_600' title='bbox 1008 546 1135 579; x_wconf 85' lang='lat' dir='ltr'>ibidem.</span> 
     </span>
    </p>

    <p class='ocr_par' dir='ltr' id='par_1_11' title="bbox 953 588 1865 3284">
     <span class='ocr_line' id='line_1_78' title="bbox 995 588 1826 623; baseline 0.005 -4"><span class='ocrx_word' id='word_1_601' title='bbox 995 588 1091 619; x_wconf 85' lang='lat' dir='ltr'>Aliud</span> <span class='ocrx_word' id='word_1_602' title='bbox 1104 588 1148 621; x_wconf 88' lang='lat' dir='ltr'>est</span> <span class='ocrx_word' id='word_1_603' title='bbox 1165 589 1337 621; x_wconf 67' lang='lat' dir='ltr'>Sententiae</span> <span class='ocrx_word' id='word_1_604' title='bbox 1355 589 1532 622; x_wconf 89' lang='lat' dir='ltr'>communis</span> <span class='ocrx_word' id='word_1_605' title='bbox 1558 589 1771 622; x_wconf 86' lang='lat' dir='ltr'>velamentum</span> <span class='ocrx_word' id='word_1_606' title='bbox 1791 589 1826 623; x_wconf 86' lang='lat' dir='ltr'>in</span> 
     </span>
     <span class='ocr_line' id='line_1_79' title="bbox 953 629 1826 672; baseline 0.005 -12"><span class='ocrx_word' id='word_1_607' title='bbox 953 630 972 661; x_wconf 86' lang='lat' dir='ltr'>l.</span> <span class='ocrx_word' id='word_1_608' title='bbox 994 629 1102 661; x_wconf 85' lang='lat' dir='ltr'>Petens</span> <span class='ocrx_word' id='word_1_609' title='bbox 1118 641 1166 672; x_wconf 78' lang='grc'>27.</span> <span class='ocrx_word' id='word_1_610' title='bbox 1197 632 1227 663; x_wconf 91' lang='lat' dir='ltr'>C.</span> <span class='ocrx_word' id='word_1_611' title='bbox 1245 633 1278 662; x_wconf 74' lang='lat' dir='ltr'>dc</span> <span class='ocrx_word' id='word_1_612' title='bbox 1289 631 1370 672; x_wconf 73' lang='lat' dir='ltr'>pact.</span> <span class='ocrx_word' id='word_1_613' title='bbox 1395 631 1448 663; x_wconf 87' lang='lat' dir='ltr'>ubi</span> <span class='ocrx_word' id='word_1_614' title='bbox 1465 631 1566 672; x_wconf 90' lang='lat' dir='ltr'>lmpp.</span> <span class='ocrx_word' id='word_1_615' title='bbox 1584 631 1694 663; x_wconf 89' lang='lat' dir='ltr'>Diocl.</span> <span class='ocrx_word' id='word_1_616' title='bbox 1716 632 1826 664; x_wconf 84' lang='lat' dir='ltr'>&amp;Ma-</span> 
     </span>
     <span class='ocr_line' id='line_1_80' title="bbox 953 670 1825 715; baseline 0.001 -12"><span class='ocrx_word' id='word_1_617' title='bbox 953 670 1030 703; x_wconf 82' lang='lat' dir='ltr'>xim.</span> <span class='ocrx_word' id='word_1_618' title='bbox 1048 671 1079 703; x_wconf 90' lang='lat' dir='ltr'>in</span> <span class='ocrx_word' id='word_1_619' title='bbox 1098 672 1167 704; x_wconf 81' lang='lat' dir='ltr'>haec</span> <span class='ocrx_word' id='word_1_620' title='bbox 1188 674 1284 704; x_wconf 84' lang='lat' dir='ltr'>verba</span> <span class='ocrx_word' id='word_1_621' title='bbox 1303 673 1497 705; x_wconf 79' lang='lat' dir='ltr'>rescribunt:</span> <span class='ocrx_word' id='word_1_622' title='bbox 1523 674 1631 706; x_wconf 78' lang='lat' dir='ltr'>Petens</span> <span class='ocrx_word' id='word_1_623' title='bbox 1648 683 1685 706; x_wconf 81' lang='lat' dir='ltr'>ex</span> <span class='ocrx_word' id='word_1_624' title='bbox 1694 672 1825 715; x_wconf 80' lang='lat' dir='ltr'>stipula—</span> 
     </span>
     <span class='ocr_line' id='line_1_81' title="bbox 955 713 1827 756; baseline 0.005 -13"><span class='ocrx_word' id='word_1_625' title='bbox 955 714 1032 744; x_wconf 77' lang='lat' dir='ltr'>tione</span> <span class='ocrx_word' id='word_1_626' title='bbox 1050 737 1058 752; x_wconf 89' lang='lat'>,</span> <span class='ocrx_word' id='word_1_627' title='bbox 1092 723 1151 755; x_wconf 77' lang='lat' dir='ltr'>quae</span> <span class='ocrx_word' id='word_1_628' title='bbox 1173 714 1282 755; x_wconf 76' lang='lat' dir='ltr'>placiti</span> <span class='ocrx_word' id='word_1_629' title='bbox 1299 715 1445 756; x_wconf 61' lang='lat' dir='ltr'>servandi</span> <span class='ocrx_word' id='word_1_630' title='bbox 1471 715 1557 755; x_wconf 64' lang='lat' dir='ltr'>causti,</span> <span class='ocrx_word' id='word_1_631' title='bbox 1574 716 1678 756; x_wconf 71' lang='lat' dir='ltr'>secuta</span> <span class='ocrx_word' id='word_1_632' title='bbox 1694 714 1754 756; x_wconf 78' lang='lat' dir='ltr'>est:</span> <span class='ocrx_word' id='word_1_633' title='bbox 1770 713 1827 755; x_wconf 85' lang='lat' dir='ltr'>seu</span> 
     </span>
     <span class='ocr_line' id='line_1_82' title="bbox 955 753 1826 798; baseline 0.005 -13"><span class='ocrx_word' id='word_1_634' title='bbox 955 753 1102 796; x_wconf 71' lang='lat' dir='ltr'>‹zitteceffit</span> <span class='ocrx_word' id='word_1_635' title='bbox 1121 757 1240 795; x_wconf 75' lang='lat' dir='ltr'>pactum</span> <span class='ocrx_word' id='word_1_636' title='bbox 1259 779 1271 795; x_wconf 87' lang='lat'>,</span> <span class='ocrx_word' id='word_1_637' title='bbox 1284 758 1339 798; x_wconf 65' lang='lat' dir='ltr'>seu</span> <span class='ocrx_word' id='word_1_638' title='bbox 1352 756 1416 797; x_wconf 77' lang='lat' dir='ltr'>post</span> <span class='ocrx_word' id='word_1_639' title='bbox 1427 754 1533 797; x_wconf 78' lang='lat' dir='ltr'>statim</span> <span class='ocrx_word' id='word_1_640' title='bbox 1550 756 1750 798; x_wconf 79' lang='lat' dir='ltr'>interpofitum</span> <span class='ocrx_word' id='word_1_641' title='bbox 1762 756 1826 796; x_wconf 82' lang='lat' dir='ltr'>sit,</span> 
     </span>
     <span class='ocr_line' id='line_1_83' title="bbox 956 795 1828 840; baseline 0.005 -13"><span class='ocrx_word' id='word_1_642' title='bbox 956 795 1030 828; x_wconf 63' lang='lat' dir='ltr'>reste</span> <span class='ocrx_word' id='word_1_643' title='bbox 1039 798 1199 838; x_wconf 71' lang='lat' dir='ltr'>secundum</span> <span class='ocrx_word' id='word_1_644' title='bbox 1209 798 1243 839; x_wconf 61' lang='lat' dir='ltr'>J&amp;</span> <span class='ocrx_word' id='word_1_645' title='bbox 1252 798 1530 839; x_wconf 73' lang='lat' dir='ltr'>j‘errissntentiam</span> <span class='ocrx_word' id='word_1_646' title='bbox 1551 797 1689 840; x_wconf 82' lang='lat' dir='ltr'>postulat.</span> <span class='ocrx_word' id='word_1_647' title='bbox 1736 799 1828 831; x_wconf 82' lang='lat' dir='ltr'>Mul-</span> 
     </span>
     <span class='ocr_line' id='line_1_84' title="bbox 957 838 1831 882; baseline 0.006 -15"><span class='ocrx_word' id='word_1_648' title='bbox 957 845 1024 869; x_wconf 89' lang='lat' dir='ltr'>tum</span> <span class='ocrx_word' id='word_1_649' title='bbox 1044 838 1129 869; x_wconf 90' lang='lat' dir='ltr'>ultro</span> <span class='ocrx_word' id='word_1_650' title='bbox 1147 839 1293 881; x_wconf 81' lang='lat' dir='ltr'>citroque</span> <span class='ocrx_word' id='word_1_651' title='bbox 1310 841 1425 881; x_wconf 82' lang='lat' dir='ltr'>agitata</span> <span class='ocrx_word' id='word_1_652' title='bbox 1441 839 1485 871; x_wconf 87' lang='lat' dir='ltr'>cst</span> <span class='ocrx_word' id='word_1_653' title='bbox 1503 839 1594 881; x_wconf 87' lang='lat' dir='ltr'>hujus</span> <span class='ocrx_word' id='word_1_654' title='bbox 1613 839 1771 882; x_wconf 88' lang='lat' dir='ltr'>Rescripti</span> <span class='ocrx_word' id='word_1_655' title='bbox 1784 841 1831 876; x_wconf 80' lang='lat' dir='ltr'>in-</span> 
     </span>
     <span class='ocr_line' id='line_1_85' title="bbox 957 880 1831 921; baseline 0.003 -12"><span class='ocrx_word' id='word_1_656' title='bbox 957 881 1143 921; x_wconf 81' lang='lat' dir='ltr'>terpretatio</span> <span class='ocrx_word' id='word_1_657' title='bbox 1165 891 1173 912; x_wconf 77' lang='lat' dir='ltr'>z</span> <span class='ocrx_word' id='word_1_658' title='bbox 1206 881 1256 913; x_wconf 81' lang='lat' dir='ltr'>sed</span> <span class='ocrx_word' id='word_1_659' title='bbox 1275 881 1353 913; x_wconf 79' lang='lat' dir='ltr'>nihil</span> <span class='ocrx_word' id='word_1_660' title='bbox 1375 881 1419 913; x_wconf 90' lang='lat' dir='ltr'>est</span> <span class='ocrx_word' id='word_1_661' title='bbox 1433 880 1581 921; x_wconf 85' lang='lat' dir='ltr'>facilius,</span> <span class='ocrx_word' id='word_1_662' title='bbox 1606 882 1686 914; x_wconf 88' lang='lat' dir='ltr'>nihil</span> <span class='ocrx_word' id='word_1_663' title='bbox 1702 882 1831 914; x_wconf 80' lang='lat' dir='ltr'>clarius.</span> 
     </span>
     <span class='ocr_line' id='line_1_86' title="bbox 957 921 1831 964; baseline 0.005 -13"><span class='ocrx_word' id='word_1_664' title='bbox 957 921 1080 952; x_wconf 81' lang='lat' dir='ltr'>Petitur</span> <span class='ocrx_word' id='word_1_665' title='bbox 1107 922 1150 953; x_wconf 85' lang='lat' dir='ltr'>ibi</span> <span class='ocrx_word' id='word_1_666' title='bbox 1176 932 1217 954; x_wconf 78' lang='lat' dir='ltr'>ex</span> <span class='ocrx_word' id='word_1_667' title='bbox 1239 922 1445 964; x_wconf 86' lang='lat' dir='ltr'>stipulatione</span> <span class='ocrx_word' id='word_1_668' title='bbox 1465 923 1589 964; x_wconf 64' lang='lat' dir='ltr'>pastum</span> <span class='ocrx_word' id='word_1_669' title='bbox 1615 924 1740 963; x_wconf 84' lang='lat' dir='ltr'>secuta,</span> <span class='ocrx_word' id='word_1_670' title='bbox 1764 932 1831 956; x_wconf 87' lang='lat' dir='ltr'>non</span> 
     </span>
     <span class='ocr_line' id='line_1_87' title="bbox 955 962 1830 1007; baseline 0.002 -14"><span class='ocrx_word' id='word_1_671' title='bbox 955 972 996 994; x_wconf 83' lang='lat' dir='ltr'>ex</span> <span class='ocrx_word' id='word_1_672' title='bbox 1023 963 1114 1004; x_wconf 63' lang='lat' dir='ltr'>pacto</span> <span class='ocrx_word' id='word_1_673' title='bbox 1141 962 1377 1005; x_wconf 84' lang='lat' dir='ltr'>stipulationem</span> <span class='ocrx_word' id='word_1_674' title='bbox 1407 964 1515 996; x_wconf 88' lang='lat' dir='ltr'>secuto</span> <span class='ocrx_word' id='word_1_675' title='bbox 1534 989 1543 1004; x_wconf 93' lang='lat'>,</span> <span class='ocrx_word' id='word_1_676' title='bbox 1575 966 1658 1007; x_wconf 87' lang='lat' dir='ltr'>quod</span> <span class='ocrx_word' id='word_1_677' title='bbox 1683 974 1750 998; x_wconf 87' lang='lat' dir='ltr'>erat</span> <span class='ocrx_word' id='word_1_678' title='bbox 1776 965 1830 996; x_wconf 89' lang='lat' dir='ltr'>de-</span> 
     </span>
     <span class='ocr_line' id='line_1_88' title="bbox 957 1004 1830 1048; baseline 0.002 -13"><span class='ocrx_word' id='word_1_679' title='bbox 957 1004 1203 1038; x_wconf 83' lang='lat' dir='ltr'>monstrandum.</span> <span class='ocrx_word' id='word_1_680' title='bbox 1226 1005 1270 1037; x_wconf 87' lang='lat' dir='ltr'>Et</span> <span class='ocrx_word' id='word_1_681' title='bbox 1291 1005 1368 1048; x_wconf 88' lang='lat' dir='ltr'>quid</span> <span class='ocrx_word' id='word_1_682' title='bbox 1384 1006 1405 1038; x_wconf 87' lang='lat' dir='ltr'>fi</span> <span class='ocrx_word' id='word_1_683' title='bbox 1426 1005 1513 1038; x_wconf 75' lang='lat' dir='ltr'>hoc?</span> <span class='ocrx_word' id='word_1_684' title='bbox 1536 1007 1615 1039; x_wconf 85' lang='lat' dir='ltr'>nihil</span> <span class='ocrx_word' id='word_1_685' title='bbox 1636 1007 1746 1039; x_wconf 88' lang='lat' dir='ltr'>refert.</span> <span class='ocrx_word' id='word_1_686' title='bbox 1771 1007 1830 1038; x_wconf 89' lang='lat' dir='ltr'>At-</span> 
     </span>
     <span class='ocr_line' id='line_1_89' title="bbox 959 1046 1834 1090; baseline 0.003 -14"><span class='ocrx_word' id='word_1_687' title='bbox 959 1046 1053 1077; x_wconf 88' lang='lat' dir='ltr'>tende</span> <span class='ocrx_word' id='word_1_688' title='bbox 1071 1070 1082 1086; x_wconf 95' lang='lat'>,</span> <span class='ocrx_word' id='word_1_689' title='bbox 1114 1056 1183 1088; x_wconf 88' lang='lat' dir='ltr'>quae</span> <span class='ocrx_word' id='word_1_690' title='bbox 1207 1046 1307 1079; x_wconf 87' lang='lat' dir='ltr'>fuerit</span> <span class='ocrx_word' id='word_1_691' title='bbox 1330 1046 1518 1088; x_wconf 81' lang='lat' dir='ltr'>stipulatio:</span> <span class='ocrx_word' id='word_1_692' title='bbox 1553 1049 1662 1089; x_wconf 82' lang='lat' dir='ltr'>placiti</span> <span class='ocrx_word' id='word_1_693' title='bbox 1683 1048 1834 1090; x_wconf 77' lang='lat' dir='ltr'>servandi</span> 
     </span>
     <span class='ocr_line' id='line_1_90' title="bbox 958 1088 1835 1135; baseline 0.003 -17"><span class='ocrx_word' id='word_1_694' title='bbox 958 1088 1044 1129; x_wconf 68' lang='lat' dir='ltr'>cansa</span> <span class='ocrx_word' id='word_1_695' title='bbox 1054 1089 1170 1130; x_wconf 81' lang='lat' dir='ltr'>secuta.</span> <span class='ocrx_word' id='word_1_696' title='bbox 1217 1088 1422 1135; x_wconf 80' lang='lat' dir='ltr'>Quapropter</span> <span class='ocrx_word' id='word_1_697' title='bbox 1450 1090 1534 1121; x_wconf 68' lang='lat' dir='ltr'>recte</span> <span class='ocrx_word' id='word_1_698' title='bbox 1550 1091 1612 1131; x_wconf 82' lang='lat' dir='ltr'>jam</span> <span class='ocrx_word' id='word_1_699' title='bbox 1629 1093 1668 1122; x_wconf 88' lang='lat' dir='ltr'>ab</span> <span class='ocrx_word' id='word_1_700' title='bbox 1684 1090 1754 1122; x_wconf 85' lang='lat' dir='ltr'>aliis</span> <span class='ocrx_word' id='word_1_701' title='bbox 1769 1089 1835 1121; x_wconf 90' lang='lat' dir='ltr'>ani-</span> 
     </span>
     <span class='ocr_line' id='line_1_91' title="bbox 958 1129 1835 1173; baseline 0.003 -12"><span class='ocrx_word' id='word_1_702' title='bbox 958 1129 1155 1162; x_wconf 81' lang='lat' dir='ltr'>madversum</span> <span class='ocrx_word' id='word_1_703' title='bbox 1182 1130 1227 1162; x_wconf 89' lang='lat' dir='ltr'>est</span> <span class='ocrx_word' id='word_1_704' title='bbox 1251 1155 1260 1170; x_wconf 93' lang='lat'>,</span> <span class='ocrx_word' id='word_1_705' title='bbox 1295 1131 1379 1171; x_wconf 89' lang='lat' dir='ltr'>quod</span> <span class='ocrx_word' id='word_1_706' title='bbox 1398 1131 1427 1163; x_wconf 87' lang='lat'>&amp;</span> <span class='ocrx_word' id='word_1_707' title='bbox 1456 1132 1552 1163; x_wconf 80' lang='lat' dir='ltr'>verba</span> <span class='ocrx_word' id='word_1_708' title='bbox 1572 1132 1649 1173; x_wconf 82' lang='lat' dir='ltr'>legis</span> <span class='ocrx_word' id='word_1_709' title='bbox 1668 1130 1835 1164; x_wconf 85' lang='lat' dir='ltr'>manifesto</span> 
     </span>
     <span class='ocr_line' id='line_1_92' title="bbox 957 1170 1835 1216; baseline 0.005 -14"><span class='ocrx_word' id='word_1_710' title='bbox 957 1180 1022 1212; x_wconf 81' lang='lat' dir='ltr'>prae</span> <span class='ocrx_word' id='word_1_711' title='bbox 1042 1170 1071 1203; x_wconf 88' lang='lat' dir='ltr'>se</span> <span class='ocrx_word' id='word_1_712' title='bbox 1085 1170 1215 1211; x_wconf 87' lang='lat' dir='ltr'>ferunt,</span> <span class='ocrx_word' id='word_1_713' title='bbox 1241 1173 1470 1215; x_wconf 86' lang='lat' dir='ltr'>supplicantem</span> <span class='ocrx_word' id='word_1_714' title='bbox 1488 1182 1580 1215; x_wconf 83' lang='lat' dir='ltr'>agere</span> <span class='ocrx_word' id='word_1_715' title='bbox 1595 1183 1633 1206; x_wconf 87' lang='lat' dir='ltr'>ex</span> <span class='ocrx_word' id='word_1_716' title='bbox 1646 1173 1759 1216; x_wconf 73' lang='lat' dir='ltr'>paCtO,</span> <span class='ocrx_word' id='word_1_717' title='bbox 1783 1173 1835 1206; x_wconf 81' lang='lat' dir='ltr'>ssi-</span> 
     </span>
     <span class='ocr_line' id='line_1_93' title="bbox 958 1213 1838 1258; baseline 0.003 -14"><span class='ocrx_word' id='word_1_718' title='bbox 958 1214 1121 1255; x_wconf 85' lang='lat' dir='ltr'>pulatione</span> <span class='ocrx_word' id='word_1_719' title='bbox 1152 1213 1279 1246; x_wconf 84' lang='lat' dir='ltr'>firmato</span> <span class='ocrx_word' id='word_1_720' title='bbox 1296 1240 1306 1256; x_wconf 90' lang='lat'>,</span> <span class='ocrx_word' id='word_1_721' title='bbox 1354 1213 1406 1246; x_wconf 89' lang='lat' dir='ltr'>seu</span> <span class='ocrx_word' id='word_1_722' title='bbox 1428 1216 1547 1257; x_wconf 51' lang='lat' dir='ltr'>,potius</span> <span class='ocrx_word' id='word_1_723' title='bbox 1588 1226 1629 1248; x_wconf 85' lang='lat' dir='ltr'>ex</span> <span class='ocrx_word' id='word_1_724' title='bbox 1657 1215 1838 1258; x_wconf 77' lang='lat' dir='ltr'>stipulatio-</span> 
     </span>
     <span class='ocr_line' id='line_1_94' title="bbox 958 1255 1840 1300; baseline 0.005 -14"><span class='ocrx_word' id='word_1_725' title='bbox 958 1264 997 1286; x_wconf 84' lang='lat' dir='ltr'>ne</span> <span class='ocrx_word' id='word_1_726' title='bbox 1028 1255 1149 1288; x_wconf 85' lang='lat' dir='ltr'>idcirco</span> <span class='ocrx_word' id='word_1_727' title='bbox 1171 1265 1328 1299; x_wconf 83' lang='lat' dir='ltr'>concepta</span> <span class='ocrx_word' id='word_1_728' title='bbox 1346 1282 1356 1298; x_wconf 85' lang='lat'>‚</span> <span class='ocrx_word' id='word_1_729' title='bbox 1399 1263 1435 1288; x_wconf 90' lang='lat' dir='ltr'>ut</span> <span class='ocrx_word' id='word_1_730' title='bbox 1462 1257 1541 1300; x_wconf 69' lang='lat' dir='ltr'>pacti</span> <span class='ocrx_word' id='word_1_731' title='bbox 1564 1259 1717 1298; x_wconf 84' lang='lat' dir='ltr'>placitum</span> <span class='ocrx_word' id='word_1_732' title='bbox 1734 1281 1746 1298; x_wconf 88' lang='lat'>,</span> <span class='ocrx_word' id='word_1_733' title='bbox 1780 1266 1840 1300; x_wconf 78' lang='lat' dir='ltr'>pet</span> 
     </span>
     <span class='ocr_line' id='line_1_95' title="bbox 958 1295 1840 1343; baseline 0.003 -14"><span class='ocrx_word' id='word_1_734' title='bbox 958 1296 990 1331; x_wconf 87' lang='lat' dir='ltr'>se</span> <span class='ocrx_word' id='word_1_735' title='bbox 1007 1295 1138 1340; x_wconf 80' lang='lat' dir='ltr'>fragile,</span> <span class='ocrx_word' id='word_1_736' title='bbox 1164 1299 1386 1332; x_wconf 87' lang='lat' dir='ltr'>corroboraret</span> <span class='ocrx_word' id='word_1_737' title='bbox 1408 1306 1503 1343; x_wconf 89' lang='lat' dir='ltr'>atque</span> <span class='ocrx_word' id='word_1_738' title='bbox 1521 1299 1700 1343; x_wconf 81' lang='lat' dir='ltr'>obfignaret</span> <span class='ocrx_word' id='word_1_739' title='bbox 1715 1323 1726 1340; x_wconf 93' lang='lat'>,</span> <span class='ocrx_word' id='word_1_740' title='bbox 1742 1307 1840 1343; x_wconf 86' lang='lat' dir='ltr'>quem</span> 
     </span>
     <span class='ocr_line' id='line_1_96' title="bbox 958 1340 1842 1383; baseline 0.002 -10"><span class='ocrx_word' id='word_1_741' title='bbox 958 1342 991 1373; x_wconf 90' lang='lat' dir='ltr'>in</span> <span class='ocrx_word' id='word_1_742' title='bbox 1020 1341 1114 1373; x_wconf 90' lang='lat' dir='ltr'>finem</span> <span class='ocrx_word' id='word_1_743' title='bbox 1138 1340 1354 1383; x_wconf 82' lang='lat' dir='ltr'>stipulationes</span> <span class='ocrx_word' id='word_1_744' title='bbox 1377 1342 1517 1377; x_wconf 63' lang='lat' dir='ltr'>indutias</span> <span class='ocrx_word' id='word_1_745' title='bbox 1539 1343 1602 1375; x_wconf 90' lang='lat' dir='ltr'>esse</span> <span class='ocrx_word' id='word_1_746' title='bbox 1627 1343 1741 1376; x_wconf 87' lang='lat' dir='ltr'>Paulus</span> <span class='ocrx_word' id='word_1_747' title='bbox 1770 1352 1842 1375; x_wconf 88' lang='lat' dir='ltr'>mo-</span> 
     </span>
     <span class='ocr_line' id='line_1_97' title="bbox 959 1382 1841 1427; baseline 0.002 -12"><span class='ocrx_word' id='word_1_748' title='bbox 959 1389 1014 1415; x_wconf 85' lang='lat' dir='ltr'>net</span> <span class='ocrx_word' id='word_1_749' title='bbox 1046 1382 1116 1414; x_wconf 74' lang='lat' dir='ltr'>Lib.</span> <span class='ocrx_word' id='word_1_750' title='bbox 1138 1382 1178 1414; x_wconf 90' lang='lat' dir='ltr'>V.</span> <span class='ocrx_word' id='word_1_751' title='bbox 1215 1383 1347 1416; x_wconf 81' lang='lat' dir='ltr'>Sentent.</span> <span class='ocrx_word' id='word_1_752' title='bbox 1384 1383 1444 1416; x_wconf 82' lang='lat' dir='ltr'>Tit.</span> <span class='ocrx_word' id='word_1_753' title='bbox 1463 1393 1493 1425; x_wconf 84' lang='lat'>7.</span> <span class='ocrx_word' id='word_1_754' title='bbox 1527 1386 1559 1416; x_wconf 83' lang='lat' dir='ltr'>in</span> <span class='ocrx_word' id='word_1_755' title='bbox 1580 1387 1680 1426; x_wconf 66' lang='lat' dir='ltr'>print.</span> <span class='ocrx_word' id='word_1_756' title='bbox 1726 1384 1841 1427; x_wconf 83' lang='lat' dir='ltr'>Itaque</span> 
     </span>
     <span class='ocr_line' id='line_1_98' title="bbox 961 1423 1842 1468; baseline 0.006 -13"><span class='ocrx_word' id='word_1_757' title='bbox 961 1424 1112 1456; x_wconf 83' lang='lat' dir='ltr'>naturalis</span> <span class='ocrx_word' id='word_1_758' title='bbox 1136 1423 1291 1466; x_wconf 83' lang='lat' dir='ltr'>obligatio</span> <span class='ocrx_word' id='word_1_759' title='bbox 1307 1427 1339 1458; x_wconf 91' lang='lat' dir='ltr'>in</span> <span class='ocrx_word' id='word_1_760' title='bbox 1366 1426 1496 1458; x_wconf 86' lang='lat' dir='ltr'>civilem</span> <span class='ocrx_word' id='word_1_761' title='bbox 1520 1426 1709 1468; x_wconf 79' lang='lat' dir='ltr'>degenerat,</span> <span class='ocrx_word' id='word_1_762' title='bbox 1733 1426 1842 1459; x_wconf 77' lang='lat' dir='ltr'>simul-</span> 
     </span>
     <span class='ocr_line' id='line_1_99' title="bbox 963 1465 1840 1508; baseline 0.003 -11"><span class='ocrx_word' id='word_1_763' title='bbox 963 1476 999 1498; x_wconf 85' lang='lat' dir='ltr'>ac</span> <span class='ocrx_word' id='word_1_764' title='bbox 1025 1465 1151 1507; x_wconf 89' lang='lat' dir='ltr'>placitis</span> <span class='ocrx_word' id='word_1_765' title='bbox 1179 1466 1340 1508; x_wconf 84' lang='lat' dir='ltr'>stipulatio</span> <span class='ocrx_word' id='word_1_766' title='bbox 1356 1467 1584 1508; x_wconf 73' lang='lat' dir='ltr'>intercesserit,</span> <span class='ocrx_word' id='word_1_767' title='bbox 1609 1476 1645 1500; x_wconf 91' lang='lat' dir='ltr'>ut</span> <span class='ocrx_word' id='word_1_768' title='bbox 1661 1468 1756 1500; x_wconf 91' lang='lat' dir='ltr'>iidem</span> <span class='ocrx_word' id='word_1_769' title='bbox 1775 1468 1840 1501; x_wconf 88' lang='lat' dir='ltr'>Im-</span> 
     </span>
     <span class='ocr_line' id='line_1_100' title="bbox 964 1507 1840 1552; baseline 0.005 -14"><span class='ocrx_word' id='word_1_770' title='bbox 964 1515 1122 1549; x_wconf 87' lang='lat' dir='ltr'>peratores</span> <span class='ocrx_word' id='word_1_771' title='bbox 1146 1507 1178 1540; x_wconf 87' lang='lat' dir='ltr'>in</span> <span class='ocrx_word' id='word_1_772' title='bbox 1212 1509 1233 1541; x_wconf 83' lang='lat' dir='ltr'>l.</span> <span class='ocrx_word' id='word_1_773' title='bbox 1241 1509 1305 1551; x_wconf 58' lang='lat' dir='ltr'>seq.</span> <span class='ocrx_word' id='word_1_774' title='bbox 1326 1514 1376 1544; x_wconf 86' lang='lat'>28.</span> <span class='ocrx_word' id='word_1_775' title='bbox 1410 1510 1442 1540; x_wconf 90' lang='lat' dir='ltr'>C.</span> <span class='ocrx_word' id='word_1_776' title='bbox 1462 1511 1495 1541; x_wconf 82' lang='lat' dir='ltr'>de</span> <span class='ocrx_word' id='word_1_777' title='bbox 1509 1509 1589 1550; x_wconf 65' lang='lat' dir='ltr'>past.</span> <span class='ocrx_word' id='word_1_778' title='bbox 1616 1510 1646 1542; x_wconf 89' lang='lat'>&amp;</span> <span class='ocrx_word' id='word_1_779' title='bbox 1661 1508 1840 1552; x_wconf 84' lang='lat' dir='ltr'>Hermoge—</span> 
     </span>
     <span class='ocr_line' id='line_1_101' title="bbox 964 1549 1842 1592; baseline 0.003 -10"><span class='ocrx_word' id='word_1_780' title='bbox 964 1549 1075 1582; x_wconf 85' lang='lat' dir='ltr'>nianus</span> <span class='ocrx_word' id='word_1_781' title='bbox 1092 1549 1125 1581; x_wconf 90' lang='lat' dir='ltr'>in</span> <span class='ocrx_word' id='word_1_782' title='bbox 1148 1550 1169 1582; x_wconf 75' lang='lat' dir='ltr'>l.</span> <span class='ocrx_word' id='word_1_783' title='bbox 1183 1560 1236 1591; x_wconf 85' lang='lat'>45.</span> <span class='ocrx_word' id='word_1_784' title='bbox 1255 1551 1295 1592; x_wconf 89' lang='lat' dir='ltr'>ff.</span> <span class='ocrx_word' id='word_1_785' title='bbox 1310 1552 1369 1583; x_wconf 81' lang='lat' dir='ltr'>eod.</span> <span class='ocrx_word' id='word_1_786' title='bbox 1416 1550 1514 1592; x_wconf 89' lang='lat' dir='ltr'>quue</span> <span class='ocrx_word' id='word_1_787' title='bbox 1531 1552 1575 1582; x_wconf 80' lang='lat' dir='ltr'>est</span> <span class='ocrx_word' id='word_1_788' title='bbox 1590 1552 1622 1584; x_wconf 91' lang='lat' dir='ltr'>in</span> <span class='ocrx_word' id='word_1_789' title='bbox 1643 1549 1755 1591; x_wconf 88' lang='lat' dir='ltr'>causa,</span> <span class='ocrx_word' id='word_1_790' title='bbox 1781 1561 1842 1585; x_wconf 80' lang='lat' dir='ltr'>cur</span> 
     </span>
     <span class='ocr_line' id='line_1_102' title="bbox 964 1589 1843 1635; baseline 0.002 -12"><span class='ocrx_word' id='word_1_791' title='bbox 964 1589 1120 1632; x_wconf 86' lang='lat' dir='ltr'>repulsam</span> <span class='ocrx_word' id='word_1_792' title='bbox 1147 1601 1210 1624; x_wconf 92' lang='lat' dir='ltr'>non</span> <span class='ocrx_word' id='word_1_793' title='bbox 1234 1591 1317 1624; x_wconf 86' lang='lat' dir='ltr'>ferat</span> <span class='ocrx_word' id='word_1_794' title='bbox 1332 1593 1438 1632; x_wconf 69' lang='lat' dir='ltr'>attor,</span> <span class='ocrx_word' id='word_1_795' title='bbox 1463 1593 1485 1625; x_wconf 84' lang='lat' dir='ltr'><strong>fi</strong></span> <span class='ocrx_word' id='word_1_796' title='bbox 1503 1593 1643 1625; x_wconf 87' lang='lat' dir='ltr'>intendat</span> <span class='ocrx_word' id='word_1_797' title='bbox 1662 1602 1703 1625; x_wconf 86' lang='lat' dir='ltr'>ex</span> <span class='ocrx_word' id='word_1_798' title='bbox 1717 1593 1810 1635; x_wconf 66' lang='lat' dir='ltr'>paeto</span> <span class='ocrx_word' id='word_1_799' title='bbox 1827 1616 1843 1634; x_wconf 86' lang='lat'><em>‚</em></span> 
     </span>
     <span class='ocr_line' id='line_1_103' title="bbox 965 1632 1842 1677; baseline 0.006 -14"><span class='ocrx_word' id='word_1_800' title='bbox 965 1633 1027 1674; x_wconf 71' lang='lat' dir='ltr'>Jam</span> <span class='ocrx_word' id='word_1_801' title='bbox 1051 1632 1084 1664; x_wconf 92' lang='lat' dir='ltr'>in</span> <span class='ocrx_word' id='word_1_802' title='bbox 1110 1632 1343 1674; x_wconf 84' lang='lat' dir='ltr'>stipulationem</span> <span class='ocrx_word' id='word_1_803' title='bbox 1368 1633 1535 1666; x_wconf 88' lang='lat' dir='ltr'>transfuso.</span> <span class='ocrx_word' id='word_1_804' title='bbox 1575 1635 1693 1676; x_wconf 61' lang='lat' dir='ltr'>&lt;Atque</span> <span class='ocrx_word' id='word_1_805' title='bbox 1723 1635 1784 1677; x_wconf 82' lang='lat' dir='ltr'>hoc</span> <span class='ocrx_word' id='word_1_806' title='bbox 1804 1635 1842 1669; x_wconf 83' lang='lat' dir='ltr'>iu</span> 
     </span>
     <span class='ocr_line' id='line_1_104' title="bbox 968 1675 1843 1719; baseline 0.005 -14"><span class='ocrx_word' id='word_1_807' title='bbox 968 1681 1111 1713; x_wconf 88' lang='lat' dir='ltr'>tantum,</span> <span class='ocrx_word' id='word_1_808' title='bbox 1129 1683 1166 1706; x_wconf 88' lang='lat' dir='ltr'>ut</span> <span class='ocrx_word' id='word_1_809' title='bbox 1183 1676 1312 1716; x_wconf 88' lang='lat' dir='ltr'>perinde</span> <span class='ocrx_word' id='word_1_810' title='bbox 1330 1675 1367 1708; x_wconf 85' lang='lat' dir='ltr'>fit</span> <span class='ocrx_word' id='word_1_811' title='bbox 1376 1698 1388 1714; x_wconf 88' lang='lat'><em>‚</em></span> <span class='ocrx_word' id='word_1_812' title='bbox 1403 1676 1458 1717; x_wconf 77' lang='lat' dir='ltr'>fia</span> <span class='ocrx_word' id='word_1_813' title='bbox 1473 1675 1620 1718; x_wconf 82' lang='lat' dir='ltr'>antecefflt</span> <span class='ocrx_word' id='word_1_814' title='bbox 1632 1675 1750 1717; x_wconf 68' lang='lat' dir='ltr'>paetum</span> <span class='ocrx_word' id='word_1_815' title='bbox 1761 1700 1771 1716; x_wconf 89' lang='lat'>,</span> <span class='ocrx_word' id='word_1_816' title='bbox 1782 1677 1843 1719; x_wconf 71' lang='lat' dir='ltr'>seu</span> 
     </span>
     <span class='ocr_line' id='line_1_105' title="bbox 965 1713 1841 1760; baseline 0.005 -14"><span class='ocrx_word' id='word_1_817' title='bbox 965 1713 1027 1757; x_wconf 73' lang='lat' dir='ltr'>post</span> <span class='ocrx_word' id='word_1_818' title='bbox 1046 1713 1153 1756; x_wconf 78' lang='lat' dir='ltr'>statim</span> <span class='ocrx_word' id='word_1_819' title='bbox 1179 1716 1376 1759; x_wconf 80' lang='lat' dir='ltr'>interposttum</span> <span class='ocrx_word' id='word_1_820' title='bbox 1397 1717 1448 1757; x_wconf 82' lang='lat' dir='ltr'>fit.</span> <span class='ocrx_word' id='word_1_821' title='bbox 1495 1717 1576 1749; x_wconf 85' lang='lat' dir='ltr'>Haec</span> <span class='ocrx_word' id='word_1_822' title='bbox 1599 1718 1696 1750; x_wconf 86' lang='lat' dir='ltr'>verba</span> <span class='ocrx_word' id='word_1_823' title='bbox 1713 1718 1765 1750; x_wconf 86' lang='lat' dir='ltr'>vel</span> <span class='ocrx_word' id='word_1_824' title='bbox 1786 1727 1841 1760; x_wconf 89' lang='lat' dir='ltr'>pa—</span> 
     </span>
     <span class='ocr_line' id='line_1_106' title="bbox 968 1757 1844 1802; baseline 0.005 -14"><span class='ocrx_word' id='word_1_825' title='bbox 968 1757 1104 1790; x_wconf 73' lang='lat' dir='ltr'>renchefi</span> <span class='ocrx_word' id='word_1_826' title='bbox 1128 1758 1335 1798; x_wconf 83' lang='lat' dir='ltr'>includenda,</span> <span class='ocrx_word' id='word_1_827' title='bbox 1367 1760 1418 1791; x_wconf 90' lang='lat' dir='ltr'>vel</span> <span class='ocrx_word' id='word_1_828' title='bbox 1439 1759 1483 1791; x_wconf 89' lang='lat' dir='ltr'>ita</span> <span class='ocrx_word' id='word_1_829' title='bbox 1506 1758 1614 1791; x_wconf 85' lang='lat' dir='ltr'>saltem</span> <span class='ocrx_word' id='word_1_830' title='bbox 1635 1759 1844 1802; x_wconf 81' lang='lat' dir='ltr'>intelligenda</span> 
     </span>
     <span class='ocr_line' id='line_1_107' title="bbox 969 1797 1856 1843; baseline 0.003 -13"><span class='ocrx_word' id='word_1_831' title='bbox 969 1797 1060 1838; x_wconf 85' lang='lat' dir='ltr'>sunt,</span> <span class='ocrx_word' id='word_1_832' title='bbox 1090 1807 1126 1831; x_wconf 89' lang='lat' dir='ltr'>ut</span> <span class='ocrx_word' id='word_1_833' title='bbox 1146 1800 1335 1841; x_wconf 86' lang='lat' dir='ltr'>praecidatur</span> <span class='ocrx_word' id='word_1_834' title='bbox 1364 1800 1535 1833; x_wconf 85' lang='lat' dir='ltr'>difficultas</span> <span class='ocrx_word' id='word_1_835' title='bbox 1553 1801 1586 1833; x_wconf 88' lang='lat' dir='ltr'>in</span> <span class='ocrx_word' id='word_1_836' title='bbox 1605 1805 1639 1838; x_wconf 67' lang='grc' dir='ltr'>τῷ</span> <span class='ocrx_word' id='word_1_837' title='bbox 1649 1802 1773 1843; x_wconf 82' lang='lat' dir='ltr'>secuta.-</span> <span class='ocrx_word' id='word_1_838' title='bbox 1795 1801 1856 1834; x_wconf 79' lang='lat' dir='ltr'>di-.</span> 
     </span>
     <span class='ocr_line' id='line_1_108' title="bbox 969 1840 1846 1885; baseline 0.006 -14"><span class='ocrx_word' id='word_1_839' title='bbox 969 1849 1021 1872; x_wconf 89' lang='lat' dir='ltr'>ces</span> <span class='ocrx_word' id='word_1_840' title='bbox 1037 1840 1197 1882; x_wconf 90' lang='lat' dir='ltr'>alioquin,</span> <span class='ocrx_word' id='word_1_841' title='bbox 1220 1843 1271 1884; x_wconf 83' lang='lat' dir='ltr'>qui</span> <span class='ocrx_word' id='word_1_842' title='bbox 1288 1842 1355 1884; x_wconf 90' lang='lat' dir='ltr'>peti</span> <span class='ocrx_word' id='word_1_843' title='bbox 1375 1845 1476 1884; x_wconf 69' lang='lat' dir='ltr'>potest</span> <span class='ocrx_word' id='word_1_844' title='bbox 1495 1852 1536 1874; x_wconf 81' lang='lat' dir='ltr'>ex</span> <span class='ocrx_word' id='word_1_845' title='bbox 1556 1842 1761 1884; x_wconf 86' lang='lat' dir='ltr'>stipulatione</span> <span class='ocrx_word' id='word_1_846' title='bbox 1775 1843 1846 1885; x_wconf 75' lang='lat' dir='ltr'>pla-</span> 
     </span>
     <span class='ocr_line' id='line_1_109' title="bbox 970 1880 1842 1927; baseline 0.007 -15"><span class='ocrx_word' id='word_1_847' title='bbox 970 1881 1027 1913; x_wconf 87' lang='lat' dir='ltr'>citi</span> <span class='ocrx_word' id='word_1_848' title='bbox 1045 1880 1188 1915; x_wconf 85' lang='lat' dir='ltr'>servandi</span> <span class='ocrx_word' id='word_1_849' title='bbox 1204 1883 1295 1916; x_wconf 83' lang='lat' dir='ltr'>causa</span> <span class='ocrx_word' id='word_1_850' title='bbox 1305 1883 1429 1924; x_wconf 75' lang='lat' dir='ltr'>ficata,</span> <span class='ocrx_word' id='word_1_851' title='bbox 1462 1883 1611 1925; x_wconf 78' lang='lat' dir='ltr'>siquidem</span> <span class='ocrx_word' id='word_1_852' title='bbox 1628 1883 1693 1925; x_wconf 87' lang='lat' dir='ltr'>ipsa</span> <span class='ocrx_word' id='word_1_853' title='bbox 1714 1885 1842 1927; x_wconf 87' lang='lat' dir='ltr'>stipula·</span> 
     </span>
     <span class='ocr_line' id='line_1_110' title="bbox 971 1923 1842 1968; baseline 0.005 -13"><span class='ocrx_word' id='word_1_854' title='bbox 971 1923 1018 1954; x_wconf 88' lang='lat' dir='ltr'>tio</span> <span class='ocrx_word' id='word_1_855' title='bbox 1044 1924 1210 1964; x_wconf 84' lang='lat' dir='ltr'>praecedat.</span> <span class='ocrx_word' id='word_1_856' title='bbox 1253 1924 1435 1957; x_wconf 80' lang='lat' dir='ltr'>Haloander</span> <span class='ocrx_word' id='word_1_857' title='bbox 1458 1925 1537 1967; x_wconf 84' lang='lat' dir='ltr'>legit</span> <span class='ocrx_word' id='word_1_858' title='bbox 1551 1948 1563 1964; x_wconf 92' lang='lat'>,</span> <span class='ocrx_word' id='word_1_859' title='bbox 1577 1926 1633 1967; x_wconf 81' lang='lat' dir='ltr'>seu</span> <span class='ocrx_word' id='word_1_860' title='bbox 1643 1924 1709 1968; x_wconf 78' lang='lat' dir='ltr'>post</span> <span class='ocrx_word' id='word_1_861' title='bbox 1719 1925 1842 1968; x_wconf 63' lang='lat' dir='ltr'>pastum</span> 
     </span>
     <span class='ocr_line' id='line_1_111' title="bbox 964 1963 1845 2010; baseline 0.007 -15"><span class='ocrx_word' id='word_1_862' title='bbox 964 1963 1069 2005; x_wconf 77' lang='lat' dir='ltr'>statim</span> <span class='ocrx_word' id='word_1_863' title='bbox 1086 1965 1255 2008; x_wconf 77' lang='lat' dir='ltr'>interposita</span> <span class='ocrx_word' id='word_1_864' title='bbox 1263 1966 1322 2006; x_wconf 82' lang='lat' dir='ltr'>stt,</span> <span class='ocrx_word' id='word_1_865' title='bbox 1347 1974 1381 1999; x_wconf 92' lang='lat' dir='ltr'>ut</span> <span class='ocrx_word' id='word_1_866' title='bbox 1397 1967 1428 2000; x_wconf 92' lang='lat' dir='ltr'>in</span> <span class='ocrx_word' id='word_1_867' title='bbox 1444 1977 1570 1999; x_wconf 89' lang='lat' dir='ltr'>omnem</span> <span class='ocrx_word' id='word_1_868' title='bbox 1581 1975 1732 1999; x_wconf 90' lang='lat' dir='ltr'>eventum</span> <span class='ocrx_word' id='word_1_869' title='bbox 1747 1967 1845 2010; x_wconf 88' lang='lat' dir='ltr'>stipu-</span> 
     </span>
     <span class='ocr_line' id='line_1_112' title="bbox 970 2005 1843 2048; baseline 0.007 -12"><span class='ocrx_word' id='word_1_870' title='bbox 970 2006 1048 2037; x_wconf 83' lang='lat' dir='ltr'>latio</span> <span class='ocrx_word' id='word_1_871' title='bbox 1066 2005 1221 2048; x_wconf 80' lang='lat' dir='ltr'>sequatur,</span> <span class='ocrx_word' id='word_1_872' title='bbox 1265 2008 1325 2040; x_wconf 86' lang='lat' dir='ltr'>Sed</span> <span class='ocrx_word' id='word_1_873' title='bbox 1343 2009 1386 2040; x_wconf 87' lang='lat' dir='ltr'>ita</span> <span class='ocrx_word' id='word_1_874' title='bbox 1406 2012 1565 2042; x_wconf 61' lang='lat' dir='ltr'>mommio·</span> <span class='ocrx_word' id='word_1_875' title='bbox 1581 2009 1643 2040; x_wconf 88' lang='lat' dir='ltr'>erit</span> <span class='ocrx_word' id='word_1_876' title='bbox 1659 2007 1769 2042; x_wconf 88' lang='lat' dir='ltr'>misera</span> <span class='ocrx_word' id='word_1_877' title='bbox 1787 2010 1843 2042; x_wconf 89' lang='lat' dir='ltr'>ad-</span> 
     </span>
     <span class='ocr_line' id='line_1_113' title="bbox 970 2048 1845 2087; baseline 0.008 -10"><span class='ocrx_word' id='word_1_878' title='bbox 970 2048 1098 2079; x_wconf 84' lang='lat' dir='ltr'>modum</span> <span class='ocrx_word' id='word_1_879' title='bbox 1112 2072 1121 2087; x_wconf 88' lang='lat'>,</span> <span class='ocrx_word' id='word_1_880' title='bbox 1148 2050 1178 2082; x_wconf 86' lang='lat'>&amp;</span> <span class='ocrx_word' id='word_1_881' title='bbox 1196 2049 1310 2082; x_wconf 79' lang='lat' dir='ltr'>frustra</span> <span class='ocrx_word' id='word_1_882' title='bbox 1324 2050 1535 2083; x_wconf 61' lang='lat' dir='ltr'>distinctionis</span> <span class='ocrx_word' id='word_1_883' title='bbox 1555 2051 1676 2082; x_wconf 84' lang='lat' dir='ltr'>oratio:</span> <span class='ocrx_word' id='word_1_884' title='bbox 1702 2058 1795 2083; x_wconf 86' lang='lat' dir='ltr'>taceo</span> <span class='ocrx_word' id='word_1_885' title='bbox 1806 2051 1845 2084; x_wconf 89' lang='lat' dir='ltr'>fi-</span> 
     </span>
     <span class='ocr_line' id='line_1_114' title="bbox 969 2088 1843 2126; baseline 0.008 -7"><span class='ocrx_word' id='word_1_886' title='bbox 969 2088 1038 2120; x_wconf 87' lang='lat' dir='ltr'>dem</span> <span class='ocrx_word' id='word_1_887' title='bbox 1061 2089 1216 2123; x_wconf 87' lang='lat' dir='ltr'>Codicum</span> <span class='ocrx_word' id='word_1_888' title='bbox 1239 2092 1269 2124; x_wconf 82' lang='lat'>&amp;</span> <span class='ocrx_word' id='word_1_889' title='bbox 1296 2091 1500 2125; x_wconf 85' lang='lat' dir='ltr'>Bafilicorum</span> <span class='ocrx_word' id='word_1_890' title='bbox 1529 2092 1600 2124; x_wconf 84' lang='lat' dir='ltr'>Lib.</span> <span class='ocrx_word' id='word_1_891' title='bbox 1627 2091 1689 2124; x_wconf 88' lang='lat' dir='ltr'>XI.</span> <span class='ocrx_word' id='word_1_892' title='bbox 1727 2092 1787 2125; x_wconf 79' lang='lat' dir='ltr'>Tit.</span> <span class='ocrx_word' id='word_1_893' title='bbox 1814 2092 1843 2126; x_wconf 88' lang='grc' dir='ltr'>Ι.</span> 
     </span>
     <span class='ocr_line' id='line_1_115' title="bbox 972 2132 1845 2176; baseline 0.005 -14"><span class='ocrx_word' id='word_1_894' title='bbox 972 2132 1041 2171; x_wconf 82' lang='lat' dir='ltr'>Cap.</span> <span class='ocrx_word' id='word_1_895' title='bbox 1063 2136 1113 2172; x_wconf 82' lang='lat'>87.</span> <span class='ocrx_word' id='word_1_896' title='bbox 1159 2132 1387 2165; x_wconf 84' lang='lat' dir='ltr'>Hotomannus</span> <span class='ocrx_word' id='word_1_897' title='bbox 1412 2134 1449 2165; x_wconf 85' lang='lat' dir='ltr'>ad</span> <span class='ocrx_word' id='word_1_898' title='bbox 1479 2134 1507 2166; x_wconf 86' lang='lat' dir='ltr'>h.</span> <span class='ocrx_word' id='word_1_899' title='bbox 1534 2134 1554 2165; x_wconf 91' lang='lat' dir='ltr'>l.</span> <span class='ocrx_word' id='word_1_900' title='bbox 1576 2144 1624 2175; x_wconf 83' lang='lat'>27.</span> <span class='ocrx_word' id='word_1_901' title='bbox 1648 2143 1689 2166; x_wconf 90' lang='lat' dir='ltr'>ne</span> <span class='ocrx_word' id='word_1_902' title='bbox 1707 2133 1845 2176; x_wconf 88' lang='lat' dir='ltr'>Impera-</span> 
     </span>
     <span class='ocr_line' id='line_1_116' title="bbox 970 2173 1844 2214; baseline 0.006 -11"><span class='ocrx_word' id='word_1_903' title='bbox 970 2180 1053 2204; x_wconf 84' lang='lat' dir='ltr'>tores</span> <span class='ocrx_word' id='word_1_904' title='bbox 1072 2173 1125 2205; x_wconf 80' lang='lat' dir='ltr'>libi</span> <span class='ocrx_word' id='word_1_905' title='bbox 1146 2174 1372 2213; x_wconf 65' lang='lat' dir='ltr'>contradixiss&#39;e</span> <span class='ocrx_word' id='word_1_906' title='bbox 1400 2175 1590 2214; x_wconf 82' lang='lat' dir='ltr'>videantur,</span> <span class='ocrx_word' id='word_1_907' title='bbox 1614 2174 1713 2207; x_wconf 90' lang='lat' dir='ltr'>securi</span> <span class='ocrx_word' id='word_1_908' title='bbox 1729 2177 1844 2208; x_wconf 79' lang='lat' dir='ltr'>critica</span> 
     </span>
     <span class='ocr_line' id='line_1_117' title="bbox 969 2215 1841 2258; baseline 0.005 -13"><span class='ocrx_word' id='word_1_909' title='bbox 969 2215 1065 2245; x_wconf 70' lang='lat' dir='ltr'>caedit</span> <span class='ocrx_word' id='word_1_910' title='bbox 1082 2217 1109 2242; x_wconf 66' lang='lat' dir='ltr'>n*</span> <span class='ocrx_word' id='word_1_911' title='bbox 1120 2215 1243 2256; x_wconf 83' lang='lat' dir='ltr'>secuta,</span> <span class='ocrx_word' id='word_1_912' title='bbox 1268 2216 1298 2249; x_wconf 89' lang='lat'>&amp;</span> <span class='ocrx_word' id='word_1_913' title='bbox 1316 2218 1443 2258; x_wconf 90' lang='lat' dir='ltr'>reponit</span> <span class='ocrx_word' id='word_1_914' title='bbox 1455 2216 1554 2258; x_wconf 54' lang='lat' dir='ltr'>facia.</span> <span class='ocrx_word' id='word_1_915' title='bbox 1601 2217 1664 2249; x_wconf 90' lang='lat' dir='ltr'>Alii</span> <span class='ocrx_word' id='word_1_916' title='bbox 1685 2217 1841 2249; x_wconf 86' lang='lat' dir='ltr'>virtutem</span> 
     </span>
     <span class='ocr_line' id='line_1_118' title="bbox 970 2256 1843 2299; baseline 0.003 -13"><span class='ocrx_word' id='word_1_917' title='bbox 970 2256 999 2287; x_wconf 65' lang='grc' dir='ltr'>δε</span> <span class='ocrx_word' id='word_1_918' title='bbox 1026 2257 1222 2289; x_wconf 67' lang='lat' dir='ltr'>intellettum</span> <span class='ocrx_word' id='word_1_919' title='bbox 1249 2258 1481 2299; x_wconf 85' lang='lat' dir='ltr'>stipulationis,</span> <span class='ocrx_word' id='word_1_920' title='bbox 1514 2259 1591 2290; x_wconf 87' lang='lat' dir='ltr'>licet</span> <span class='ocrx_word' id='word_1_921' title='bbox 1607 2258 1704 2290; x_wconf 84' lang='lat' dir='ltr'>verba</span> <span class='ocrx_word' id='word_1_922' title='bbox 1718 2266 1843 2291; x_wconf 85' lang='lat' dir='ltr'>antece-</span> 
     </span>
     <span class='ocr_line' id='line_1_119' title="bbox 969 2297 1844 2342; baseline 0.003 -14"><span class='ocrx_word' id='word_1_923' title='bbox 969 2297 1062 2335; x_wconf 82' lang='lat' dir='ltr'>dant,</span> <span class='ocrx_word' id='word_1_924' title='bbox 1084 2298 1173 2339; x_wconf 62' lang='lat' dir='ltr'>pasta</span> <span class='ocrx_word' id='word_1_925' title='bbox 1194 2309 1295 2331; x_wconf 84' lang='lat' dir='ltr'>tamen</span> <span class='ocrx_word' id='word_1_926' title='bbox 1315 2298 1459 2342; x_wconf 89' lang='lat' dir='ltr'>subsequi</span> <span class='ocrx_word' id='word_1_927' title='bbox 1476 2300 1610 2337; x_wconf 81' lang='lat' dir='ltr'>volunt,</span> <span class='ocrx_word' id='word_1_928' title='bbox 1636 2308 1672 2331; x_wconf 90' lang='lat' dir='ltr'>ut</span> <span class='ocrx_word' id='word_1_929' title='bbox 1690 2299 1844 2341; x_wconf 78' lang='lat' dir='ltr'>Cujacius</span> 
     </span>
     <span class='ocr_line' id='line_1_120' title="bbox 970 2339 1845 2382; baseline 0.003 -12"><span class='ocrx_word' id='word_1_930' title='bbox 970 2339 1040 2371; x_wconf 80' lang='lat' dir='ltr'>Lib.</span> <span class='ocrx_word' id='word_1_931' title='bbox 1072 2340 1117 2372; x_wconf 76' lang='lat' dir='ltr'>X.</span> <span class='ocrx_word' id='word_1_932' title='bbox 1154 2340 1277 2382; x_wconf 80' lang='lat' dir='ltr'>Observ.</span> <span class='ocrx_word' id='word_1_933' title='bbox 1314 2341 1347 2373; x_wconf 90' lang='lat' dir='ltr'>C.</span> <span class='ocrx_word' id='word_1_934' title='bbox 1378 2351 1430 2382; x_wconf 84' lang='lat'>24.</span> <span class='ocrx_word' id='word_1_935' title='bbox 1466 2343 1500 2373; x_wconf 82' lang='lat' dir='ltr'>in</span> <span class='ocrx_word' id='word_1_936' title='bbox 1524 2340 1580 2381; x_wconf 84' lang='lat' dir='ltr'>fin.</span> <span class='ocrx_word' id='word_1_937' title='bbox 1636 2341 1754 2373; x_wconf 86' lang='lat' dir='ltr'>Verum</span> <span class='ocrx_word' id='word_1_938' title='bbox 1781 2349 1845 2374; x_wconf 83' lang='lat' dir='ltr'>nec</span> 
     </span>
     <span class='ocr_line' id='line_1_121' title="bbox 968 2380 1846 2423; baseline 0.003 -11"><span class='ocrx_word' id='word_1_939' title='bbox 968 2380 1143 2413; x_wconf 81' lang='lat' dir='ltr'>Haloandri</span> <span class='ocrx_word' id='word_1_940' title='bbox 1169 2382 1264 2414; x_wconf 62' lang='lat' dir='ltr'>lectio</span> <span class='ocrx_word' id='word_1_941' title='bbox 1281 2406 1289 2422; x_wconf 90' lang='lat'>,</span> <span class='ocrx_word' id='word_1_942' title='bbox 1321 2391 1380 2414; x_wconf 89' lang='lat' dir='ltr'>nec</span> <span class='ocrx_word' id='word_1_943' title='bbox 1413 2382 1613 2415; x_wconf 83' lang='lat' dir='ltr'>Hotomanni</span> <span class='ocrx_word' id='word_1_944' title='bbox 1638 2382 1687 2414; x_wconf 88' lang='lat' dir='ltr'>vis</span> <span class='ocrx_word' id='word_1_945' title='bbox 1712 2383 1812 2423; x_wconf 71' lang='lat' dir='ltr'>maior</span> <span class='ocrx_word' id='word_1_946' title='bbox 1828 2406 1846 2423; x_wconf 85' lang='lat'>,</span> 
     </span>
     <span class='ocr_line' id='line_1_122' title="bbox 970 2423 1845 2465; baseline 0.003 -12"><span class='ocrx_word' id='word_1_947' title='bbox 970 2431 1029 2453; x_wconf 90' lang='lat' dir='ltr'>nec</span> <span class='ocrx_word' id='word_1_948' title='bbox 1053 2423 1186 2455; x_wconf 88' lang='lat' dir='ltr'>aliorum</span> <span class='ocrx_word' id='word_1_949' title='bbox 1212 2423 1340 2464; x_wconf 78' lang='lat' dir='ltr'>quaefita</span> <span class='ocrx_word' id='word_1_950' title='bbox 1370 2424 1463 2456; x_wconf 88' lang='lat' dir='ltr'>nimis</span> <span class='ocrx_word' id='word_1_951' title='bbox 1480 2424 1654 2465; x_wconf 85' lang='lat' dir='ltr'>explicatio</span> <span class='ocrx_word' id='word_1_952' title='bbox 1672 2424 1811 2465; x_wconf 81' lang='lat' dir='ltr'>placebit</span> <span class='ocrx_word' id='word_1_953' title='bbox 1827 2446 1845 2463; x_wconf 89' lang='lat'>,</span> 
     </span>
     <span class='ocr_line' id='line_1_123' title="bbox 969 2463 1846 2508; baseline 0.002 -13"><span class='ocrx_word' id='word_1_954' title='bbox 969 2463 1142 2496; x_wconf 84' lang='lat' dir='ltr'>dummodo</span> <span class='ocrx_word' id='word_1_955' title='bbox 1174 2464 1369 2506; x_wconf 71' lang='lat' dir='ltr'>parenthesin</span> <span class='ocrx_word' id='word_1_956' title='bbox 1393 2475 1451 2505; x_wconf 87' lang='lat' dir='ltr'>eo,</span> <span class='ocrx_word' id='word_1_957' title='bbox 1484 2475 1549 2508; x_wconf 91' lang='lat' dir='ltr'>quo</span> <span class='ocrx_word' id='word_1_958' title='bbox 1565 2465 1652 2504; x_wconf 81' lang='lat' dir='ltr'>dixi,</span> <span class='ocrx_word' id='word_1_959' title='bbox 1674 2467 1770 2497; x_wconf 84' lang='lat' dir='ltr'>modo</span> <span class='ocrx_word' id='word_1_960' title='bbox 1786 2475 1846 2507; x_wconf 87' lang='lat' dir='ltr'>ap-</span> 
     </span>
     <span class='ocr_line' id='line_1_124' title="bbox 970 2505 1844 2547; baseline 0.003 -11"><span class='ocrx_word' id='word_1_961' title='bbox 970 2514 1076 2546; x_wconf 82' lang='lat' dir='ltr'>ponas.</span> <span class='ocrx_word' id='word_1_962' title='bbox 1124 2505 1160 2537; x_wconf 88' lang='lat' dir='ltr'>In</span> <span class='ocrx_word' id='word_1_963' title='bbox 1183 2516 1284 2547; x_wconf 89' lang='lat' dir='ltr'>eoque</span> <span class='ocrx_word' id='word_1_964' title='bbox 1311 2507 1372 2538; x_wconf 92' lang='lat' dir='ltr'>eris</span> <span class='ocrx_word' id='word_1_965' title='bbox 1397 2506 1525 2540; x_wconf 79' lang='lat' dir='ltr'>faciIIOr</span> <span class='ocrx_word' id='word_1_966' title='bbox 1547 2529 1559 2546; x_wconf 89' lang='lat'>,</span> <span class='ocrx_word' id='word_1_967' title='bbox 1588 2507 1609 2539; x_wconf 87' lang='lat' dir='ltr'><strong>fi</strong></span> <span class='ocrx_word' id='word_1_968' title='bbox 1636 2508 1844 2547; x_wconf 83' lang='lat' dir='ltr'>memineris,</span> 
     </span>
     <span class='ocr_line' id='line_1_125' title="bbox 970 2545 1846 2591; baseline 0.005 -14"><span class='ocrx_word' id='word_1_969' title='bbox 970 2545 1205 2587; x_wconf 83' lang='lat' dir='ltr'>stipulationem</span> <span class='ocrx_word' id='word_1_970' title='bbox 1225 2549 1256 2579; x_wconf 89' lang='lat' dir='ltr'>in</span> <span class='ocrx_word' id='word_1_971' title='bbox 1272 2547 1344 2580; x_wconf 87' lang='lat' dir='ltr'>casu</span> <span class='ocrx_word' id='word_1_972' title='bbox 1377 2550 1406 2580; x_wconf 88' lang='lat' dir='ltr'>d.</span> <span class='ocrx_word' id='word_1_973' title='bbox 1430 2550 1449 2581; x_wconf 85' lang='lat' dir='ltr'>l.</span> <span class='ocrx_word' id='word_1_974' title='bbox 1476 2559 1524 2591; x_wconf 82' lang='lat'>27.</span> <span class='ocrx_word' id='word_1_975' title='bbox 1549 2558 1658 2581; x_wconf 86' lang='lat' dir='ltr'>revera</span> <span class='ocrx_word' id='word_1_976' title='bbox 1676 2548 1846 2589; x_wconf 82' lang='lat' dir='ltr'>sequutam.</span> 
     </span>
     <span class='ocr_line' id='line_1_126' title="bbox 967 2587 1842 2632; baseline 0.003 -13"><span class='ocrx_word' id='word_1_977' title='bbox 967 2587 1060 2620; x_wconf 72' lang='lat' dir='ltr'>fuiss&#39;e</span> <span class='ocrx_word' id='word_1_978' title='bbox 1075 2590 1299 2621; x_wconf 81' lang='lat' dir='ltr'>conventionis</span> <span class='ocrx_word' id='word_1_979' title='bbox 1317 2590 1470 2631; x_wconf 86' lang='lat' dir='ltr'>placitum</span> <span class='ocrx_word' id='word_1_980' title='bbox 1483 2614 1494 2629; x_wconf 89' lang='lat'>,</span> <span class='ocrx_word' id='word_1_981' title='bbox 1512 2590 1775 2632; x_wconf 84' lang='lat' dir='ltr'>quemadmodum</span> <span class='ocrx_word' id='word_1_982' title='bbox 1794 2590 1842 2622; x_wconf 88' lang='lat' dir='ltr'>di-</span> 
     </span>
     <span class='ocr_line' id='line_1_127' title="bbox 969 2629 1841 2673; baseline 0.003 -12"><span class='ocrx_word' id='word_1_983' title='bbox 969 2629 1050 2661; x_wconf 87' lang='lat' dir='ltr'>serte</span> <span class='ocrx_word' id='word_1_984' title='bbox 1073 2630 1116 2661; x_wconf 86' lang='lat' dir='ltr'>ibi</span> <span class='ocrx_word' id='word_1_985' title='bbox 1140 2629 1310 2670; x_wconf 85' lang='lat' dir='ltr'>scribitur,</span> <span class='ocrx_word' id='word_1_986' title='bbox 1343 2630 1641 2673; x_wconf 79' lang='lat' dir='ltr'>sedlmperatores,</span> <span class='ocrx_word' id='word_1_987' title='bbox 1665 2641 1700 2663; x_wconf 82' lang='lat' dir='ltr'>ut</span> <span class='ocrx_word' id='word_1_988' title='bbox 1719 2631 1841 2664; x_wconf 76' lang='lat' dir='ltr'>chresi-</span> 
     </span>
     <span class='ocr_line' id='line_1_128' title="bbox 969 2671 1840 2715; baseline 0.003 -13"><span class='ocrx_word' id='word_1_989' title='bbox 969 2681 1054 2702; x_wconf 85' lang='lat' dir='ltr'>mum</span> <span class='ocrx_word' id='word_1_990' title='bbox 1067 2696 1076 2710; x_wconf 92' lang='lat'><em>‚</em></span> <span class='ocrx_word' id='word_1_991' title='bbox 1101 2681 1119 2703; x_wconf 83' lang='lat' dir='ltr'>a</span> <span class='ocrx_word' id='word_1_992' title='bbox 1139 2682 1200 2713; x_wconf 82' lang='lat' dir='ltr'>quo</span> <span class='ocrx_word' id='word_1_993' title='bbox 1218 2679 1308 2705; x_wconf 81' lang='lat' dir='ltr'>erant</span> <span class='ocrx_word' id='word_1_994' title='bbox 1330 2673 1427 2712; x_wconf 88' lang='lat' dir='ltr'>aditi,</span> <span class='ocrx_word' id='word_1_995' title='bbox 1451 2674 1489 2705; x_wconf 89' lang='lat' dir='ltr'>de</span> <span class='ocrx_word' id='word_1_996' title='bbox 1514 2673 1636 2715; x_wconf 82' lang='lat' dir='ltr'>justitia</span> <span class='ocrx_word' id='word_1_997' title='bbox 1650 2671 1751 2705; x_wconf 85' lang='lat' dir='ltr'>causae</span> <span class='ocrx_word' id='word_1_998' title='bbox 1771 2673 1840 2713; x_wconf 84' lang='lat' dir='ltr'>ejus</span> 
     </span>
     <span class='ocr_line' id='line_1_129' title="bbox 970 2713 1841 2755; baseline 0.005 -12"><span class='ocrx_word' id='word_1_999' title='bbox 970 2713 1135 2744; x_wconf 81' lang='lat' dir='ltr'>redderent</span> <span class='ocrx_word' id='word_1_1000' title='bbox 1160 2713 1301 2746; x_wconf 83' lang='lat' dir='ltr'>securum</span> <span class='ocrx_word' id='word_1_1001' title='bbox 1325 2715 1435 2755; x_wconf 69' lang='lat' dir='ltr'>plane,</span> <span class='ocrx_word' id='word_1_1002' title='bbox 1460 2729 1594 2754; x_wconf 64' lang='lat' dir='ltr'>rupee-7029</span> <span class='ocrx_word' id='word_1_1003' title='bbox 1612 2713 1779 2753; x_wconf 84' lang='lat' dir='ltr'>addidifl‘e,</span> <span class='ocrx_word' id='word_1_1004' title='bbox 1805 2714 1841 2747; x_wconf 80' lang='lat' dir='ltr'>in</span> 
     </span>
     <span class='ocr_line' id='line_1_130' title="bbox 972 2753 1841 2797; baseline 0.001 -12"><span class='ocrx_word' id='word_1_1005' title='bbox 972 2763 1095 2786; x_wconf 87' lang='lat' dir='ltr'>tantum</span> <span class='ocrx_word' id='word_1_1006' title='bbox 1122 2765 1192 2787; x_wconf 84' lang='lat' dir='ltr'>cum</span> <span class='ocrx_word' id='word_1_1007' title='bbox 1226 2756 1310 2788; x_wconf 62' lang='lat' dir='ltr'>recte</span> <span class='ocrx_word' id='word_1_1008' title='bbox 1336 2763 1463 2797; x_wconf 85' lang='lat' dir='ltr'>petere,</span> <span class='ocrx_word' id='word_1_1009' title='bbox 1498 2765 1556 2795; x_wconf 86' lang='lat' dir='ltr'>ut,</span> <span class='ocrx_word' id='word_1_1010' title='bbox 1579 2756 1698 2787; x_wconf 84' lang='lat' dir='ltr'>etiamfi</span> <span class='ocrx_word' id='word_1_1011' title='bbox 1714 2764 1777 2786; x_wconf 91' lang='lat' dir='ltr'>non</span> <span class='ocrx_word' id='word_1_1012' title='bbox 1794 2753 1841 2786; x_wconf 90' lang='lat' dir='ltr'>se-</span> 
     </span>
     <span class='ocr_line' id='line_1_131' title="bbox 970 2795 1842 2839; baseline 0.001 -13"><span class='ocrx_word' id='word_1_1013' title='bbox 970 2805 1069 2837; x_wconf 77' lang='lat' dir='ltr'>quuta</span> <span class='ocrx_word' id='word_1_1014' title='bbox 1093 2796 1170 2827; x_wconf 82' lang='lat' dir='ltr'>ess&#39;et</span> <span class='ocrx_word' id='word_1_1015' title='bbox 1191 2796 1379 2837; x_wconf 74' lang='lat' dir='ltr'>stipulatio,</span> <span class='ocrx_word' id='word_1_1016' title='bbox 1410 2796 1461 2829; x_wconf 87' lang='lat' dir='ltr'>sed</span> <span class='ocrx_word' id='word_1_1017' title='bbox 1481 2796 1678 2839; x_wconf 81' lang='lat' dir='ltr'>praecessiffet</span> <span class='ocrx_word' id='word_1_1018' title='bbox 1700 2795 1785 2836; x_wconf 82' lang='lat' dir='ltr'>(quo</span> <span class='ocrx_word' id='word_1_1019' title='bbox 1799 2795 1842 2828; x_wconf 82' lang='lat' dir='ltr'>de</span> 
     </span>
     <span class='ocr_line' id='line_1_132' title="bbox 969 2837 1842 2883; baseline 0.001 -16"><span class='ocrx_word' id='word_1_1020' title='bbox 969 2837 1040 2883; x_wconf 75' lang='lat' dir='ltr'>plus</span> <span class='ocrx_word' id='word_1_1021' title='bbox 1061 2838 1148 2870; x_wconf 88' lang='lat' dir='ltr'>dubii</span> <span class='ocrx_word' id='word_1_1022' title='bbox 1173 2837 1234 2870; x_wconf 89' lang='lat' dir='ltr'>esse</span> <span class='ocrx_word' id='word_1_1023' title='bbox 1261 2838 1406 2880; x_wconf 82' lang='lat' dir='ltr'>poterat)</span> <span class='ocrx_word' id='word_1_1024' title='bbox 1431 2847 1535 2871; x_wconf 86' lang='lat' dir='ltr'>tamen</span> <span class='ocrx_word' id='word_1_1025' title='bbox 1551 2839 1632 2879; x_wconf 73' lang='lat' dir='ltr'>justa</span> <span class='ocrx_word' id='word_1_1026' title='bbox 1654 2838 1740 2869; x_wconf 88' lang='lat' dir='ltr'>soret</span> <span class='ocrx_word' id='word_1_1027' title='bbox 1756 2837 1842 2879; x_wconf 86' lang='lat' dir='ltr'>peti-</span> 
     </span>
     <span class='ocr_line' id='line_1_133' title="bbox 970 2887 1591 2910; baseline 0 0"><span class='ocrx_word' id='word_1_1028' title='bbox 970 2887 1026 2910; x_wconf 82' lang='lat' dir='ltr'>tio.</span> <span class='ocrx_word' id='word_1_1029' title='bbox 1589 2890 1591 2894; x_wconf 64' lang='grc'>’</span> 
     </span>
     <span class='ocr_line' id='line_1_134' title="bbox 976 2920 1840 2963; baseline 0.002 -12"><span class='ocrx_word' id='word_1_1030' title='bbox 976 2938 978 2940; x_wconf 97' lang='grc'>-</span> <span class='ocrx_word' id='word_1_1031' title='bbox 1015 2920 1055 2952; x_wconf 82' lang='lat' dir='ltr'>Et</span> <span class='ocrx_word' id='word_1_1032' title='bbox 1073 2920 1142 2952; x_wconf 70' lang='lat' dir='ltr'>haec</span> <span class='ocrx_word' id='word_1_1033' title='bbox 1158 2921 1281 2963; x_wconf 88' lang='lat' dir='ltr'>quidem</span> <span class='ocrx_word' id='word_1_1034' title='bbox 1293 2945 1303 2960; x_wconf 91' lang='lat'>,</span> <span class='ocrx_word' id='word_1_1035' title='bbox 1319 2921 1340 2954; x_wconf 86' lang='lat' dir='ltr'><strong>fi</strong></span> <span class='ocrx_word' id='word_1_1036' title='bbox 1357 2921 1437 2962; x_wconf 71' lang='lat' dir='ltr'>pasti</span> <span class='ocrx_word' id='word_1_1037' title='bbox 1457 2921 1596 2953; x_wconf 82' lang='lat' dir='ltr'>servandi</span> <span class='ocrx_word' id='word_1_1038' title='bbox 1615 2930 1692 2963; x_wconf 82' lang='lat' dir='ltr'>ergo</span> <span class='ocrx_word' id='word_1_1039' title='bbox 1711 2920 1840 2962; x_wconf 81' lang='lat' dir='ltr'>stipula-</span> 
     </span>
     <span class='ocr_line' id='line_1_135' title="bbox 972 2962 1842 3004; baseline 0.002 -11"><span class='ocrx_word' id='word_1_1040' title='bbox 972 2962 1067 2993; x_wconf 86' lang='lat' dir='ltr'>tionis</span> <span class='ocrx_word' id='word_1_1041' title='bbox 1086 2962 1184 2993; x_wconf 88' lang='lat' dir='ltr'>robur</span> <span class='ocrx_word' id='word_1_1042' title='bbox 1197 2962 1421 2994; x_wconf 87' lang='lat' dir='ltr'>intercesserit:</span> <span class='ocrx_word' id='word_1_1043' title='bbox 1455 2971 1531 2995; x_wconf 88' lang='lat' dir='ltr'>tunc</span> <span class='ocrx_word' id='word_1_1044' title='bbox 1548 2964 1631 2994; x_wconf 89' lang='lat' dir='ltr'>enim</span> <span class='ocrx_word' id='word_1_1045' title='bbox 1649 2963 1725 3004; x_wconf 87' lang='lat' dir='ltr'>quid</span> <span class='ocrx_word' id='word_1_1046' title='bbox 1742 2963 1842 2995; x_wconf 87' lang='lat' dir='ltr'>inter-</span> 
     </span>
     <span class='ocr_line' id='line_1_136' title="bbox 971 3003 1840 3046; baseline 0.002 -12"><span class='ocrx_word' id='word_1_1047' title='bbox 971 3003 1037 3041; x_wconf 81' lang='lat' dir='ltr'>est,</span> <span class='ocrx_word' id='word_1_1048' title='bbox 1060 3011 1134 3034; x_wconf 85' lang='lat' dir='ltr'>ante</span> <span class='ocrx_word' id='word_1_1049' title='bbox 1153 3013 1192 3035; x_wconf 85' lang='lat' dir='ltr'>an</span> <span class='ocrx_word' id='word_1_1050' title='bbox 1210 3004 1300 3044; x_wconf 87' lang='lat' dir='ltr'>post,</span> <span class='ocrx_word' id='word_1_1051' title='bbox 1323 3003 1419 3035; x_wconf 87' lang='lat' dir='ltr'>serius</span> <span class='ocrx_word' id='word_1_1052' title='bbox 1432 3013 1533 3046; x_wconf 87' lang='lat' dir='ltr'>ocyus</span> <span class='ocrx_word' id='word_1_1053' title='bbox 1552 3004 1607 3036; x_wconf 87' lang='lat' dir='ltr'>fiat</span> <span class='ocrx_word' id='word_1_1054' title='bbox 1624 3004 1840 3037; x_wconf 83' lang='lat' dir='ltr'>confirmatio.</span> 
     </span>
     <span class='ocr_line' id='line_1_137' title="bbox 971 3044 1842 3087; baseline 0.001 -11"><span class='ocrx_word' id='word_1_1055' title='bbox 971 3044 1160 3084; x_wconf 88' lang='lat' dir='ltr'>Plerumque</span> <span class='ocrx_word' id='word_1_1056' title='bbox 1183 3053 1287 3077; x_wconf 82' lang='lat' dir='ltr'>tamen</span> <span class='ocrx_word' id='word_1_1057' title='bbox 1317 3045 1404 3086; x_wconf 54' lang='lat' dir='ltr'>pacta</span> <span class='ocrx_word' id='word_1_1058' title='bbox 1436 3045 1656 3086; x_wconf 82' lang='lat' dir='ltr'>praecedebant</span> <span class='ocrx_word' id='word_1_1059' title='bbox 1671 3068 1682 3084; x_wconf 95' lang='lat'>,</span> <span class='ocrx_word' id='word_1_1060' title='bbox 1721 3046 1842 3087; x_wconf 85' lang='lat' dir='ltr'>quippe</span> 
     </span>
     <span class='ocr_line' id='line_1_138' title="bbox 971 3085 1841 3128; baseline 0.003 -12"><span class='ocrx_word' id='word_1_1061' title='bbox 971 3095 1045 3117; x_wconf 91' lang='lat' dir='ltr'>cum</span> <span class='ocrx_word' id='word_1_1062' title='bbox 1061 3085 1268 3126; x_wconf 68' lang='lat' dir='ltr'>aggi-effiones</span> <span class='ocrx_word' id='word_1_1063' title='bbox 1286 3086 1464 3126; x_wconf 81' lang='lat' dir='ltr'>hujusmodi</span> <span class='ocrx_word' id='word_1_1064' title='bbox 1492 3086 1667 3126; x_wconf 89' lang='lat' dir='ltr'>solemnes,</span> <span class='ocrx_word' id='word_1_1065' title='bbox 1690 3095 1841 3128; x_wconf 83' lang='lat' dir='ltr'>tanquam</span> 
     </span>
     <span class='ocr_line' id='line_1_139' title="bbox 972 3127 1843 3165; baseline 0.003 -7"><span class='ocrx_word' id='word_1_1066' title='bbox 972 3127 1054 3158; x_wconf 89' lang='lat' dir='ltr'>male</span> <span class='ocrx_word' id='word_1_1067' title='bbox 1070 3127 1240 3165; x_wconf 82' lang='lat' dir='ltr'>ominatae,</span> <span class='ocrx_word' id='word_1_1068' title='bbox 1264 3127 1406 3158; x_wconf 88' lang='lat' dir='ltr'>homines</span> <span class='ocrx_word' id='word_1_1069' title='bbox 1417 3135 1581 3160; x_wconf 87' lang='lat' dir='ltr'>terrerent.</span> <span class='ocrx_word' id='word_1_1070' title='bbox 1626 3128 1843 3162; x_wconf 85' lang='lat' dir='ltr'>Exordieban-</span> 
     </span>
     <span class='ocr_line' id='line_1_140' title="bbox 974 3167 1865 3212; baseline 0.006 -14"><span class='ocrx_word' id='word_1_1071' title='bbox 974 3176 1026 3199; x_wconf 88' lang='lat' dir='ltr'>tur</span> <span class='ocrx_word' id='word_1_1072' title='bbox 1042 3168 1138 3209; x_wconf 80' lang='lat' dir='ltr'>igitur</span> <span class='ocrx_word' id='word_1_1073' title='bbox 1159 3168 1265 3200; x_wconf 87' lang='lat' dir='ltr'>verbis</span> <span class='ocrx_word' id='word_1_1074' title='bbox 1279 3167 1466 3210; x_wconf 89' lang='lat' dir='ltr'>promiscuis</span> <span class='ocrx_word' id='word_1_1075' title='bbox 1491 3170 1521 3202; x_wconf 90' lang='lat'>&amp;</span> <span class='ocrx_word' id='word_1_1076' title='bbox 1543 3170 1764 3212; x_wconf 88' lang='lat' dir='ltr'>popularibus,</span> <span class='ocrx_word' id='word_1_1077' title='bbox 1789 3179 1842 3202; x_wconf 89' lang='lat' dir='ltr'>or·</span> <span class='ocrx_word' id='word_1_1078' title='bbox 1860 3173 1865 3176; x_wconf 80' lang='grc'><strong><em>’</em></strong></span> 
     </span>
     <span class='ocr_line' id='line_1_141' title="bbox 972 3209 1842 3284; baseline 0.001 -41"><span class='ocrx_word' id='word_1_1079' title='bbox 972 3209 1121 3245; x_wconf 81' lang='lat' dir='ltr'>dinabant</span> <span class='ocrx_word' id='word_1_1080' title='bbox 1151 3211 1279 3284; x_wconf 45' lang='lat' dir='ltr'>negot&amp;</span> <span class='ocrx_word' id='word_1_1081' title='bbox 1305 3209 1399 3245; x_wconf 88' lang='lat' dir='ltr'>nudis</span> <span class='ocrx_word' id='word_1_1082' title='bbox 1423 3211 1536 3254; x_wconf 85' lang='lat' dir='ltr'>placiti</span> <span class='ocrx_word' id='word_1_1083' title='bbox 1561 3210 1703 3254; x_wconf 84' lang='lat' dir='ltr'>finibus,</span> <span class='ocrx_word' id='word_1_1084' title='bbox 1727 3212 1758 3245; x_wconf 87' lang='lat'>&amp;</span> <span class='ocrx_word' id='word_1_1085' title='bbox 1773 3211 1842 3250; x_wconf 62' lang='lat' dir='ltr'>ita‚¹</span> 
     </span>
    </p>

    <p class='ocr_par' dir='ltr' id='par_1_12' title="bbox 1294 3262 1847 3285">
     <span class='ocr_line' id='line_1_142' title="bbox 1294 3262 1847 3285; baseline 0 0"><span class='ocrx_word' id='word_1_1086' title='bbox 1294 3262 1312 3285; x_wconf 83' lang='lat'><strong>2</strong></span> <span class='ocrx_word' id='word_1_1087' title='bbox 1805 3262 1847 3285; x_wconf 81' lang='lat' dir='ltr'>ne</span> 
     </span>
    </p>
   </div>
  </div>
 </body>
</html>
