<?xml version="1.0" encoding="UTF-8"?>
<!DOCTYPE html PUBLIC "-//W3C//DTD XHTML 1.0 Transitional//EN"
    "http://www.w3.org/TR/xhtml1/DTD/xhtml1-transitional.dtd">
<html xmlns="http://www.w3.org/1999/xhtml" xml:lang="en" lang="en">
 <head>
  <title>
</title>
<meta http-equiv="Content-Type" content="text/html;charset=utf-8" />
  <meta name='ocr-system' content='tesseract 3.04.00' />
  <meta name='ocr-capabilities' content='ocr_page ocr_carea ocr_par ocr_line ocrx_word'/>
</head>
<body>
  <div class='ocr_page' id='page_1' title='image "./corneliivanbynke00bijn_0526.png"; bbox 0 0 2008 3436; ppageno 0'>
   <div class='ocr_carea' id='block_1_1' title="bbox 200 109 834 159">
    <p class='ocr_par' dir='ltr' id='par_1_1' title="bbox 200 109 834 159">
     <span class='ocr_line' id='line_1_1' title="bbox 200 109 834 159; baseline -0.021 -1"><span class='ocrx_word' id='word_1_1' title='bbox 200 118 246 159; x_wconf 80' lang='lat'>48</span> <span class='ocrx_word' id='word_1_2' title='bbox 434 109 834 152; x_wconf 86' lang='lat' dir='ltr'>CORNELII</span> 
     </span>
    </p>
   </div>
   <div class='ocr_carea' id='block_1_2' title="bbox 186 189 1064 2343">
    <p class='ocr_par' dir='ltr' id='par_1_2' title="bbox 194 189 1064 1301">
     <span class='ocr_line' id='line_1_2' title="bbox 200 189 1062 237; baseline -0.008 -10"><span class='ocrx_word' id='word_1_3' title='bbox 200 195 350 236; x_wconf 86' lang='lat' dir='ltr'>inerunt,</span> <span class='ocrx_word' id='word_1_4' title='bbox 379 205 416 228; x_wconf 79' lang='lat' dir='ltr'>ne</span> <span class='ocrx_word' id='word_1_5' title='bbox 444 206 481 228; x_wconf 86' lang='lat' dir='ltr'>ex</span> <span class='ocrx_word' id='word_1_6' title='bbox 501 196 586 237; x_wconf 55' lang='lat' dir='ltr'>pado</span> <span class='ocrx_word' id='word_1_7' title='bbox 609 193 684 226; x_wconf 60' lang='lat' dir='ltr'>auio</span> <span class='ocrx_word' id='word_1_8' title='bbox 705 193 865 237; x_wconf 57' lang='lat' dir='ltr'>nascatur,</span> <span class='ocrx_word' id='word_1_9' title='bbox 887 190 990 232; x_wconf 89' lang='lat' dir='ltr'>inquit</span> <span class='ocrx_word' id='word_1_10' title='bbox 1008 189 1062 221; x_wconf 89' lang='lat' dir='ltr'>ille</span> 
     </span>
     <span class='ocr_line' id='line_1_3' title="bbox 199 231 1061 279; baseline -0.009 -10"><span class='ocrx_word' id='word_1_11' title='bbox 199 237 234 269; x_wconf 84' lang='lat' dir='ltr'>in</span> <span class='ocrx_word' id='word_1_12' title='bbox 267 238 286 269; x_wconf 84' lang='lat' dir='ltr'>l.</span> <span class='ocrx_word' id='word_1_13' title='bbox 311 247 342 278; x_wconf 89' lang='lat'>7.</span> <span class='ocrx_word' id='word_1_14' title='bbox 373 237 401 279; x_wconf 55' lang='grc' dir='ltr'>ᾗ.</span> <span class='ocrx_word' id='word_1_15' title='bbox 425 247 455 278; x_wconf 84' lang='lat'>5.</span> <span class='ocrx_word' id='word_1_16' title='bbox 489 249 530 270; x_wconf 83' lang='lat' dir='ltr'>v.</span> <span class='ocrx_word' id='word_1_17' title='bbox 577 237 658 270; x_wconf 80' lang='lat' dir='ltr'>Idem</span> <span class='ocrx_word' id='word_1_18' title='bbox 682 235 848 275; x_wconf 75' lang='lat' dir='ltr'>responsum.</span> <span class='ocrx_word' id='word_1_19' title='bbox 867 232 909 273; x_wconf 92' lang='lat' dir='ltr'>ff.</span> <span class='ocrx_word' id='word_1_20' title='bbox 933 234 965 263; x_wconf 79' lang='lat' dir='ltr'>de</span> <span class='ocrx_word' id='word_1_21' title='bbox 981 231 1061 277; x_wconf 61' lang='grc' dir='ltr'>ρᾳὲζ,</span> 
     </span>
     <span class='ocr_line' id='line_1_4' title="bbox 199 273 1062 320; baseline -0.007 -11"><span class='ocrx_word' id='word_1_22' title='bbox 199 279 254 310; x_wconf 87' lang='lat' dir='ltr'>vel</span> <span class='ocrx_word' id='word_1_23' title='bbox 272 280 365 311; x_wconf 90' lang='lat' dir='ltr'>etiam</span> <span class='ocrx_word' id='word_1_24' title='bbox 392 288 464 311; x_wconf 87' lang='lat' dir='ltr'>nata</span> <span class='ocrx_word' id='word_1_25' title='bbox 488 279 556 319; x_wconf 90' lang='lat' dir='ltr'>ipso</span> <span class='ocrx_word' id='word_1_26' title='bbox 576 279 643 319; x_wconf 81' lang='lat' dir='ltr'>jure</span> <span class='ocrx_word' id='word_1_27' title='bbox 669 278 820 313; x_wconf 83' lang='lat' dir='ltr'>tollatur,</span> <span class='ocrx_word' id='word_1_28' title='bbox 845 273 931 320; x_wconf 83' lang='lat' dir='ltr'>quod</span> <span class='ocrx_word' id='word_1_29' title='bbox 947 273 1062 304; x_wconf 82' lang='lat' dir='ltr'>notissi-</span> 
     </span>
     <span class='ocr_line' id='line_1_5' title="bbox 200 315 1060 362; baseline -0.01 -10"><span class='ocrx_word' id='word_1_30' title='bbox 200 329 271 352; x_wconf 88' lang='lat' dir='ltr'>mos</span> <span class='ocrx_word' id='word_1_31' title='bbox 287 321 367 362; x_wconf 65' lang='lat' dir='ltr'>pacti</span> <span class='ocrx_word' id='word_1_32' title='bbox 384 322 535 353; x_wconf 88' lang='lat' dir='ltr'>terminos</span> <span class='ocrx_word' id='word_1_33' title='bbox 555 319 691 351; x_wconf 85' lang='lat' dir='ltr'>excedit.</span> <span class='ocrx_word' id='word_1_34' title='bbox 737 317 850 348; x_wconf 88' lang='lat' dir='ltr'>Manet</span> <span class='ocrx_word' id='word_1_35' title='bbox 867 315 1060 361; x_wconf 33' lang='lat' dir='ltr'>hic-contra-</span> 
     </span>
     <span class='ocr_line' id='line_1_6' title="bbox 198 356 1061 403; baseline -0.007 -11"><span class='ocrx_word' id='word_1_36' title='bbox 198 361 290 401; x_wconf 67' lang='lat' dir='ltr'>stus,</span> <span class='ocrx_word' id='word_1_37' title='bbox 321 363 420 403; x_wconf 91' lang='lat' dir='ltr'>qualis</span> <span class='ocrx_word' id='word_1_38' title='bbox 448 361 511 393; x_wconf 86' lang='lat' dir='ltr'>fuit</span> <span class='ocrx_word' id='word_1_39' title='bbox 528 385 538 401; x_wconf 91' lang='lat'>,</span> <span class='ocrx_word' id='word_1_40' title='bbox 574 362 693 401; x_wconf 80' lang='lat' dir='ltr'>integer</span> <span class='ocrx_word' id='word_1_41' title='bbox 714 370 722 389; x_wconf 90' lang='lat'><strong>:</strong></span> <span class='ocrx_word' id='word_1_42' title='bbox 753 356 875 389; x_wconf 88' lang='lat' dir='ltr'>accedit</span> <span class='ocrx_word' id='word_1_43' title='bbox 893 356 1011 402; x_wconf 85' lang='lat' dir='ltr'>aliquid</span> <span class='ocrx_word' id='word_1_44' title='bbox 1030 365 1061 387; x_wconf 84' lang='lat' dir='ltr'>in</span> 
     </span>
     <span class='ocr_line' id='line_1_7' title="bbox 198 396 1061 443; baseline -0.01 -7"><span class='ocrx_word' id='word_1_45' title='bbox 198 403 331 443; x_wconf 82' lang='lat' dir='ltr'>gratiam</span> <span class='ocrx_word' id='word_1_46' title='bbox 350 404 532 435; x_wconf 83' lang='lat' dir='ltr'>alterutrius</span> <span class='ocrx_word' id='word_1_47' title='bbox 548 400 823 434; x_wconf 84' lang='lat' dir='ltr'>Contrahentium.</span> <span class='ocrx_word' id='word_1_48' title='bbox 849 397 883 429; x_wconf 86' lang='lat' dir='ltr'>Id</span> <span class='ocrx_word' id='word_1_49' title='bbox 901 397 921 429; x_wconf 88' lang='lat' dir='ltr'>s1</span> <span class='ocrx_word' id='word_1_50' title='bbox 939 396 1061 435; x_wconf 74' lang='lat' dir='ltr'>inesset,</span> 
     </span>
     <span class='ocr_line' id='line_1_8' title="bbox 198 437 1063 517; baseline -0.009 -41"><span class='ocrx_word' id='word_1_51' title='bbox 198 445 238 475; x_wconf 83' lang='lat' dir='ltr'>de</span> <span class='ocrx_word' id='word_1_52' title='bbox 261 445 482 517; x_wconf 56' lang='lat' dir='ltr'>cpmmunibus</span> <span class='ocrx_word' id='word_1_53' title='bbox 504 444 665 486; x_wconf 67' lang='lat' dir='ltr'>pastorum</span> <span class='ocrx_word' id='word_1_54' title='bbox 692 440 809 482; x_wconf 87' lang='lat' dir='ltr'>regulis</span> <span class='ocrx_word' id='word_1_55' title='bbox 839 438 943 470; x_wconf 66' lang='lat' dir='ltr'>acrum</span> <span class='ocrx_word' id='word_1_56' title='bbox 975 437 1063 469; x_wconf 86' lang='lat' dir='ltr'>foret</span> 
     </span>
     <span class='ocr_line' id='line_1_9' title="bbox 223 495 335 517; baseline 0.009 -1"><span class='ocrx_word' id='word_1_57' title='bbox 223 495 274 516; x_wconf 89' lang='lat' dir='ltr'>ror</span> <span class='ocrx_word' id='word_1_58' title='bbox 291 495 335 517; x_wconf 87' lang='lat' dir='ltr'>us.</span> 
     </span>
     <span class='ocr_line' id='line_1_10' title="bbox 197 493 1062 569; baseline -0.009 -10"><span class='ocrx_word' id='word_1_59' title='bbox 197 493 220 526; x_wconf 76' lang='lat' dir='ltr'>p</span> <span class='ocrx_word' id='word_1_60' title='bbox 242 526 416 560; x_wconf 81' lang='lat' dir='ltr'>Rationalis</span> <span class='ocrx_word' id='word_1_61' title='bbox 434 526 479 560; x_wconf 88' lang='lat' dir='ltr'>est</span> <span class='ocrx_word' id='word_1_62' title='bbox 495 527 563 559; x_wconf 85' lang='lat' dir='ltr'>haec</span> <span class='ocrx_word' id='word_1_63' title='bbox 577 522 847 569; x_wconf 29' lang='lat' dir='ltr'>Jurisprudent&#39;ial,</span> <span class='ocrx_word' id='word_1_64' title='bbox 862 521 958 558; x_wconf 81' lang='lat' dir='ltr'>dum,</span> <span class='ocrx_word' id='word_1_65' title='bbox 977 519 1062 560; x_wconf 90' lang='lat' dir='ltr'>quod</span> 
     </span>
     <span class='ocr_line' id='line_1_11' title="bbox 198 561 1062 607; baseline -0.008 -8"><span class='ocrx_word' id='word_1_66' title='bbox 198 567 239 599; x_wconf 90' lang='lat' dir='ltr'>de</span> <span class='ocrx_word' id='word_1_67' title='bbox 262 568 498 601; x_wconf 87' lang='lat' dir='ltr'>detrahentibus</span> <span class='ocrx_word' id='word_1_68' title='bbox 522 578 563 599; x_wconf 85' lang='lat' dir='ltr'>ex</span> <span class='ocrx_word' id='word_1_69' title='bbox 582 565 752 598; x_wconf 87' lang='lat' dir='ltr'>intervallo</span> <span class='ocrx_word' id='word_1_70' title='bbox 766 564 923 602; x_wconf 81' lang='lat' dir='ltr'>diximus,</span> <span class='ocrx_word' id='word_1_71' title='bbox 948 561 1062 607; x_wconf 76' lang='lat' dir='ltr'>solum·</span> 
     </span>
     <span class='ocr_line' id='line_1_12' title="bbox 199 602 1063 651; baseline -0.008 -11"><span class='ocrx_word' id='word_1_72' title='bbox 199 609 298 640; x_wconf 84' lang='lat' dir='ltr'>modo</span> <span class='ocrx_word' id='word_1_73' title='bbox 321 611 459 651; x_wconf 82' lang='lat' dir='ltr'>applices</span> <span class='ocrx_word' id='word_1_74' title='bbox 487 606 700 641; x_wconf 71' lang='lat' dir='ltr'>contractibus</span> <span class='ocrx_word' id='word_1_75' title='bbox 708 627 719 643; x_wconf 91' lang='lat'>,</span> <span class='ocrx_word' id='word_1_76' title='bbox 742 605 794 646; x_wconf 91' lang='lat' dir='ltr'>qui</span> <span class='ocrx_word' id='word_1_77' title='bbox 813 604 882 636; x_wconf 93' lang='lat' dir='ltr'>solo</span> <span class='ocrx_word' id='word_1_78' title='bbox 904 605 934 635; x_wconf 68' lang='grc' dir='ltr'>ἃ</span> <span class='ocrx_word' id='word_1_79' title='bbox 951 602 1063 648; x_wconf 68' lang='lat' dir='ltr'>simpli-</span> 
     </span>
     <span class='ocr_line' id='line_1_13' title="bbox 199 644 1063 692; baseline -0.009 -10"><span class='ocrx_word' id='word_1_80' title='bbox 199 650 231 681; x_wconf 89' lang='lat' dir='ltr'>ci</span> <span class='ocrx_word' id='word_1_81' title='bbox 250 650 401 682; x_wconf 80' lang='lat' dir='ltr'>consensu</span> <span class='ocrx_word' id='word_1_82' title='bbox 417 651 633 682; x_wconf 84' lang='lat' dir='ltr'>absolvuntur.</span> <span class='ocrx_word' id='word_1_83' title='bbox 677 645 730 678; x_wconf 86' lang='lat' dir='ltr'>De</span> <span class='ocrx_word' id='word_1_84' title='bbox 744 653 853 692; x_wconf 81' lang='lat' dir='ltr'>empto</span> <span class='ocrx_word' id='word_1_85' title='bbox 872 644 1005 676; x_wconf 77' lang='lat' dir='ltr'>vendito</span> <span class='ocrx_word' id='word_1_86' title='bbox 1018 644 1063 689; x_wconf 82' lang='lat' dir='ltr'>lo-</span> 
     </span>
     <span class='ocr_line' id='line_1_14' title="bbox 197 686 1062 733; baseline -0.007 -11"><span class='ocrx_word' id='word_1_87' title='bbox 197 699 338 731; x_wconf 87' lang='lat' dir='ltr'>quuntur</span> <span class='ocrx_word' id='word_1_88' title='bbox 351 692 425 731; x_wconf 80' lang='lat' dir='ltr'>JCti</span> <span class='ocrx_word' id='word_1_89' title='bbox 445 691 564 732; x_wconf 80' lang='lat' dir='ltr'><strong>semper</strong></span> <span class='ocrx_word' id='word_1_90' title='bbox 576 712 587 729; x_wconf 87' lang='lat'>,</span> <span class='ocrx_word' id='word_1_91' title='bbox 617 698 690 721; x_wconf 89' lang='lat' dir='ltr'>cum</span> <span class='ocrx_word' id='word_1_92' title='bbox 707 687 800 728; x_wconf 75' lang='lat' dir='ltr'>hujus</span> <span class='ocrx_word' id='word_1_93' title='bbox 817 686 936 733; x_wconf 24' lang='lat' dir='ltr'>*regulae-</span> <span class='ocrx_word' id='word_1_94' title='bbox 953 694 1062 730; x_wconf 70' lang='lat' dir='ltr'>memi-</span> 
     </span>
     <span class='ocr_line' id='line_1_15' title="bbox 197 725 1061 764; baseline -0.006 -2"><span class='ocrx_word' id='word_1_95' title='bbox 197 733 312 763; x_wconf 89' lang='lat' dir='ltr'>nerint.</span> <span class='ocrx_word' id='word_1_96' title='bbox 358 731 578 764; x_wconf 76' lang='lat' dir='ltr'>Nihilominus</span> <span class='ocrx_word' id='word_1_97' title='bbox 604 730 634 763; x_wconf 72' lang='grc' dir='ltr'>ἀ</span> <span class='ocrx_word' id='word_1_98' title='bbox 662 737 730 761; x_wconf 88' lang='lat' dir='ltr'>eam</span> <span class='ocrx_word' id='word_1_99' title='bbox 755 728 901 759; x_wconf 85' lang='lat' dir='ltr'>obtinere</span> <span class='ocrx_word' id='word_1_100' title='bbox 927 736 958 758; x_wconf 91' lang='lat' dir='ltr'>1n</span> <span class='ocrx_word' id='word_1_101' title='bbox 989 725 1061 758; x_wconf 81' lang='lat' dir='ltr'>reli-</span> 
     </span>
     <span class='ocr_line' id='line_1_16' title="bbox 222 766 1061 805; baseline -0.01 0"><span class='ocrx_word' id='word_1_102' title='bbox 222 773 269 805; x_wconf 88' lang='lat' dir='ltr'>uis</span> <span class='ocrx_word' id='word_1_103' title='bbox 295 772 549 805; x_wconf 85' lang='lat' dir='ltr'>consensualibus</span> <span class='ocrx_word' id='word_1_104' title='bbox 576 771 707 804; x_wconf 88' lang='lat' dir='ltr'>omnino</span> <span class='ocrx_word' id='word_1_105' title='bbox 730 768 899 801; x_wconf 88' lang='lat' dir='ltr'>dicendum</span> <span class='ocrx_word' id='word_1_106' title='bbox 924 766 987 799; x_wconf 89' lang='lat' dir='ltr'>est:</span> <span class='ocrx_word' id='word_1_107' title='bbox 1012 776 1061 798; x_wconf 90' lang='lat' dir='ltr'>ea-</span> 
     </span>
     <span class='ocr_line' id='line_1_17' title="bbox 196 782 1063 855; baseline -0.006 -11"><span class='ocrx_word' id='word_1_108' title='bbox 196 782 268 845; x_wconf 55' lang='lat' dir='ltr'>gem</span> <span class='ocrx_word' id='word_1_109' title='bbox 288 815 405 855; x_wconf 86' lang='lat' dir='ltr'>quippe</span> <span class='ocrx_word' id='word_1_110' title='bbox 426 815 455 846; x_wconf 91' lang='lat'>&amp;</span> <span class='ocrx_word' id='word_1_111' title='bbox 472 814 503 846; x_wconf 92' lang='lat' dir='ltr'>in</span> <span class='ocrx_word' id='word_1_112' title='bbox 521 814 569 845; x_wconf 92' lang='lat' dir='ltr'>his</span> <span class='ocrx_word' id='word_1_113' title='bbox 589 813 633 845; x_wconf 86' lang='lat' dir='ltr'>est</span> <span class='ocrx_word' id='word_1_114' title='bbox 648 811 738 843; x_wconf 77' lang='lat' dir='ltr'>ratio.</span> <span class='ocrx_word' id='word_1_115' title='bbox 785 810 820 842; x_wconf 91' lang='lat' dir='ltr'>In</span> <span class='ocrx_word' id='word_1_116' title='bbox 838 810 907 842; x_wconf 88' lang='lat' dir='ltr'>aliis</span> <span class='ocrx_word' id='word_1_117' title='bbox 923 808 996 841; x_wconf 85' lang='lat' dir='ltr'>fidei</span> <span class='ocrx_word' id='word_1_118' title='bbox 1009 808 1063 839; x_wconf 94' lang='lat' dir='ltr'>bo-</span> 
     </span>
     <span class='ocr_line' id='line_1_18' title="bbox 197 849 1061 891; baseline -0.009 -4"><span class='ocrx_word' id='word_1_119' title='bbox 197 864 248 886; x_wconf 84' lang='lat' dir='ltr'>nae</span> <span class='ocrx_word' id='word_1_120' title='bbox 267 856 480 887; x_wconf 66' lang='lat' dir='ltr'>conti-astibus</span> <span class='ocrx_word' id='word_1_121' title='bbox 499 855 593 886; x_wconf 75' lang='lat' dir='ltr'>cess&#39;at</span> <span class='ocrx_word' id='word_1_122' title='bbox 610 854 641 885; x_wconf 68' lang='grc' dir='ltr'>τὲ</span> <span class='ocrx_word' id='word_1_123' title='bbox 657 854 737 883; x_wconf 67' lang='lat' dir='ltr'>aim·</span> <span class='ocrx_word' id='word_1_124' title='bbox 754 851 845 891; x_wconf 80' lang='lat' dir='ltr'>hujus</span> <span class='ocrx_word' id='word_1_125' title='bbox 864 851 955 891; x_wconf 85' lang='lat' dir='ltr'>Juris.</span> <span class='ocrx_word' id='word_1_126' title='bbox 1000 849 1061 880; x_wconf 91' lang='lat' dir='ltr'>Ve-</span> 
     </span>
     <span class='ocr_line' id='line_1_19' title="bbox 196 890 1064 938; baseline -0.008 -10"><span class='ocrx_word' id='word_1_127' title='bbox 196 905 292 936; x_wconf 82' lang='lat' dir='ltr'>rum,</span> <span class='ocrx_word' id='word_1_128' title='bbox 323 897 585 938; x_wconf 82' lang='lat' dir='ltr'>quemadmodum</span> <span class='ocrx_word' id='word_1_129' title='bbox 609 896 640 928; x_wconf 91' lang='lat' dir='ltr'>in</span> <span class='ocrx_word' id='word_1_130' title='bbox 667 893 892 930; x_wconf 88' lang='lat' dir='ltr'>commodato,</span> <span class='ocrx_word' id='word_1_131' title='bbox 922 890 1064 936; x_wconf 74' lang='lat' dir='ltr'>deposito</span> 
     </span>
     <span class='ocr_line' id='line_1_20' title="bbox 197 933 1061 980; baseline -0.008 -10"><span class='ocrx_word' id='word_1_132' title='bbox 197 937 229 969; x_wconf 84' lang='lat'>&amp;</span> <span class='ocrx_word' id='word_1_133' title='bbox 253 938 408 980; x_wconf 81' lang='lat' dir='ltr'>pignore,</span> <span class='ocrx_word' id='word_1_134' title='bbox 439 936 661 969; x_wconf 89' lang='lat' dir='ltr'>excontinenti</span> <span class='ocrx_word' id='word_1_135' title='bbox 689 935 711 967; x_wconf 85' lang='lat' dir='ltr'><strong>fi</strong></span> <span class='ocrx_word' id='word_1_136' title='bbox 736 934 823 976; x_wconf 65' lang='lat' dir='ltr'>pacta</span> <span class='ocrx_word' id='word_1_137' title='bbox 848 933 925 966; x_wconf 88' lang='lat' dir='ltr'>fiant</span> <span class='ocrx_word' id='word_1_138' title='bbox 945 934 1061 980; x_wconf 71' lang='lat' dir='ltr'>,beni-</span> 
     </span>
     <span class='ocr_line' id='line_1_21' title="bbox 220 974 1061 1021; baseline -0.008 -10"><span class='ocrx_word' id='word_1_139' title='bbox 220 979 289 1010; x_wconf 88' lang='lat' dir='ltr'>nius</span> <span class='ocrx_word' id='word_1_140' title='bbox 306 980 353 1021; x_wconf 82' lang='lat' dir='ltr'>agi</span> <span class='ocrx_word' id='word_1_141' title='bbox 371 979 507 1011; x_wconf 89' lang='lat' dir='ltr'>vidimus</span> <span class='ocrx_word' id='word_1_142' title='bbox 522 1002 532 1018; x_wconf 93' lang='lat'>,</span> <span class='ocrx_word' id='word_1_143' title='bbox 567 978 608 1011; x_wconf 87' lang='lat' dir='ltr'>fic</span> <span class='ocrx_word' id='word_1_144' title='bbox 630 978 659 1010; x_wconf 72' lang='grc' dir='ltr'>δι</span> <span class='ocrx_word' id='word_1_145' title='bbox 678 986 720 1008; x_wconf 86' lang='lat' dir='ltr'>ex</span> <span class='ocrx_word' id='word_1_146' title='bbox 739 975 910 1007; x_wconf 86' lang='lat' dir='ltr'>intervallo</span> <span class='ocrx_word' id='word_1_147' title='bbox 925 974 1061 1020; x_wconf 51' lang='lat' dir='ltr'>adjestQ</span> 
     </span>
     <span class='ocr_line' id='line_1_22' title="bbox 195 988 1062 1061; baseline -0.008 -8"><span class='ocrx_word' id='word_1_148' title='bbox 195 988 348 1061; x_wconf 49' lang='lat' dir='ltr'>{quidem</span> <span class='ocrx_word' id='word_1_149' title='bbox 374 1021 413 1052; x_wconf 93' lang='lat' dir='ltr'>de</span> <span class='ocrx_word' id='word_1_150' title='bbox 439 1030 548 1052; x_wconf 91' lang='lat' dir='ltr'>natura</span> <span class='ocrx_word' id='word_1_151' title='bbox 572 1018 791 1051; x_wconf 67' lang='lat' dir='ltr'>contrastuum</span> <span class='ocrx_word' id='word_1_152' title='bbox 816 1015 897 1055; x_wconf 69' lang='lat' dir='ltr'>sint,</span> <span class='ocrx_word' id='word_1_153' title='bbox 931 1016 969 1047; x_wconf 90' lang='lat' dir='ltr'>iis</span> <span class='ocrx_word' id='word_1_154' title='bbox 992 1014 1062 1060; x_wconf 70' lang='lat' dir='ltr'>ipsis</span> 
     </span>
     <span class='ocr_line' id='line_1_23' title="bbox 194 1055 1061 1102; baseline -0.007 -9"><span class='ocrx_word' id='word_1_155' title='bbox 194 1061 293 1094; x_wconf 80' lang='lat' dir='ltr'>ineffe</span> <span class='ocrx_word' id='word_1_156' title='bbox 310 1062 389 1094; x_wconf 87' lang='lat' dir='ltr'>nulli</span> <span class='ocrx_word' id='word_1_157' title='bbox 405 1061 601 1100; x_wconf 86' lang='lat' dir='ltr'>dubitamus,</span> <span class='ocrx_word' id='word_1_158' title='bbox 624 1066 753 1102; x_wconf 90' lang='lat' dir='ltr'>propter</span> <span class='ocrx_word' id='word_1_159' title='bbox 774 1057 914 1098; x_wconf 83' lang='lat' dir='ltr'>regulam</span> <span class='ocrx_word' id='word_1_160' title='bbox 931 1057 962 1088; x_wconf 92' lang='lat' dir='ltr'>in</span> <span class='ocrx_word' id='word_1_161' title='bbox 981 1055 1061 1089; x_wconf 67' lang='lat' dir='ltr'>BAE.</span> 
     </span>
     <span class='ocr_line' id='line_1_24' title="bbox 194 1097 1063 1144; baseline -0.008 -9"><span class='ocrx_word' id='word_1_162' title='bbox 194 1104 411 1135; x_wconf 71' lang='lat' dir='ltr'>contractibus</span> <span class='ocrx_word' id='word_1_163' title='bbox 438 1102 612 1144; x_wconf 81' lang='lat' dir='ltr'>generalem</span> <span class='ocrx_word' id='word_1_164' title='bbox 628 1126 639 1142; x_wconf 94' lang='lat'>‚</span> <span class='ocrx_word' id='word_1_165' title='bbox 672 1109 764 1141; x_wconf 89' lang='lat' dir='ltr'>quam</span> <span class='ocrx_word' id='word_1_166' title='bbox 788 1097 1008 1144; x_wconf 78' lang='lat' dir='ltr'>proposuimus</span> <span class='ocrx_word' id='word_1_167' title='bbox 1022 1107 1063 1129; x_wconf 91' lang='lat' dir='ltr'>ex</span> 
     </span>
     <span class='ocr_line' id='line_1_25' title="bbox 196 1142 1059 1186; baseline -0.007 -10"><span class='ocrx_word' id='word_1_168' title='bbox 196 1144 218 1176; x_wconf 75' lang='lat'>1.</span> <span class='ocrx_word' id='word_1_169' title='bbox 242 1154 275 1185; x_wconf 82' lang='lat'>3.</span> <span class='ocrx_word' id='word_1_170' title='bbox 290 1144 333 1186; x_wconf 89' lang='lat' dir='ltr'>ff.</span> <span class='ocrx_word' id='word_1_171' title='bbox 357 1147 391 1176; x_wconf 83' lang='lat' dir='ltr'>de</span> <span class='ocrx_word' id='word_1_172' title='bbox 413 1145 535 1186; x_wconf 70' lang='lat' dir='ltr'>reseind.</span> <span class='ocrx_word' id='word_1_173' title='bbox 558 1142 702 1181; x_wconf 31' lang='lat' dir='ltr'>vend.,id</span> <span class='ocrx_word' id='word_1_174' title='bbox 726 1150 786 1179; x_wconf 87' lang='lat' dir='ltr'>ue,</span> <span class='ocrx_word' id='word_1_175' title='bbox 811 1149 954 1186; x_wconf 82' lang='lat' dir='ltr'>quamvis</span> <span class='ocrx_word' id='word_1_176' title='bbox 971 1147 1059 1185; x_wconf 81' lang='lat' dir='ltr'>utro·</span> 
     </span>
     <span class='ocr_line' id='line_1_26' title="bbox 195 1183 1060 1228; baseline -0.007 -11"><span class='ocrx_word' id='word_1_177' title='bbox 195 1184 292 1226; x_wconf 87' lang='lat' dir='ltr'>bique</span> <span class='ocrx_word' id='word_1_178' title='bbox 316 1186 348 1218; x_wconf 89' lang='lat' dir='ltr'>in</span> <span class='ocrx_word' id='word_1_179' title='bbox 370 1186 562 1218; x_wconf 87' lang='lat' dir='ltr'>contrarium</span> <span class='ocrx_word' id='word_1_180' title='bbox 587 1185 647 1217; x_wconf 92' lang='lat' dir='ltr'>niti</span> <span class='ocrx_word' id='word_1_181' title='bbox 671 1183 703 1214; x_wconf 91' lang='lat' dir='ltr'>vi</span> <span class='ocrx_word' id='word_1_182' title='bbox 727 1190 815 1228; x_wconf 87' lang='lat' dir='ltr'>eatur</span> <span class='ocrx_word' id='word_1_183' title='bbox 836 1190 937 1212; x_wconf 82' lang='lat' dir='ltr'>ratio:</span> <span class='ocrx_word' id='word_1_184' title='bbox 960 1183 1060 1212; x_wconf 83' lang='lat' dir='ltr'>vinci-</span> 
     </span>
     <span class='ocr_line' id='line_1_27' title="bbox 194 1221 1060 1301; baseline -0.007 -43"><span class='ocrx_word' id='word_1_185' title='bbox 194 1233 257 1301; x_wconf 51' lang='grc' dir='ltr'>ἒωίζ</span> <span class='ocrx_word' id='word_1_186' title='bbox 272 1227 356 1301; x_wconf 31' lang='lat' dir='ltr'>enaiim</span> <span class='ocrx_word' id='word_1_187' title='bbox 379 1227 448 1260; x_wconf 89' lang='lat' dir='ltr'>haee</span> <span class='ocrx_word' id='word_1_188' title='bbox 470 1227 508 1260; x_wconf 90' lang='lat' dir='ltr'>ab</span> <span class='ocrx_word' id='word_1_189' title='bbox 525 1226 585 1259; x_wconf 83' lang='lat' dir='ltr'>alia</span> <span class='ocrx_word' id='word_1_190' title='bbox 606 1224 758 1261; x_wconf 83' lang='lat' dir='ltr'>fortiori,</span> <span class='ocrx_word' id='word_1_191' title='bbox 779 1230 850 1263; x_wconf 85' lang='lat' dir='ltr'>quae</span> <span class='ocrx_word' id='word_1_192' title='bbox 868 1232 890 1254; x_wconf 90' lang='lat' dir='ltr'>a.</span> <span class='ocrx_word' id='word_1_193' title='bbox 902 1222 984 1255; x_wconf 90' lang='lat' dir='ltr'>bona</span> <span class='ocrx_word' id='word_1_194' title='bbox 999 1221 1060 1253; x_wconf 87' lang='lat' dir='ltr'>fide</span> 
     </span>
     <span class='ocr_line' id='line_1_28' title="bbox 219 1275 367 1301; baseline 0 -1"><span class='ocrx_word' id='word_1_195' title='bbox 219 1276 236 1300; x_wconf 89' lang='lat' dir='ltr'>e</span> <span class='ocrx_word' id='word_1_196' title='bbox 251 1277 309 1301; x_wconf 91' lang='lat' dir='ltr'>cen</span> <span class='ocrx_word' id='word_1_197' title='bbox 334 1275 367 1301; x_wconf 84' lang='lat' dir='ltr'>it.</span> 
     </span>
    </p>

    <p class='ocr_par' dir='ltr' id='par_1_3' title="bbox 188 1305 1061 1766">
     <span class='ocr_line' id='line_1_29' title="bbox 237 1305 1061 1348; baseline -0.005 -6"><span class='ocrx_word' id='word_1_198' title='bbox 237 1308 291 1343; x_wconf 86' lang='lat' dir='ltr'>De</span> <span class='ocrx_word' id='word_1_199' title='bbox 304 1310 502 1344; x_wconf 87' lang='lat' dir='ltr'>adminiculis</span> <span class='ocrx_word' id='word_1_200' title='bbox 517 1316 558 1342; x_wconf 78' lang='lat' dir='ltr'>ex</span> <span class='ocrx_word' id='word_1_201' title='bbox 576 1307 746 1341; x_wconf 85' lang='lat' dir='ltr'>intervallo</span> <span class='ocrx_word' id='word_1_202' title='bbox 764 1305 786 1339; x_wconf 89' lang='lat' dir='ltr'><strong>fi</strong></span> <span class='ocrx_word' id='word_1_203' title='bbox 801 1306 888 1347; x_wconf 70' lang='lat' dir='ltr'>pasta</span> <span class='ocrx_word' id='word_1_204' title='bbox 906 1312 1061 1348; x_wconf 86' lang='lat' dir='ltr'>apponan-</span> 
     </span>
     <span class='ocr_line' id='line_1_30' title="bbox 193 1348 1061 1392; baseline -0.005 -8"><span class='ocrx_word' id='word_1_205' title='bbox 193 1357 266 1391; x_wconf 87' lang='lat' dir='ltr'>tur,</span> <span class='ocrx_word' id='word_1_206' title='bbox 290 1361 347 1392; x_wconf 87' lang='lat' dir='ltr'>ea,</span> <span class='ocrx_word' id='word_1_207' title='bbox 371 1352 424 1384; x_wconf 88' lang='lat' dir='ltr'>seu</span> <span class='ocrx_word' id='word_1_208' title='bbox 440 1362 550 1384; x_wconf 85' lang='lat' dir='ltr'>eorum</span> <span class='ocrx_word' id='word_1_209' title='bbox 565 1350 773 1392; x_wconf 87' lang='lat' dir='ltr'>exceptiones</span> <span class='ocrx_word' id='word_1_210' title='bbox 790 1348 881 1379; x_wconf 90' lang='lat' dir='ltr'>nullo</span> <span class='ocrx_word' id='word_1_211' title='bbox 898 1348 996 1380; x_wconf 89' lang='lat' dir='ltr'>modo</span> <span class='ocrx_word' id='word_1_212' title='bbox 1015 1349 1061 1380; x_wconf 92' lang='lat' dir='ltr'>in-</span> 
     </span>
     <span class='ocr_line' id='line_1_31' title="bbox 192 1389 1061 1431; baseline -0.005 -6"><span class='ocrx_word' id='word_1_213' title='bbox 192 1392 258 1425; x_wconf 82' lang='lat' dir='ltr'>effe</span> <span class='ocrx_word' id='word_1_214' title='bbox 280 1393 446 1425; x_wconf 86' lang='lat' dir='ltr'>eredimus.</span> <span class='ocrx_word' id='word_1_215' title='bbox 493 1392 601 1424; x_wconf 88' lang='lat' dir='ltr'>Claret</span> <span class='ocrx_word' id='word_1_216' title='bbox 627 1394 689 1423; x_wconf 87' lang='lat' dir='ltr'>hoc</span> <span class='ocrx_word' id='word_1_217' title='bbox 715 1399 756 1421; x_wconf 89' lang='lat' dir='ltr'>ex</span> <span class='ocrx_word' id='word_1_218' title='bbox 777 1390 804 1421; x_wconf 84' lang='lat' dir='ltr'>d.</span> <span class='ocrx_word' id='word_1_219' title='bbox 830 1389 852 1420; x_wconf 86' lang='lat' dir='ltr'>l.</span> <span class='ocrx_word' id='word_1_220' title='bbox 877 1398 928 1431; x_wconf 79' lang='lat'>72.</span> <span class='ocrx_word' id='word_1_221' title='bbox 953 1390 984 1421; x_wconf 84' lang='lat'>&amp;</span> <span class='ocrx_word' id='word_1_222' title='bbox 1007 1389 1061 1421; x_wconf 91' lang='lat' dir='ltr'>Ul·</span> 
     </span>
     <span class='ocr_line' id='line_1_32' title="bbox 192 1430 1059 1476; baseline -0.005 -11"><span class='ocrx_word' id='word_1_223' title='bbox 192 1434 290 1476; x_wconf 85' lang='lat' dir='ltr'>piano</span> <span class='ocrx_word' id='word_1_224' title='bbox 315 1435 346 1465; x_wconf 88' lang='lat' dir='ltr'>in</span> <span class='ocrx_word' id='word_1_225' title='bbox 375 1433 402 1475; x_wconf 84' lang='lat'>§.</span> <span class='ocrx_word' id='word_1_226' title='bbox 427 1436 457 1466; x_wconf 90' lang='lat'>6.</span> <span class='ocrx_word' id='word_1_227' title='bbox 487 1434 507 1465; x_wconf 87' lang='lat' dir='ltr'>l.</span> <span class='ocrx_word' id='word_1_228' title='bbox 533 1443 561 1475; x_wconf 88' lang='lat'>7.</span> <span class='ocrx_word' id='word_1_229' title='bbox 579 1433 622 1475; x_wconf 91' lang='lat' dir='ltr'>ff.</span> <span class='ocrx_word' id='word_1_230' title='bbox 644 1433 678 1464; x_wconf 87' lang='lat' dir='ltr'>de</span> <span class='ocrx_word' id='word_1_231' title='bbox 697 1430 778 1473; x_wconf 64' lang='lat' dir='ltr'>pati.</span> <span class='ocrx_word' id='word_1_232' title='bbox 802 1430 904 1470; x_wconf 81' lang='lat' dir='ltr'>Adeo,</span> <span class='ocrx_word' id='word_1_233' title='bbox 928 1431 1032 1472; x_wconf 91' lang='lat' dir='ltr'>inquit</span> <span class='ocrx_word' id='word_1_234' title='bbox 1049 1453 1059 1470; x_wconf 90' lang='lat'>,</span> 
     </span>
     <span class='ocr_line' id='line_1_33' title="bbox 192 1470 1059 1518; baseline -0.005 -11"><span class='ocrx_word' id='word_1_235' title='bbox 192 1476 272 1507; x_wconf 77' lang='lat' dir='ltr'>honoe</span> <span class='ocrx_word' id='word_1_236' title='bbox 284 1473 361 1514; x_wconf 85' lang='lat' dir='ltr'>fidei</span> <span class='ocrx_word' id='word_1_237' title='bbox 377 1476 502 1517; x_wconf 78' lang='lat' dir='ltr'>judiciis</span> <span class='ocrx_word' id='word_1_238' title='bbox 525 1476 704 1516; x_wconf 79' lang='lat' dir='ltr'>exceptiones</span> <span class='ocrx_word' id='word_1_239' title='bbox 723 1470 823 1518; x_wconf 64' lang='lat' dir='ltr'>postea.</span> <span class='ocrx_word' id='word_1_240' title='bbox 841 1471 953 1512; x_wconf 61' lang='lat' dir='ltr'>faetta,</span> <span class='ocrx_word' id='word_1_241' title='bbox 978 1481 1059 1513; x_wconf 78' lang='lat' dir='ltr'>QUAE</span> 
     </span>
     <span class='ocr_line' id='line_1_34' title="bbox 193 1512 1060 1555; baseline -0.007 -5"><span class='ocrx_word' id='word_1_242' title='bbox 193 1524 242 1550; x_wconf 75' lang='lat' dir='ltr'>Ex</span> <span class='ocrx_word' id='word_1_243' title='bbox 260 1524 383 1548; x_wconf 77' lang='lat' dir='ltr'>EODEM</span> <span class='ocrx_word' id='word_1_244' title='bbox 400 1525 490 1549; x_wconf 76' lang='lat' dir='ltr'>SUNT</span> <span class='ocrx_word' id='word_1_245' title='bbox 509 1524 741 1554; x_wconf 69' lang='lat' dir='ltr'>coN&#39;rRAcru,</span> <span class='ocrx_word' id='word_1_246' title='bbox 765 1515 885 1555; x_wconf 76' lang='lat' dir='ltr'>insunt,</span> <span class='ocrx_word' id='word_1_247' title='bbox 916 1514 976 1546; x_wconf 72' lang='grc' dir='ltr'>διε.</span> <span class='ocrx_word' id='word_1_248' title='bbox 1008 1512 1060 1544; x_wconf 85' lang='lat' dir='ltr'>Ex</span> 
     </span>
     <span class='ocr_line' id='line_1_35' title="bbox 191 1553 1060 1596; baseline -0.007 -5"><span class='ocrx_word' id='word_1_249' title='bbox 191 1559 288 1591; x_wconf 79' lang='lat' dir='ltr'>eodem</span> <span class='ocrx_word' id='word_1_250' title='bbox 304 1557 455 1590; x_wconf 61' lang='lat' dir='ltr'>contractu</span> <span class='ocrx_word' id='word_1_251' title='bbox 468 1557 549 1591; x_wconf 88' lang='lat' dir='ltr'>nihil</span> <span class='ocrx_word' id='word_1_252' title='bbox 565 1557 649 1590; x_wconf 90' lang='lat' dir='ltr'>aliud</span> <span class='ocrx_word' id='word_1_253' title='bbox 671 1557 715 1588; x_wconf 85' lang='lat' dir='ltr'>est</span> <span class='ocrx_word' id='word_1_254' title='bbox 725 1577 737 1595; x_wconf 82' lang='lat'>,</span> <span class='ocrx_word' id='word_1_255' title='bbox 760 1563 852 1596; x_wconf 84' lang='lat' dir='ltr'>quam</span> <span class='ocrx_word' id='word_1_256' title='bbox 868 1555 907 1586; x_wconf 93' lang='lat' dir='ltr'>de</span> <span class='ocrx_word' id='word_1_257' title='bbox 922 1553 1060 1587; x_wconf 81' lang='lat' dir='ltr'>substan-</span> 
     </span>
     <span class='ocr_line' id='line_1_36' title="bbox 191 1592 1060 1641; baseline -0.006 -10"><span class='ocrx_word' id='word_1_258' title='bbox 191 1599 240 1632; x_wconf 82' lang='lat' dir='ltr'>tia</span> <span class='ocrx_word' id='word_1_259' title='bbox 262 1599 293 1631; x_wconf 72' lang='grc' dir='ltr'><strong>ἃ</strong></span> <span class='ocrx_word' id='word_1_260' title='bbox 320 1604 429 1631; x_wconf 83' lang='lat' dir='ltr'>natura</span> <span class='ocrx_word' id='word_1_261' title='bbox 456 1599 537 1641; x_wconf 88' lang='lat' dir='ltr'>(qua</span> <span class='ocrx_word' id='word_1_262' title='bbox 552 1608 636 1631; x_wconf 91' lang='lat' dir='ltr'>voce</span> <span class='ocrx_word' id='word_1_263' title='bbox 652 1598 753 1631; x_wconf 87' lang='lat' dir='ltr'>utitur</span> <span class='ocrx_word' id='word_1_264' title='bbox 769 1592 834 1638; x_wconf 88' lang='lat' dir='ltr'>ipse</span> <span class='ocrx_word' id='word_1_265' title='bbox 850 1596 881 1628; x_wconf 92' lang='lat' dir='ltr'>in</span> <span class='ocrx_word' id='word_1_266' title='bbox 902 1595 931 1638; x_wconf 59' lang='grc' dir='ltr'>ὃ.</span> <span class='ocrx_word' id='word_1_267' title='bbox 951 1595 1060 1637; x_wconf 81' lang='lat' dir='ltr'>praec.)</span> 
     </span>
     <span class='ocr_line' id='line_1_37' title="bbox 189 1639 1058 1682; baseline -0.005 -10"><span class='ocrx_word' id='word_1_268' title='bbox 189 1640 331 1682; x_wconf 85' lang='lat' dir='ltr'>ejusdem</span> <span class='ocrx_word' id='word_1_269' title='bbox 357 1641 549 1674; x_wconf 63' lang='lat' dir='ltr'>contractus.</span> <span class='ocrx_word' id='word_1_270' title='bbox 600 1639 657 1672; x_wconf 87' lang='lat' dir='ltr'>Ait</span> <span class='ocrx_word' id='word_1_271' title='bbox 678 1646 783 1672; x_wconf 89' lang='lat' dir='ltr'>autem</span> <span class='ocrx_word' id='word_1_272' title='bbox 803 1640 1003 1678; x_wconf 70' lang='lat' dir='ltr'>excepnones,</span> <span class='ocrx_word' id='word_1_273' title='bbox 1028 1639 1058 1669; x_wconf 70' lang='lat' dir='ltr'>&lt;x</span> 
     </span>
     <span class='ocr_line' id='line_1_38' title="bbox 189 1678 1059 1724; baseline -0.007 -8"><span class='ocrx_word' id='word_1_274' title='bbox 189 1681 276 1716; x_wconf 71' lang='lat' dir='ltr'>recte</span> <span class='ocrx_word' id='word_1_275' title='bbox 289 1704 301 1721; x_wconf 82' lang='grc'><strong>,</strong></span> <span class='ocrx_word' id='word_1_276' title='bbox 333 1682 462 1724; x_wconf 90' lang='lat' dir='ltr'>perinde</span> <span class='ocrx_word' id='word_1_277' title='bbox 481 1683 565 1715; x_wconf 89' lang='lat' dir='ltr'>enim</span> <span class='ocrx_word' id='word_1_278' title='bbox 595 1680 678 1722; x_wconf 83' lang='lat' dir='ltr'>ess&#39;e,</span> <span class='ocrx_word' id='word_1_279' title='bbox 701 1689 740 1713; x_wconf 92' lang='lat' dir='ltr'>an</span> <span class='ocrx_word' id='word_1_280' title='bbox 762 1678 870 1720; x_wconf 72' lang='lat' dir='ltr'>pacta,</span> <span class='ocrx_word' id='word_1_281' title='bbox 890 1688 929 1711; x_wconf 88' lang='lat' dir='ltr'>an</span> <span class='ocrx_word' id='word_1_282' title='bbox 947 1688 1059 1711; x_wconf 89' lang='lat' dir='ltr'>eorum</span> 
     </span>
     <span class='ocr_line' id='line_1_39' title="bbox 188 1719 1057 1766; baseline -0.005 -10"><span class='ocrx_word' id='word_1_283' title='bbox 188 1722 398 1766; x_wconf 83' lang='lat' dir='ltr'>exceptiones</span> <span class='ocrx_word' id='word_1_284' title='bbox 415 1723 510 1756; x_wconf 84' lang='lat' dir='ltr'>ineffe</span> <span class='ocrx_word' id='word_1_285' title='bbox 529 1723 634 1763; x_wconf 90' lang='lat' dir='ltr'>dicas,</span> <span class='ocrx_word' id='word_1_286' title='bbox 658 1722 840 1755; x_wconf 88' lang='lat' dir='ltr'>notavimus</span> <span class='ocrx_word' id='word_1_287' title='bbox 855 1719 955 1761; x_wconf 90' lang='lat' dir='ltr'>supra.</span> <span class='ocrx_word' id='word_1_288' title='bbox 998 1720 1057 1753; x_wconf 87' lang='lat' dir='ltr'>Ut-</span> 
     </span>
    </p>

    <p class='ocr_par' dir='ltr' id='par_1_4' title="bbox 186 1761 1058 2262">
     <span class='ocr_line' id='line_1_40' title="bbox 215 1761 1055 1807; baseline -0.004 -10"><span class='ocrx_word' id='word_1_289' title='bbox 215 1774 254 1797; x_wconf 92' lang='lat' dir='ltr'>ue</span> <span class='ocrx_word' id='word_1_290' title='bbox 271 1767 315 1798; x_wconf 90' lang='lat' dir='ltr'>ita</span> <span class='ocrx_word' id='word_1_291' title='bbox 329 1775 435 1797; x_wconf 90' lang='lat' dir='ltr'>carere</span> <span class='ocrx_word' id='word_1_292' title='bbox 450 1766 598 1807; x_wconf 84' lang='lat' dir='ltr'>poffimus</span> <span class='ocrx_word' id='word_1_293' title='bbox 615 1769 650 1801; x_wconf 74' lang='grc' dir='ltr'>τῷ</span> <span class='ocrx_word' id='word_1_294' title='bbox 666 1762 844 1805; x_wconf 67' lang='lat' dir='ltr'>depecffiiones</span> <span class='ocrx_word' id='word_1_295' title='bbox 851 1761 971 1803; x_wconf 88' lang='lat' dir='ltr'>Cujacii</span> <span class='ocrx_word' id='word_1_296' title='bbox 986 1762 1055 1794; x_wconf 85' lang='lat' dir='ltr'>Lib.</span> 
     </span>
     <span class='ocr_line' id='line_1_41' title="bbox 190 1774 1055 1848; baseline -0.006 -9"><span class='ocrx_word' id='word_1_297' title='bbox 190 1774 234 1840; x_wconf 60' lang='lat' dir='ltr'>ill.</span> <span class='ocrx_word' id='word_1_298' title='bbox 260 1806 383 1848; x_wconf 85' lang='lat' dir='ltr'>Observ.</span> <span class='ocrx_word' id='word_1_299' title='bbox 410 1807 443 1839; x_wconf 89' lang='lat' dir='ltr'>C.</span> <span class='ocrx_word' id='word_1_300' title='bbox 466 1816 513 1847; x_wconf 91' lang='lat'>15.</span> <span class='ocrx_word' id='word_1_301' title='bbox 542 1807 572 1839; x_wconf 69' lang='grc' dir='ltr'>ὅ(</span> <span class='ocrx_word' id='word_1_302' title='bbox 588 1805 732 1839; x_wconf 89' lang='lat' dir='ltr'>Raevardi</span> <span class='ocrx_word' id='word_1_303' title='bbox 752 1803 842 1844; x_wconf 82' lang='lat' dir='ltr'>(Lib.</span> <span class='ocrx_word' id='word_1_304' title='bbox 868 1802 907 1835; x_wconf 85' lang='grc' dir='ltr'>Π.</span> <span class='ocrx_word' id='word_1_305' title='bbox 933 1803 1055 1835; x_wconf 87' lang='lat' dir='ltr'>Varior.</span> 
     </span>
     <span class='ocr_line' id='line_1_42' title="bbox 193 1845 1056 1890; baseline -0.006 -9"><span class='ocrx_word' id='word_1_306' title='bbox 193 1848 228 1881; x_wconf 87' lang='lat' dir='ltr'>C.</span> <span class='ocrx_word' id='word_1_307' title='bbox 259 1847 328 1890; x_wconf 87' lang='lat'><strong>13.)</strong></span> <span class='ocrx_word' id='word_1_308' title='bbox 375 1848 571 1890; x_wconf 89' lang='lat' dir='ltr'>aliorumque</span> <span class='ocrx_word' id='word_1_309' title='bbox 600 1845 852 1889; x_wconf 81' lang='lat' dir='ltr'>expositionibus</span> <span class='ocrx_word' id='word_1_310' title='bbox 887 1845 1056 1877; x_wconf 88' lang='lat' dir='ltr'>contortis.</span> 
     </span>
     <span class='ocr_line' id='line_1_43' title="bbox 190 1885 1055 1936; baseline -0.003 -15"><span class='ocrx_word' id='word_1_311' title='bbox 190 1888 398 1936; x_wconf 85' lang='lat' dir='ltr'>Quapropter</span> <span class='ocrx_word' id='word_1_312' title='bbox 424 1890 453 1921; x_wconf 63' lang='lat' dir='ltr'>u*</span> <span class='ocrx_word' id='word_1_313' title='bbox 479 1896 612 1921; x_wconf 55' lang='lat' dir='ltr'>uuonan</span> <span class='ocrx_word' id='word_1_314' title='bbox 637 1888 754 1930; x_wconf 84' lang='lat' dir='ltr'>regulae</span> <span class='ocrx_word' id='word_1_315' title='bbox 785 1886 807 1919; x_wconf 89' lang='lat' dir='ltr'>l.</span> <span class='ocrx_word' id='word_1_316' title='bbox 824 1896 856 1928; x_wconf 80' lang='lat'>3.</span> <span class='ocrx_word' id='word_1_317' title='bbox 874 1885 916 1928; x_wconf 87' lang='lat' dir='ltr'>ff.</span> <span class='ocrx_word' id='word_1_318' title='bbox 939 1887 973 1917; x_wconf 86' lang='lat' dir='ltr'>de</span> <span class='ocrx_word' id='word_1_319' title='bbox 987 1887 1055 1928; x_wconf 79' lang='lat' dir='ltr'>rese.</span> 
     </span>
     <span class='ocr_line' id='line_1_44' title="bbox 189 1926 1057 1974; baseline -0.006 -11"><span class='ocrx_word' id='word_1_320' title='bbox 189 1932 281 1963; x_wconf 78' lang='lat' dir='ltr'>vend.</span> <span class='ocrx_word' id='word_1_321' title='bbox 306 1931 458 1972; x_wconf 54' lang='lat' dir='ltr'>paenorum</span> <span class='ocrx_word' id='word_1_322' title='bbox 482 1932 663 1972; x_wconf 81' lang='lat' dir='ltr'>exceptiones</span> <span class='ocrx_word' id='word_1_323' title='bbox 688 1931 764 1961; x_wconf 81' lang='lat' dir='ltr'>bonae</span> <span class='ocrx_word' id='word_1_324' title='bbox 781 1926 855 1974; x_wconf 65' lang='lat' dir='ltr'>fidei</span> <span class='ocrx_word' id='word_1_325' title='bbox 869 1928 994 1971; x_wconf 81' lang='lat' dir='ltr'>judiciis</span> <span class='ocrx_word' id='word_1_326' title='bbox 1012 1930 1057 1959; x_wconf 83' lang='lat' dir='ltr'>in-</span> 
     </span>
     <span class='ocr_line' id='line_1_45' title="bbox 186 1969 1058 2015; baseline -0.005 -11"><span class='ocrx_word' id='word_1_327' title='bbox 186 1971 266 2013; x_wconf 78' lang='lat' dir='ltr'>effe,</span> <span class='ocrx_word' id='word_1_328' title='bbox 290 1972 568 2013; x_wconf 83' lang='lat' dir='ltr'>interpretabimur</span> <span class='ocrx_word' id='word_1_329' title='bbox 594 1970 762 2004; x_wconf 85' lang='lat' dir='ltr'>secundum</span> <span class='ocrx_word' id='word_1_330' title='bbox 781 1969 900 2015; x_wconf 69' lang='lat' dir='ltr'>ibidem</span> <span class='ocrx_word' id='word_1_331' title='bbox 921 1969 1058 2010; x_wconf 75' lang='lat' dir='ltr'>proposi-</span> 
     </span>
     <span class='ocr_line' id='line_1_46' title="bbox 186 2011 1057 2053; baseline -0.002 -9"><span class='ocrx_word' id='word_1_332' title='bbox 186 2019 262 2045; x_wconf 81' lang='lat' dir='ltr'>¹tum</span> <span class='ocrx_word' id='word_1_333' title='bbox 289 2014 394 2046; x_wconf 88' lang='lat' dir='ltr'>thema</span> <span class='ocrx_word' id='word_1_334' title='bbox 414 2014 453 2046; x_wconf 87' lang='lat' dir='ltr'>de</span> <span class='ocrx_word' id='word_1_335' title='bbox 468 2014 706 2051; x_wconf 89' lang='lat' dir='ltr'>conventione,</span> <span class='ocrx_word' id='word_1_336' title='bbox 736 2020 808 2053; x_wconf 86' lang='lat' dir='ltr'>quae</span> <span class='ocrx_word' id='word_1_337' title='bbox 823 2011 919 2052; x_wconf 85' lang='lat' dir='ltr'>iplam</span> <span class='ocrx_word' id='word_1_338' title='bbox 933 2018 1057 2043; x_wconf 89' lang='lat' dir='ltr'>contra-</span> 
     </span>
     <span class='ocr_line' id='line_1_47' title="bbox 189 2053 1058 2097; baseline -0.006 -10"><span class='ocrx_word' id='word_1_339' title='bbox 189 2054 261 2087; x_wconf 72' lang='lat' dir='ltr'>etus</span> <span class='ocrx_word' id='word_1_340' title='bbox 279 2062 420 2087; x_wconf 88' lang='lat' dir='ltr'>naturam</span> <span class='ocrx_word' id='word_1_341' title='bbox 438 2054 661 2087; x_wconf 85' lang='lat' dir='ltr'>concernebat.</span> <span class='ocrx_word' id='word_1_342' title='bbox 686 2053 895 2097; x_wconf 85' lang='lat' dir='ltr'>Quaerebatur</span> <span class='ocrx_word' id='word_1_343' title='bbox 912 2061 1058 2093; x_wconf 87' lang='lat' dir='ltr'>namque,</span> 
     </span>
     <span class='ocr_line' id='line_1_48' title="bbox 188 2093 1057 2135; baseline -0.002 -8"><span class='ocrx_word' id='word_1_344' title='bbox 188 2105 230 2127; x_wconf 81' lang='lat' dir='ltr'>an</span> <span class='ocrx_word' id='word_1_345' title='bbox 245 2094 398 2127; x_wconf 90' lang='lat' dir='ltr'>consensu</span> <span class='ocrx_word' id='word_1_346' title='bbox 415 2097 576 2128; x_wconf 89' lang='lat' dir='ltr'>contrario</span> <span class='ocrx_word' id='word_1_347' title='bbox 593 2095 709 2127; x_wconf 85' lang='lat' dir='ltr'>resolvi</span> <span class='ocrx_word' id='word_1_348' title='bbox 728 2093 829 2135; x_wconf 86' lang='lat' dir='ltr'>poss&#39;et</span> <span class='ocrx_word' id='word_1_349' title='bbox 844 2093 965 2134; x_wconf 88' lang='lat' dir='ltr'>emptio</span> <span class='ocrx_word' id='word_1_350' title='bbox 981 2102 1057 2125; x_wconf 91' lang='lat' dir='ltr'>ven-</span> 
     </span>
     <span class='ocr_line' id='line_1_49' title="bbox 190 2134 1057 2177; baseline -0.005 -9"><span class='ocrx_word' id='word_1_351' title='bbox 190 2136 297 2174; x_wconf 89' lang='lat' dir='ltr'>ditio,</span> <span class='ocrx_word' id='word_1_352' title='bbox 320 2137 372 2168; x_wconf 93' lang='lat' dir='ltr'>cui</span> <span class='ocrx_word' id='word_1_353' title='bbox 391 2137 548 2169; x_wconf 86' lang='lat' dir='ltr'>firmandae</span> <span class='ocrx_word' id='word_1_354' title='bbox 566 2135 800 2177; x_wconf 84' lang='lat' dir='ltr'>stipulationis,</span> <span class='ocrx_word' id='word_1_355' title='bbox 823 2134 875 2166; x_wconf 92' lang='lat' dir='ltr'>vel</span> <span class='ocrx_word' id='word_1_356' title='bbox 894 2134 1057 2174; x_wconf 87' lang='lat' dir='ltr'>fidejuflio-</span> 
     </span>
     <span class='ocr_line' id='line_1_50' title="bbox 189 2176 1055 2217; baseline -0.006 -6"><span class='ocrx_word' id='word_1_357' title='bbox 189 2178 240 2211; x_wconf 87' lang='lat' dir='ltr'>nis</span> <span class='ocrx_word' id='word_1_358' title='bbox 256 2177 353 2209; x_wconf 90' lang='lat' dir='ltr'>robur</span> <span class='ocrx_word' id='word_1_359' title='bbox 373 2178 563 2210; x_wconf 74' lang='lat' dir='ltr'>accesserat?</span> <span class='ocrx_word' id='word_1_360' title='bbox 586 2178 617 2209; x_wconf 86' lang='lat'>&amp;</span> <span class='ocrx_word' id='word_1_361' title='bbox 634 2176 839 2217; x_wconf 86' lang='lat' dir='ltr'>respondetur</span> <span class='ocrx_word' id='word_1_362' title='bbox 857 2183 1055 2216; x_wconf 85' lang='lat' dir='ltr'>emptorem,</span> 
     </span>
     <span class='ocr_line' id='line_1_51' title="bbox 189 2215 1054 2262; baseline -0.003 -12"><span class='ocrx_word' id='word_1_363' title='bbox 189 2219 243 2250; x_wconf 92' lang='lat' dir='ltr'>cui</span> <span class='ocrx_word' id='word_1_364' title='bbox 265 2215 439 2259; x_wconf 83' lang='lat' dir='ltr'>fidejussum</span> <span class='ocrx_word' id='word_1_365' title='bbox 465 2227 550 2258; x_wconf 87' lang='lat' dir='ltr'>erat,</span> <span class='ocrx_word' id='word_1_366' title='bbox 583 2228 624 2250; x_wconf 87' lang='lat' dir='ltr'>ex</span> <span class='ocrx_word' id='word_1_367' title='bbox 655 2226 742 2249; x_wconf 87' lang='lat' dir='ltr'>emto</span> <span class='ocrx_word' id='word_1_368' title='bbox 760 2216 1029 2262; x_wconf 32' lang='lat' dir='ltr'>agere-nou&#39;pol&#39;se</span> <span class='ocrx_word' id='word_1_369' title='bbox 1044 2239 1054 2256; x_wconf 91' lang='lat'>‚</span> 
     </span>
    </p>

    <p class='ocr_par' dir='ltr' id='par_1_5' title="bbox 188 2257 1056 2343">
     <span class='ocr_line' id='line_1_52' title="bbox 214 2257 1056 2302; baseline -0.004 -11"><span class='ocrx_word' id='word_1_370' title='bbox 214 2260 265 2291; x_wconf 89' lang='lat' dir='ltr'>uia</span> <span class='ocrx_word' id='word_1_371' title='bbox 279 2260 440 2301; x_wconf 71' lang='lat' dir='ltr'>pactorum</span> <span class='ocrx_word' id='word_1_372' title='bbox 456 2261 662 2302; x_wconf 82' lang='lat' dir='ltr'>exceptiones</span> <span class='ocrx_word' id='word_1_373' title='bbox 682 2258 859 2295; x_wconf 75' lang='lat' dir='ltr'>hujusmodi</span> <span class='ocrx_word' id='word_1_374' title='bbox 877 2257 1001 2297; x_wconf 83' lang='lat' dir='ltr'>judiciis</span> <span class='ocrx_word' id='word_1_375' title='bbox 1012 2258 1056 2289; x_wconf 91' lang='lat' dir='ltr'>in-</span> 
     </span>
     <span class='ocr_line' id='line_1_53' title="bbox 188 2269 1055 2343; baseline -0.005 -10"><span class='ocrx_word' id='word_1_376' title='bbox 188 2269 282 2340; x_wconf 50' lang='lat' dir='ltr'>?um,</span> <span class='ocrx_word' id='word_1_377' title='bbox 306 2301 368 2333; x_wconf 89' lang='lat' dir='ltr'>hoc</span> <span class='ocrx_word' id='word_1_378' title='bbox 385 2301 449 2340; x_wconf 84' lang='lat' dir='ltr'>est,</span> <span class='ocrx_word' id='word_1_379' title='bbox 472 2301 540 2343; x_wconf 91' lang='lat' dir='ltr'>ipso</span> <span class='ocrx_word' id='word_1_380' title='bbox 555 2302 623 2342; x_wconf 86' lang='lat' dir='ltr'>jure</span> <span class='ocrx_word' id='word_1_381' title='bbox 648 2300 832 2341; x_wconf 83' lang='lat' dir='ltr'>abrogatum</span> <span class='ocrx_word' id='word_1_382' title='bbox 853 2299 914 2330; x_wconf 77' lang='lat' dir='ltr'>esse</span> <span class='ocrx_word' id='word_1_383' title='bbox 931 2305 1055 2330; x_wconf 87' lang='lat' dir='ltr'>contra-</span> 
     </span>
    </p>
   </div>
   <div class='ocr_carea' id='block_1_3' title="bbox 906 118 1016 147">
    <p class='ocr_par' dir='ltr' id='par_1_6' title="bbox 906 118 1016 147">
     <span class='ocr_line' id='line_1_54' title="bbox 906 118 1016 147; baseline -0.009 0"><span class='ocrx_word' id='word_1_384' title='bbox 906 118 1016 147; x_wconf 74' lang='lat' dir='ltr'>VAN</span> 
     </span>
    </p>
   </div>
   <div class='ocr_carea' id='block_1_4' title="bbox 190 2339 1119 2381">
    <p class='ocr_par' dir='ltr' id='par_1_7' title="bbox 190 2339 1119 2381">
     <span class='ocr_line' id='line_1_55' title="bbox 190 2339 1119 2381; baseline -0.003 -6"><span class='ocrx_word' id='word_1_385' title='bbox 190 2342 276 2374; x_wconf 65' lang='lat' dir='ltr'>{tum</span> <span class='ocrx_word' id='word_1_386' title='bbox 293 2341 388 2374; x_wconf 86' lang='lat' dir='ltr'>bonae</span> <span class='ocrx_word' id='word_1_387' title='bbox 408 2342 481 2375; x_wconf 81' lang='lat' dir='ltr'>fidel</span> <span class='ocrx_word' id='word_1_388' title='bbox 503 2342 755 2379; x_wconf 85' lang='lat' dir='ltr'>consensualem,</span> <span class='ocrx_word' id='word_1_389' title='bbox 775 2349 869 2381; x_wconf 84' lang='lat' dir='ltr'>atque</span> <span class='ocrx_word' id='word_1_390' title='bbox 886 2339 964 2371; x_wconf 88' lang='lat' dir='ltr'>adeo</span> <span class='ocrx_word' id='word_1_391' title='bbox 980 2349 1054 2372; x_wconf 82' lang='lat' dir='ltr'>ven·</span> <span class='ocrx_word' id='word_1_392' title='bbox 1099 2346 1119 2378; x_wconf 84' lang='lat' dir='ltr'>q</span> 
     </span>
    </p>
   </div>
   <div class='ocr_carea' id='block_1_5' title="bbox 184 2380 1058 3247">
    <p class='ocr_par' dir='ltr' id='par_1_8' title="bbox 184 2380 1058 3247">
     <span class='ocr_line' id='line_1_56' title="bbox 186 2380 1057 2424; baseline -0.005 -9"><span class='ocrx_word' id='word_1_393' title='bbox 186 2383 327 2415; x_wconf 87' lang='lat' dir='ltr'>ditorem</span> <span class='ocrx_word' id='word_1_394' title='bbox 351 2392 546 2416; x_wconf 89' lang='lat' dir='ltr'>conventum</span> <span class='ocrx_word' id='word_1_395' title='bbox 569 2394 607 2416; x_wconf 90' lang='lat' dir='ltr'>ne</span> <span class='ocrx_word' id='word_1_396' title='bbox 633 2382 756 2424; x_wconf 88' lang='lat' dir='ltr'>quidem</span> <span class='ocrx_word' id='word_1_397' title='bbox 777 2381 967 2422; x_wconf 85' lang='lat' dir='ltr'>exceptione</span> <span class='ocrx_word' id='word_1_398' title='bbox 987 2380 1057 2412; x_wconf 92' lang='lat' dir='ltr'>usu-</span> 
     </span>
     <span class='ocr_line' id='line_1_57' title="bbox 188 2424 1055 2465; baseline -0.006 -8"><span class='ocrx_word' id='word_1_399' title='bbox 188 2434 277 2465; x_wconf 76' lang='lat' dir='ltr'>rum,</span> <span class='ocrx_word' id='word_1_400' title='bbox 299 2424 355 2457; x_wconf 88' lang='lat' dir='ltr'>nifi</span> <span class='ocrx_word' id='word_1_401' title='bbox 365 2425 448 2465; x_wconf 57' lang='lat' dir='ltr'>fabii</span> <span class='ocrx_word' id='word_1_402' title='bbox 463 2426 515 2457; x_wconf 90' lang='lat' dir='ltr'>vel</span> <span class='ocrx_word' id='word_1_403' title='bbox 536 2427 569 2457; x_wconf 86' lang='lat' dir='ltr'>in</span> <span class='ocrx_word' id='word_1_404' title='bbox 582 2424 720 2465; x_wconf 60' lang='lat' dir='ltr'>facium,</span> <span class='ocrx_word' id='word_1_405' title='bbox 745 2432 835 2464; x_wconf 88' lang='lat' dir='ltr'>quam</span> <span class='ocrx_word' id='word_1_406' title='bbox 861 2424 1055 2454; x_wconf 78' lang='lat' dir='ltr'>vocantinu-</span> 
     </span>
     <span class='ocr_line' id='line_1_58' title="bbox 188 2464 1056 2504; baseline -0.003 -10"><span class='ocrx_word' id='word_1_407' title='bbox 188 2466 222 2498; x_wconf 66' lang='grc' dir='ltr'>δὴ</span> <span class='ocrx_word' id='word_1_408' title='bbox 240 2467 430 2501; x_wconf 50' lang='lat' dir='ltr'>demutatum&amp;</span> <span class='ocrx_word' id='word_1_409' title='bbox 446 2467 536 2497; x_wconf 61' lang='grc' dir='ltr'>πίνη-ην</span> <span class='ocrx_word' id='word_1_410' title='bbox 545 2467 692 2497; x_wconf 51' lang='lat' dir='ltr'>immonni·</span> <span class='ocrx_word' id='word_1_411' title='bbox 704 2489 712 2504; x_wconf 65' lang='lat'>9</span> <span class='ocrx_word' id='word_1_412' title='bbox 735 2466 801 2493; x_wconf 67' lang='grc' dir='ltr'><strong><em>και-πὶ</em></strong></span> <span class='ocrx_word' id='word_1_413' title='bbox 818 2466 856 2493; x_wconf 65' lang='grc' dir='ltr'>τὶν</span> <span class='ocrx_word' id='word_1_414' title='bbox 874 2465 1004 2498; x_wconf 74' lang='grc' dir='ltr'>Θεέφελον</span> <span class='ocrx_word' id='word_1_415' title='bbox 1018 2464 1056 2496; x_wconf 80' lang='lat' dir='ltr'>ad</span> 
     </span>
     <span class='ocr_line' id='line_1_59' title="bbox 193 2505 1056 2549; baseline -0.003 -10"><span class='ocrx_word' id='word_1_416' title='bbox 193 2506 257 2539; x_wconf 73' lang='lat' dir='ltr'>Tit.</span> <span class='ocrx_word' id='word_1_417' title='bbox 273 2505 373 2548; x_wconf 79' lang='lat' dir='ltr'>Instit.</span> <span class='ocrx_word' id='word_1_418' title='bbox 390 2509 424 2539; x_wconf 91' lang='lat' dir='ltr'>de</span> <span class='ocrx_word' id='word_1_419' title='bbox 441 2514 551 2549; x_wconf 82' lang='lat' dir='ltr'>except.</span> <span class='ocrx_word' id='word_1_420' title='bbox 599 2507 804 2539; x_wconf 87' lang='lat' dir='ltr'>Venditorem</span> <span class='ocrx_word' id='word_1_421' title='bbox 825 2515 920 2544; x_wconf 81' lang='lat' dir='ltr'>vei-0,</span> <span class='ocrx_word' id='word_1_422' title='bbox 942 2505 994 2546; x_wconf 91' lang='lat' dir='ltr'>qui</span> <span class='ocrx_word' id='word_1_423' title='bbox 1007 2505 1056 2537; x_wconf 84' lang='lat' dir='ltr'>sti-</span> 
     </span>
     <span class='ocr_line' id='line_1_60' title="bbox 188 2546 1056 2589; baseline -0.002 -10"><span class='ocrx_word' id='word_1_424' title='bbox 188 2548 316 2589; x_wconf 86' lang='lat' dir='ltr'>pulatus</span> <span class='ocrx_word' id='word_1_425' title='bbox 338 2547 444 2580; x_wconf 88' lang='lat' dir='ltr'>fuerat</span> <span class='ocrx_word' id='word_1_426' title='bbox 461 2572 471 2588; x_wconf 94' lang='lat'>,</span> <span class='ocrx_word' id='word_1_427' title='bbox 503 2559 544 2581; x_wconf 83' lang='lat' dir='ltr'>ex</span> <span class='ocrx_word' id='word_1_428' title='bbox 573 2548 719 2589; x_wconf 84' lang='lat' dir='ltr'>stipulatu</span> <span class='ocrx_word' id='word_1_429' title='bbox 741 2556 831 2588; x_wconf 84' lang='lat' dir='ltr'>agere</span> <span class='ocrx_word' id='word_1_430' title='bbox 853 2546 958 2589; x_wconf 78' lang='lat' dir='ltr'>polse,</span> <span class='ocrx_word' id='word_1_431' title='bbox 984 2547 1056 2587; x_wconf 82' lang='lat' dir='ltr'>quia</span> 
     </span>
     <span class='ocr_line' id='line_1_61' title="bbox 186 2588 1057 2629; baseline -0.002 -8"><span class='ocrx_word' id='word_1_432' title='bbox 186 2588 271 2621; x_wconf 86' lang='lat' dir='ltr'>nuda</span> <span class='ocrx_word' id='word_1_433' title='bbox 288 2589 438 2621; x_wconf 89' lang='lat' dir='ltr'>voluntas</span> <span class='ocrx_word' id='word_1_434' title='bbox 455 2590 612 2622; x_wconf 85' lang='lat' dir='ltr'>contraria</span> <span class='ocrx_word' id='word_1_435' title='bbox 630 2589 862 2629; x_wconf 83' lang='lat' dir='ltr'>stipulationem</span> <span class='ocrx_word' id='word_1_436' title='bbox 880 2589 994 2620; x_wconf 87' lang='lat' dir='ltr'>tollere</span> <span class='ocrx_word' id='word_1_437' title='bbox 1005 2597 1057 2620; x_wconf 90' lang='lat' dir='ltr'>ne-</span> 
     </span>
     <span class='ocr_line' id='line_1_62' title="bbox 185 2629 1058 2671; baseline -0.002 -10"><span class='ocrx_word' id='word_1_438' title='bbox 185 2629 268 2671; x_wconf 90' lang='lat' dir='ltr'>quit:</span> <span class='ocrx_word' id='word_1_439' title='bbox 280 2629 407 2661; x_wconf 88' lang='lat' dir='ltr'>tenebat</span> <span class='ocrx_word' id='word_1_440' title='bbox 418 2630 514 2671; x_wconf 87' lang='lat' dir='ltr'>igitur</span> <span class='ocrx_word' id='word_1_441' title='bbox 522 2629 589 2671; x_wconf 88' lang='lat' dir='ltr'>ipso</span> <span class='ocrx_word' id='word_1_442' title='bbox 599 2631 668 2670; x_wconf 86' lang='lat' dir='ltr'>jure</span> <span class='ocrx_word' id='word_1_443' title='bbox 679 2630 772 2668; x_wconf 71' lang='lat' dir='ltr'>aetio,</span> <span class='ocrx_word' id='word_1_444' title='bbox 782 2640 878 2670; x_wconf 89' lang='lat' dir='ltr'>quum</span> <span class='ocrx_word' id='word_1_445' title='bbox 887 2639 956 2660; x_wconf 91' lang='lat' dir='ltr'>eum</span> <span class='ocrx_word' id='word_1_446' title='bbox 967 2638 1058 2670; x_wconf 87' lang='lat' dir='ltr'>agen-</span> 
     </span>
     <span class='ocr_line' id='line_1_63' title="bbox 185 2669 1054 2712; baseline -0.001 -10"><span class='ocrx_word' id='word_1_447' title='bbox 185 2677 253 2702; x_wconf 88' lang='lat' dir='ltr'>tem</span> <span class='ocrx_word' id='word_1_448' title='bbox 272 2671 465 2712; x_wconf 86' lang='lat' dir='ltr'>exceptione</span> <span class='ocrx_word' id='word_1_449' title='bbox 479 2672 632 2703; x_wconf 85' lang='lat' dir='ltr'>duntaxat</span> <span class='ocrx_word' id='word_1_450' title='bbox 656 2669 915 2702; x_wconf 89' lang='lat' dir='ltr'>summovendum</span> <span class='ocrx_word' id='word_1_451' title='bbox 932 2670 994 2701; x_wconf 78' lang='lat' dir='ltr'>ess&#39;e</span> <span class='ocrx_word' id='word_1_452' title='bbox 1010 2671 1054 2701; x_wconf 89' lang='lat' dir='ltr'>di-</span> 
     </span>
     <span class='ocr_line' id='line_1_64' title="bbox 186 2711 1055 2751; baseline -0.002 -7"><span class='ocrx_word' id='word_1_453' title='bbox 186 2711 253 2744; x_wconf 66' lang='lat' dir='ltr'>Ctet</span> <span class='ocrx_word' id='word_1_454' title='bbox 269 2721 306 2744; x_wconf 80' lang='lat' dir='ltr'>ea</span> <span class='ocrx_word' id='word_1_455' title='bbox 322 2711 401 2743; x_wconf 89' lang='lat' dir='ltr'>Lex.</span> <span class='ocrx_word' id='word_1_456' title='bbox 446 2711 501 2744; x_wconf 91' lang='lat' dir='ltr'>Est</span> <span class='ocrx_word' id='word_1_457' title='bbox 520 2719 625 2743; x_wconf 87' lang='lat' dir='ltr'>autem</span> <span class='ocrx_word' id='word_1_458' title='bbox 645 2711 767 2748; x_wconf 86' lang='lat' dir='ltr'>visum,</span> <span class='ocrx_word' id='word_1_459' title='bbox 790 2712 897 2751; x_wconf 87' lang='lat' dir='ltr'>paullo</span> <span class='ocrx_word' id='word_1_460' title='bbox 915 2711 1010 2742; x_wconf 89' lang='lat' dir='ltr'>altius</span> <span class='ocrx_word' id='word_1_461' title='bbox 1023 2712 1055 2743; x_wconf 91' lang='lat' dir='ltr'>in</span> 
     </span>
     <span class='ocr_line' id='line_1_65' title="bbox 186 2752 1055 2794; baseline -0.002 -10"><span class='ocrx_word' id='word_1_462' title='bbox 186 2753 327 2786; x_wconf 80' lang='lat' dir='ltr'>rationes</span> <span class='ocrx_word' id='word_1_463' title='bbox 341 2753 419 2793; x_wconf 80' lang='lat' dir='ltr'>iuris</span> <span class='ocrx_word' id='word_1_464' title='bbox 437 2775 449 2792; x_wconf 91' lang='lat'>,</span> <span class='ocrx_word' id='word_1_465' title='bbox 480 2754 565 2794; x_wconf 92' lang='lat' dir='ltr'>quod</span> <span class='ocrx_word' id='word_1_466' title='bbox 582 2752 619 2784; x_wconf 89' lang='lat' dir='ltr'>ad</span> <span class='ocrx_word' id='word_1_467' title='bbox 635 2752 722 2793; x_wconf 71' lang='lat' dir='ltr'>pasta</span> <span class='ocrx_word' id='word_1_468' title='bbox 737 2761 777 2783; x_wconf 91' lang='lat' dir='ltr'>ex</span> <span class='ocrx_word' id='word_1_469' title='bbox 796 2752 986 2790; x_wconf 82' lang='lat' dir='ltr'>intervallo,</span> <span class='ocrx_word' id='word_1_470' title='bbox 1010 2752 1055 2783; x_wconf 84' lang='lat' dir='ltr'>in-</span> 
     </span>
     <span class='ocr_line' id='line_1_66' title="bbox 187 2792 1054 2835; baseline -0.003 -9"><span class='ocrx_word' id='word_1_471' title='bbox 187 2793 334 2835; x_wconf 85' lang='lat' dir='ltr'>quirere,</span> <span class='ocrx_word' id='word_1_472' title='bbox 356 2802 391 2826; x_wconf 93' lang='lat' dir='ltr'>ut</span> <span class='ocrx_word' id='word_1_473' title='bbox 408 2794 506 2835; x_wconf 87' lang='lat' dir='ltr'>magis</span> <span class='ocrx_word' id='word_1_474' title='bbox 521 2792 725 2831; x_wconf 86' lang='lat' dir='ltr'>illucescant,</span> <span class='ocrx_word' id='word_1_475' title='bbox 748 2802 822 2834; x_wconf 90' lang='lat' dir='ltr'>quas</span> <span class='ocrx_word' id='word_1_476' title='bbox 846 2793 884 2823; x_wconf 89' lang='lat' dir='ltr'>de</span> <span class='ocrx_word' id='word_1_477' title='bbox 902 2793 942 2828; x_wconf 69' lang='grc' dir='ltr'>τᾴ·</span> <span class='ocrx_word' id='word_1_478' title='bbox 955 2794 1054 2824; x_wconf 82' lang='lat' dir='ltr'>incon-</span> 
     </span>
     <span class='ocr_line' id='line_1_67' title="bbox 185 2833 1054 2876; baseline 0 -10"><span class='ocrx_word' id='word_1_479' title='bbox 185 2837 298 2867; x_wconf 72' lang='lat' dir='ltr'>tinemi</span> <span class='ocrx_word' id='word_1_480' title='bbox 314 2835 476 2874; x_wconf 86' lang='lat' dir='ltr'>dedimus,</span> <span class='ocrx_word' id='word_1_481' title='bbox 499 2835 530 2867; x_wconf 76' lang='grc' dir='ltr'>δε</span> <span class='ocrx_word' id='word_1_482' title='bbox 548 2834 637 2868; x_wconf 87' lang='lat' dir='ltr'>fimul</span> <span class='ocrx_word' id='word_1_483' title='bbox 657 2841 781 2876; x_wconf 91' lang='lat' dir='ltr'>pateat,</span> <span class='ocrx_word' id='word_1_484' title='bbox 805 2833 1004 2865; x_wconf 88' lang='lat' dir='ltr'>latitudinem</span> <span class='ocrx_word' id='word_1_485' title='bbox 1022 2834 1054 2866; x_wconf 90' lang='lat' dir='ltr'>in</span> 
     </span>
     <span class='ocr_line' id='line_1_68' title="bbox 184 2875 1053 2917; baseline -0.006 -8"><span class='ocrx_word' id='word_1_486' title='bbox 184 2876 222 2909; x_wconf 89' lang='lat' dir='ltr'>B.</span> <span class='ocrx_word' id='word_1_487' title='bbox 245 2875 279 2908; x_wconf 89' lang='lat' dir='ltr'>F.</span> <span class='ocrx_word' id='word_1_488' title='bbox 303 2876 539 2916; x_wconf 68' lang='lat' dir='ltr'>contractibus,</span> <span class='ocrx_word' id='word_1_489' title='bbox 562 2877 657 2908; x_wconf 88' lang='lat' dir='ltr'>etiam</span> <span class='ocrx_word' id='word_1_490' title='bbox 680 2875 734 2917; x_wconf 88' lang='lat' dir='ltr'>qui</span> <span class='ocrx_word' id='word_1_491' title='bbox 752 2884 786 2906; x_wconf 91' lang='lat' dir='ltr'>re</span> <span class='ocrx_word' id='word_1_492' title='bbox 803 2875 1053 2913; x_wconf 80' lang='lat' dir='ltr'>contrahuntur,</span> 
     </span>
     <span class='ocr_line' id='line_1_69' title="bbox 188 2915 1052 2959; baseline -0.002 -11"><span class='ocrx_word' id='word_1_493' title='bbox 188 2923 254 2948; x_wconf 90' lang='lat' dir='ltr'>tam</span> <span class='ocrx_word' id='word_1_494' title='bbox 280 2918 344 2949; x_wconf 89' lang='lat' dir='ltr'>late</span> <span class='ocrx_word' id='word_1_495' title='bbox 370 2925 496 2959; x_wconf 90' lang='lat' dir='ltr'>patere,</span> <span class='ocrx_word' id='word_1_496' title='bbox 527 2925 563 2950; x_wconf 87' lang='lat' dir='ltr'>ut</span> <span class='ocrx_word' id='word_1_497' title='bbox 583 2917 621 2949; x_wconf 89' lang='lat' dir='ltr'>iis</span> <span class='ocrx_word' id='word_1_498' title='bbox 643 2917 695 2949; x_wconf 88' lang='lat' dir='ltr'>vel</span> <span class='ocrx_word' id='word_1_499' title='bbox 711 2925 753 2948; x_wconf 88' lang='lat' dir='ltr'>ex</span> <span class='ocrx_word' id='word_1_500' title='bbox 775 2916 946 2948; x_wconf 88' lang='lat' dir='ltr'>intervallo</span> <span class='ocrx_word' id='word_1_501' title='bbox 964 2915 1052 2956; x_wconf 63' lang='lat' dir='ltr'>paeta</span> 
     </span>
     <span class='ocr_line' id='line_1_70' title="bbox 185 2957 944 3000; baseline 0 -12"><span class='ocrx_word' id='word_1_502' title='bbox 185 2957 400 2999; x_wconf 85' lang='lat' dir='ltr'>detrahentia,</span> <span class='ocrx_word' id='word_1_503' title='bbox 421 2967 594 3000; x_wconf 89' lang='lat' dir='ltr'>eorumque</span> <span class='ocrx_word' id='word_1_504' title='bbox 613 2958 819 2999; x_wconf 84' lang='lat' dir='ltr'>exceptiones</span> <span class='ocrx_word' id='word_1_505' title='bbox 840 2957 944 2989; x_wconf 77' lang='lat' dir='ltr'>insint.</span> 
     </span>
     <span class='ocr_line' id='line_1_71' title="bbox 229 2997 1050 3040; baseline -0.004 -10"><span class='ocrx_word' id='word_1_506' title='bbox 229 2997 377 3040; x_wconf 88' lang='lat' dir='ltr'>Denique</span> <span class='ocrx_word' id='word_1_507' title='bbox 398 2999 429 3032; x_wconf 75' lang='grc' dir='ltr'>δι</span> <span class='ocrx_word' id='word_1_508' title='bbox 445 2999 524 3031; x_wconf 88' lang='lat' dir='ltr'>illud</span> <span class='ocrx_word' id='word_1_509' title='bbox 542 2999 693 3032; x_wconf 87' lang='lat' dir='ltr'>conficies</span> <span class='ocrx_word' id='word_1_510' title='bbox 715 3008 755 3030; x_wconf 90' lang='lat' dir='ltr'>ex</span> <span class='ocrx_word' id='word_1_511' title='bbox 779 2999 799 3030; x_wconf 87' lang='lat' dir='ltr'>l.</span> <span class='ocrx_word' id='word_1_512' title='bbox 817 3008 846 3040; x_wconf 81' lang='lat'>3.</span> <span class='ocrx_word' id='word_1_513' title='bbox 866 2997 908 3039; x_wconf 91' lang='lat' dir='ltr'>ff.</span> <span class='ocrx_word' id='word_1_514' title='bbox 927 2999 961 3028; x_wconf 82' lang='lat' dir='ltr'>de</span> <span class='ocrx_word' id='word_1_515' title='bbox 980 2997 1050 3038; x_wconf 51' lang='grc' dir='ltr'><em>γεγε.</em></span> 
     </span>
     <span class='ocr_line' id='line_1_72' title="bbox 185 3038 1050 3080; baseline 0 -10"><span class='ocrx_word' id='word_1_516' title='bbox 185 3041 275 3072; x_wconf 83' lang='lat' dir='ltr'>vend.</span> <span class='ocrx_word' id='word_1_517' title='bbox 307 3039 420 3072; x_wconf 67' lang='lat' dir='ltr'>strictis</span> <span class='ocrx_word' id='word_1_518' title='bbox 441 3040 656 3073; x_wconf 66' lang='lat' dir='ltr'>contractibus</span> <span class='ocrx_word' id='word_1_519' title='bbox 683 3049 747 3072; x_wconf 90' lang='lat' dir='ltr'>non</span> <span class='ocrx_word' id='word_1_520' title='bbox 775 3039 871 3072; x_wconf 88' lang='lat' dir='ltr'>iness&#39;e</span> <span class='ocrx_word' id='word_1_521' title='bbox 889 3038 1050 3080; x_wconf 69' lang='lat' dir='ltr'>pactorum</span> 
     </span>
     <span class='ocr_line' id='line_1_73' title="bbox 186 3079 1049 3121; baseline 0.001 -12"><span class='ocrx_word' id='word_1_522' title='bbox 186 3081 410 3120; x_wconf 81' lang='lat' dir='ltr'>exceptiones,</span> <span class='ocrx_word' id='word_1_523' title='bbox 432 3090 471 3113; x_wconf 91' lang='lat' dir='ltr'>ne</span> <span class='ocrx_word' id='word_1_524' title='bbox 495 3091 533 3113; x_wconf 89' lang='lat' dir='ltr'>ue</span> <span class='ocrx_word' id='word_1_525' title='bbox 558 3082 619 3113; x_wconf 88' lang='lat' dir='ltr'>alia</span> <span class='ocrx_word' id='word_1_526' title='bbox 644 3082 787 3120; x_wconf 82' lang='lat' dir='ltr'>ratione,</span> <span class='ocrx_word' id='word_1_527' title='bbox 810 3090 902 3121; x_wconf 90' lang='lat' dir='ltr'>quam</span> <span class='ocrx_word' id='word_1_528' title='bbox 919 3079 1002 3120; x_wconf 90' lang='lat' dir='ltr'>quod</span> <span class='ocrx_word' id='word_1_529' title='bbox 1026 3080 1049 3110; x_wconf 95' lang='lat' dir='ltr'>i-</span> 
     </span>
     <span class='ocr_line' id='line_1_74' title="bbox 186 3118 1050 3164; baseline -0.002 -12"><span class='ocrx_word' id='word_1_530' title='bbox 186 3118 238 3161; x_wconf 89' lang='lat' dir='ltr'>psa</span> <span class='ocrx_word' id='word_1_531' title='bbox 256 3121 343 3160; x_wconf 66' lang='lat' dir='ltr'>patra</span> <span class='ocrx_word' id='word_1_532' title='bbox 356 3130 418 3154; x_wconf 90' lang='lat' dir='ltr'>non</span> <span class='ocrx_word' id='word_1_533' title='bbox 435 3123 466 3155; x_wconf 91' lang='lat' dir='ltr'>in</span> <span class='ocrx_word' id='word_1_534' title='bbox 481 3131 538 3155; x_wconf 83' lang='lat' dir='ltr'>int.</span> <span class='ocrx_word' id='word_1_535' title='bbox 582 3122 634 3154; x_wconf 89' lang='lat' dir='ltr'>De</span> <span class='ocrx_word' id='word_1_536' title='bbox 653 3122 712 3161; x_wconf 85' lang='lat' dir='ltr'>iis,</span> <span class='ocrx_word' id='word_1_537' title='bbox 735 3131 805 3164; x_wconf 87' lang='lat' dir='ltr'>quae</span> <span class='ocrx_word' id='word_1_538' title='bbox 821 3131 862 3154; x_wconf 88' lang='lat' dir='ltr'>ex</span> <span class='ocrx_word' id='word_1_539' title='bbox 883 3120 1050 3152; x_wconf 84' lang='lat' dir='ltr'>intervallo</span> 
     </span>
     <span class='ocr_line' id='line_1_75' title="bbox 186 3159 1048 3199; baseline -0.002 -6"><span class='ocrx_word' id='word_1_540' title='bbox 186 3159 287 3199; x_wconf 83' lang='lat' dir='ltr'>fiunt,</span> <span class='ocrx_word' id='word_1_541' title='bbox 310 3163 491 3195; x_wconf 87' lang='lat' dir='ltr'>concedunt</span> <span class='ocrx_word' id='word_1_542' title='bbox 510 3173 620 3195; x_wconf 85' lang='lat' dir='ltr'>omnes</span> <span class='ocrx_word' id='word_1_543' title='bbox 638 3173 680 3195; x_wconf 91' lang='lat' dir='ltr'>ex</span> <span class='ocrx_word' id='word_1_544' title='bbox 696 3165 818 3195; x_wconf 90' lang='lat' dir='ltr'>ratione</span> <span class='ocrx_word' id='word_1_545' title='bbox 838 3163 868 3194; x_wconf 69' lang='grc' dir='ltr'>ὅ(</span> <span class='ocrx_word' id='word_1_546' title='bbox 884 3161 1048 3193; x_wconf 71' lang='lat' dir='ltr'>auctorita-</span> 
     </span>
     <span class='ocr_line' id='line_1_76' title="bbox 185 3200 1047 3247; baseline 0.002 -13"><span class='ocrx_word' id='word_1_547' title='bbox 185 3207 221 3234; x_wconf 73' lang='lat' dir='ltr'>te</span> <span class='ocrx_word' id='word_1_548' title='bbox 241 3201 273 3235; x_wconf 82' lang='lat' dir='ltr'>d.</span> <span class='ocrx_word' id='word_1_549' title='bbox 302 3200 325 3236; x_wconf 76' lang='lat' dir='ltr'>l.</span> <span class='ocrx_word' id='word_1_550' title='bbox 346 3211 396 3243; x_wconf 82' lang='lat'>72.</span> <span class='ocrx_word' id='word_1_551' title='bbox 423 3203 464 3246; x_wconf 82' lang='lat' dir='ltr'>ff.</span> <span class='ocrx_word' id='word_1_552' title='bbox 496 3205 530 3238; x_wconf 85' lang='lat' dir='ltr'>de</span> <span class='ocrx_word' id='word_1_553' title='bbox 560 3210 652 3239; x_wconf 76' lang='lat' dir='ltr'>contr.</span> <span class='ocrx_word' id='word_1_554' title='bbox 678 3204 779 3247; x_wconf 63' lang='lat' dir='ltr'>Empe.</span> <span class='ocrx_word' id='word_1_555' title='bbox 824 3203 888 3242; x_wconf 84' lang='lat' dir='ltr'>At,</span> <span class='ocrx_word' id='word_1_556' title='bbox 911 3201 1015 3244; x_wconf 86' lang='lat' dir='ltr'>quaeso</span> <span class='ocrx_word' id='word_1_557' title='bbox 1034 3224 1047 3242; x_wconf 84' lang='lat'>,</span> 
     </span>
    </p>
   </div>
   <div class='ocr_carea' id='block_1_6' title="bbox 1092 105 1690 143">
    <p class='ocr_par' dir='ltr' id='par_1_9' title="bbox 1092 105 1690 143">
     <span class='ocr_line' id='line_1_77' title="bbox 1092 105 1690 143; baseline 0.002 -1"><span class='ocrx_word' id='word_1_558' title='bbox 1092 105 1690 143; x_wconf 75' lang='lat' dir='ltr'>BYNKERSHOER</span> 
     </span>
    </p>
   </div>
   <div class='ocr_carea' id='block_1_7' title="bbox 1091 185 2008 3201">
    <p class='ocr_par' dir='ltr' id='par_1_10' title="bbox 1104 185 2008 309">
     <span class='ocr_line' id='line_1_78' title="bbox 1104 185 1964 228; baseline 0.005 -10"><span class='ocrx_word' id='word_1_559' title='bbox 1104 187 1317 219; x_wconf 87' lang='lat' dir='ltr'>incontinenti</span> <span class='ocrx_word' id='word_1_560' title='bbox 1339 185 1421 218; x_wconf 66' lang='lat' dir='ltr'>faeta</span> <span class='ocrx_word' id='word_1_561' title='bbox 1440 186 1461 219; x_wconf 87' lang='lat' dir='ltr'><strong>fi</strong></span> <span class='ocrx_word' id='word_1_562' title='bbox 1481 186 1591 227; x_wconf 70' lang='lat' dir='ltr'>insint,</span> <span class='ocrx_word' id='word_1_563' title='bbox 1618 198 1674 219; x_wconf 88' lang='lat' dir='ltr'>cur</span> <span class='ocrx_word' id='word_1_564' title='bbox 1689 198 1753 220; x_wconf 90' lang='lat' dir='ltr'>non</span> <span class='ocrx_word' id='word_1_565' title='bbox 1771 188 1801 222; x_wconf 73' lang='grc' dir='ltr'>ὅ(</span> <span class='ocrx_word' id='word_1_566' title='bbox 1815 199 1856 223; x_wconf 83' lang='lat' dir='ltr'>ex</span> <span class='ocrx_word' id='word_1_567' title='bbox 1873 192 1964 228; x_wconf 85' lang='lat' dir='ltr'>inter.</span> 
     </span>
     <span class='ocr_line' id='line_1_79' title="bbox 1104 228 2008 277; baseline 0.004 -18"><span class='ocrx_word' id='word_1_568' title='bbox 1104 228 1211 267; x_wconf 90' lang='lat' dir='ltr'>vallo,</span> <span class='ocrx_word' id='word_1_569' title='bbox 1267 236 1341 261; x_wconf 90' lang='lat' dir='ltr'>rout</span> <span class='ocrx_word' id='word_1_570' title='bbox 1366 229 1400 260; x_wconf 89' lang='lat' dir='ltr'>in</span> <span class='ocrx_word' id='word_1_571' title='bbox 1427 228 1520 261; x_wconf 86' lang='lat' dir='ltr'>bonae</span> <span class='ocrx_word' id='word_1_572' title='bbox 1544 230 1617 262; x_wconf 88' lang='lat' dir='ltr'>fidei</span> <span class='ocrx_word' id='word_1_573' title='bbox 1639 230 1791 270; x_wconf 78' lang='lat' dir='ltr'>judiciis?</span> <span class='ocrx_word' id='word_1_574' title='bbox 1812 231 1864 264; x_wconf 89' lang='lat' dir='ltr'>sed</span> <span class='ocrx_word' id='word_1_575' title='bbox 1880 247 1963 277; x_wconf 62' lang='lat' dir='ltr'>mg«.</span> <span class='ocrx_word' id='word_1_576' title='bbox 2007 248 2008 252; x_wconf 66' lang='lat'><em>=</em></span> 
     </span>
     <span class='ocr_line' id='line_1_80' title="bbox 1105 271 1313 309; baseline 0.014 -10"><span class='ocrx_word' id='word_1_577' title='bbox 1105 272 1212 309; x_wconf 69' lang='grc' dir='ltr'>φράσειν·</span> <span class='ocrx_word' id='word_1_578' title='bbox 1245 271 1313 302; x_wconf 80' lang='lat' dir='ltr'>atis.</span> 
     </span>
    </p>

    <p class='ocr_par' dir='ltr' id='par_1_11' title="bbox 1103 310 1969 1129">
     <span class='ocr_line' id='line_1_81' title="bbox 1148 310 1964 353; baseline 0.006 -11"><span class='ocrx_word' id='word_1_579' title='bbox 1148 310 1196 343; x_wconf 89' lang='lat' dir='ltr'>Ita</span> <span class='ocrx_word' id='word_1_580' title='bbox 1217 311 1357 343; x_wconf 69' lang='lat' dir='ltr'>defuncti</span> <span class='ocrx_word' id='word_1_581' title='bbox 1390 310 1493 344; x_wconf 89' lang='lat' dir='ltr'>sumus</span> <span class='ocrx_word' id='word_1_582' title='bbox 1512 311 1628 353; x_wconf 79' lang='lat' dir='ltr'>regulis</span> <span class='ocrx_word' id='word_1_583' title='bbox 1647 312 1860 353; x_wconf 88' lang='lat' dir='ltr'>generalibus,</span> <span class='ocrx_word' id='word_1_584' title='bbox 1884 327 1964 353; x_wconf 81' lang='lat' dir='ltr'>nunc</span> 
     </span>
     <span class='ocr_line' id='line_1_82' title="bbox 1104 353 1965 397; baseline 0.009 -14"><span class='ocrx_word' id='word_1_585' title='bbox 1104 361 1155 384; x_wconf 89' lang='lat' dir='ltr'>eas</span> <span class='ocrx_word' id='word_1_586' title='bbox 1180 353 1333 393; x_wconf 86' lang='lat' dir='ltr'>exemplis</span> <span class='ocrx_word' id='word_1_587' title='bbox 1356 353 1479 394; x_wconf 90' lang='lat' dir='ltr'>aliquot</span> <span class='ocrx_word' id='word_1_588' title='bbox 1505 354 1693 386; x_wconf 85' lang='lat' dir='ltr'>illustremus</span> <span class='ocrx_word' id='word_1_589' title='bbox 1709 377 1720 392; x_wconf 92' lang='lat'>,</span> <span class='ocrx_word' id='word_1_590' title='bbox 1751 356 1781 386; x_wconf 71' lang='grc' dir='ltr'>ὅ(</span> <span class='ocrx_word' id='word_1_591' title='bbox 1799 356 1965 397; x_wconf 80' lang='lat' dir='ltr'>praesertim</span> 
     </span>
     <span class='ocr_line' id='line_1_83' title="bbox 1106 393 1966 437; baseline 0.012 -13"><span class='ocrx_word' id='word_1_592' title='bbox 1106 393 1220 425; x_wconf 87' lang='lat' dir='ltr'>talibus</span> <span class='ocrx_word' id='word_1_593' title='bbox 1233 417 1243 432; x_wconf 86' lang='lat'>,</span> <span class='ocrx_word' id='word_1_594' title='bbox 1268 404 1337 435; x_wconf 81' lang='lat' dir='ltr'>quae</span> <span class='ocrx_word' id='word_1_595' title='bbox 1354 394 1517 425; x_wconf 74' lang='lat' dir='ltr'>ostendant</span> <span class='ocrx_word' id='word_1_596' title='bbox 1529 419 1538 433; x_wconf 91' lang='lat'>‚</span> <span class='ocrx_word' id='word_1_597' title='bbox 1563 395 1649 435; x_wconf 63' lang='lat' dir='ltr'>pasta</span> <span class='ocrx_word' id='word_1_598' title='bbox 1679 395 1746 436; x_wconf 88' lang='lat' dir='ltr'>ipso</span> <span class='ocrx_word' id='word_1_599' title='bbox 1761 397 1830 437; x_wconf 89' lang='lat' dir='ltr'>jure</span> <span class='ocrx_word' id='word_1_600' title='bbox 1846 398 1966 435; x_wconf 67' lang='lat' dir='ltr'>strictos</span> 
     </span>
     <span class='ocr_line' id='line_1_84' title="bbox 1106 435 1967 482; baseline 0.008 -16"><span class='ocrx_word' id='word_1_601' title='bbox 1106 436 1285 466; x_wconf 72' lang='lat' dir='ltr'>contractus</span> <span class='ocrx_word' id='word_1_602' title='bbox 1301 445 1340 466; x_wconf 90' lang='lat' dir='ltr'>ne</span> <span class='ocrx_word' id='word_1_603' title='bbox 1358 435 1483 476; x_wconf 87' lang='lat' dir='ltr'>quidem</span> <span class='ocrx_word' id='word_1_604' title='bbox 1501 437 1532 468; x_wconf 90' lang='lat' dir='ltr'>in</span> <span class='ocrx_word' id='word_1_605' title='bbox 1547 437 1688 468; x_wconf 77' lang='lat' dir='ltr'>favorem</span> <span class='ocrx_word' id='word_1_606' title='bbox 1711 438 1755 469; x_wconf 89' lang='lat' dir='ltr'>rei</span> <span class='ocrx_word' id='word_1_607' title='bbox 1783 440 1967 482; x_wconf 88' lang='lat' dir='ltr'>immutare,</span> 
     </span>
     <span class='ocr_line' id='line_1_85' title="bbox 1105 476 1966 524; baseline 0.012 -18"><span class='ocrx_word' id='word_1_608' title='bbox 1105 485 1179 507; x_wconf 89' lang='lat' dir='ltr'>cum</span> <span class='ocrx_word' id='word_1_609' title='bbox 1196 476 1234 506; x_wconf 90' lang='lat' dir='ltr'>de</span> <span class='ocrx_word' id='word_1_610' title='bbox 1250 486 1290 507; x_wconf 91' lang='lat' dir='ltr'>eo</span> <span class='ocrx_word' id='word_1_611' title='bbox 1308 476 1344 508; x_wconf 76' lang='lat' dir='ltr'>fic</span> <span class='ocrx_word' id='word_1_612' title='bbox 1362 478 1460 516; x_wconf 82' lang='lat' dir='ltr'>major</span> <span class='ocrx_word' id='word_1_613' title='bbox 1484 479 1624 509; x_wconf 85' lang='lat' dir='ltr'>omnium</span> <span class='ocrx_word' id='word_1_614' title='bbox 1650 478 1825 513; x_wconf 56' lang='lat' dir='ltr'>dunelmum.</span> <span class='ocrx_word' id='word_1_615' title='bbox 1870 481 1966 524; x_wconf 87' lang='lat' dir='ltr'>Finge</span> 
     </span>
     <span class='ocr_line' id='line_1_86' title="bbox 1106 516 1965 565; baseline 0.009 -18"><span class='ocrx_word' id='word_1_616' title='bbox 1106 526 1157 548; x_wconf 86' lang='lat' dir='ltr'>me</span> <span class='ocrx_word' id='word_1_617' title='bbox 1177 516 1236 548; x_wconf 90' lang='lat' dir='ltr'>tibi</span> <span class='ocrx_word' id='word_1_618' title='bbox 1254 526 1381 549; x_wconf 88' lang='lat' dir='ltr'>centum</span> <span class='ocrx_word' id='word_1_619' title='bbox 1400 520 1513 550; x_wconf 48' lang='lat' dir='ltr'>defflere</span> <span class='ocrx_word' id='word_1_620' title='bbox 1530 529 1569 551; x_wconf 87' lang='lat' dir='ltr'>ex</span> <span class='ocrx_word' id='word_1_621' title='bbox 1595 518 1746 560; x_wconf 87' lang='lat' dir='ltr'>stipulatu</span> <span class='ocrx_word' id='word_1_622' title='bbox 1762 522 1814 553; x_wconf 92' lang='lat' dir='ltr'>vel</span> <span class='ocrx_word' id='word_1_623' title='bbox 1835 532 1965 565; x_wconf 84' lang='lat' dir='ltr'>mutuo,</span> 
     </span>
     <span class='ocr_line' id='line_1_87' title="bbox 1107 558 1966 601; baseline 0.012 -13"><span class='ocrx_word' id='word_1_624' title='bbox 1107 559 1137 589; x_wconf 70' lang='lat' dir='ltr'>&lt;st</span> <span class='ocrx_word' id='word_1_625' title='bbox 1155 558 1364 590; x_wconf 83' lang='lat' dir='ltr'>incontinenti</span> <span class='ocrx_word' id='word_1_626' title='bbox 1382 559 1524 599; x_wconf 62' lang='lat' dir='ltr'>paftum,</span> <span class='ocrx_word' id='word_1_627' title='bbox 1546 571 1581 592; x_wconf 82' lang='lat' dir='ltr'>ne</span> <span class='ocrx_word' id='word_1_628' title='bbox 1591 567 1711 601; x_wconf 73' lang='lat' dir='ltr'>peteres.</span> <span class='ocrx_word' id='word_1_629' title='bbox 1759 562 1845 596; x_wconf 78' lang='lat' dir='ltr'>Petis</span> <span class='ocrx_word' id='word_1_630' title='bbox 1854 571 1966 599; x_wconf 85' lang='lat' dir='ltr'>tamen:</span> 
     </span>
     <span class='ocr_line' id='line_1_88' title="bbox 1103 598 1968 646; baseline 0.012 -18"><span class='ocrx_word' id='word_1_631' title='bbox 1103 598 1217 630; x_wconf 88' lang='lat' dir='ltr'>efficax</span> <span class='ocrx_word' id='word_1_632' title='bbox 1237 598 1300 638; x_wconf 91' lang='lat' dir='ltr'>est,</span> <span class='ocrx_word' id='word_1_633' title='bbox 1324 608 1416 640; x_wconf 89' lang='lat' dir='ltr'>quam</span> <span class='ocrx_word' id='word_1_634' title='bbox 1430 601 1581 640; x_wconf 88' lang='lat' dir='ltr'>intendis,</span> <span class='ocrx_word' id='word_1_635' title='bbox 1606 602 1710 641; x_wconf 68' lang='lat' dir='ltr'>actio,</span> <span class='ocrx_word' id='word_1_636' title='bbox 1744 605 1795 635; x_wconf 85' lang='lat' dir='ltr'>uia</span> <span class='ocrx_word' id='word_1_637' title='bbox 1806 605 1893 646; x_wconf 65' lang='lat' dir='ltr'>pasto</span> <span class='ocrx_word' id='word_1_638' title='bbox 1903 615 1968 638; x_wconf 86' lang='lat' dir='ltr'><em>con-</em></span> 
     </span>
     <span class='ocr_line' id='line_1_89' title="bbox 1105 613 1967 686; baseline 0.012 -17"><span class='ocrx_word' id='word_1_639' title='bbox 1105 647 1193 671; x_wconf 79' lang='lat' dir='ltr'>vento</span> <span class='ocrx_word' id='word_1_640' title='bbox 1218 641 1405 682; x_wconf 78' lang='lat' dir='ltr'>obligationes</span> <span class='ocrx_word' id='word_1_641' title='bbox 1431 650 1507 674; x_wconf 81' lang='lat' dir='ltr'>NON</span> <span class='ocrx_word' id='word_1_642' title='bbox 1530 652 1672 674; x_wconf 78' lang='lat' dir='ltr'>OMNINO</span> <span class='ocrx_word' id='word_1_643' title='bbox 1688 613 1890 686; x_wconf 60' lang='lat' dir='ltr'>diffiilvumur,</span> <span class='ocrx_word' id='word_1_644' title='bbox 1921 647 1967 680; x_wconf 82' lang='lat' dir='ltr'>ait:</span> 
     </span>
     <span class='ocr_line' id='line_1_90' title="bbox 1105 680 1967 729; baseline 0.012 -18"><span class='ocrx_word' id='word_1_645' title='bbox 1105 680 1281 724; x_wconf 82' lang='lat' dir='ltr'>Imperator</span> <span class='ocrx_word' id='word_1_646' title='bbox 1308 683 1339 713; x_wconf 89' lang='lat' dir='ltr'>in</span> <span class='ocrx_word' id='word_1_647' title='bbox 1370 681 1398 723; x_wconf 80' lang='lat'>§.</span> <span class='ocrx_word' id='word_1_648' title='bbox 1431 693 1460 724; x_wconf 85' lang='lat'>3.</span> <span class='ocrx_word' id='word_1_649' title='bbox 1497 682 1595 723; x_wconf 78' lang='lat' dir='ltr'>Instit.</span> <span class='ocrx_word' id='word_1_650' title='bbox 1627 686 1660 715; x_wconf 83' lang='lat' dir='ltr'>de</span> <span class='ocrx_word' id='word_1_651' title='bbox 1691 692 1803 726; x_wconf 76' lang='lat' dir='ltr'>except.</span> <span class='ocrx_word' id='word_1_652' title='bbox 1833 688 1863 720; x_wconf 91' lang='lat'>&amp;</span> <span class='ocrx_word' id='word_1_653' title='bbox 1884 688 1967 729; x_wconf 72' lang='lat' dir='ltr'>juris</span> 
     </span>
     <span class='ocr_line' id='line_1_91' title="bbox 1105 722 1966 769; baseline 0.009 -15"><span class='ocrx_word' id='word_1_654' title='bbox 1105 722 1259 754; x_wconf 77' lang='lat' dir='ltr'>Auctor-es</span> <span class='ocrx_word' id='word_1_655' title='bbox 1282 722 1397 768; x_wconf 65' lang='lat' dir='ltr'>pallini.</span> <span class='ocrx_word' id='word_1_656' title='bbox 1449 724 1610 769; x_wconf 84' lang='lat' dir='ltr'>Quocirca</span> <span class='ocrx_word' id='word_1_657' title='bbox 1636 735 1700 758; x_wconf 90' lang='lat' dir='ltr'>non</span> <span class='ocrx_word' id='word_1_658' title='bbox 1726 727 1819 760; x_wconf 89' lang='lat' dir='ltr'>inerit</span> <span class='ocrx_word' id='word_1_659' title='bbox 1834 728 1896 762; x_wconf 87' lang='lat' dir='ltr'>hoc</span> <span class='ocrx_word' id='word_1_660' title='bbox 1936 739 1966 761; x_wconf 85' lang='lat' dir='ltr'>a-</span> 
     </span>
     <span class='ocr_line' id='line_1_92' title="bbox 1104 739 1968 804; baseline 0.012 -11"><span class='ocrx_word' id='word_1_661' title='bbox 1104 763 1188 794; x_wconf 64' lang='lat' dir='ltr'>ctum</span> <span class='ocrx_word' id='word_1_662' title='bbox 1200 785 1212 801; x_wconf 89' lang='lat'>,</span> <span class='ocrx_word' id='word_1_663' title='bbox 1242 765 1313 804; x_wconf 87' lang='lat' dir='ltr'>quia</span> <span class='ocrx_word' id='word_1_664' title='bbox 1338 764 1427 796; x_wconf 81' lang='lat' dir='ltr'>illico</span> <span class='ocrx_word' id='word_1_665' title='bbox 1449 774 1512 796; x_wconf 87' lang='lat' dir='ltr'>non</span> <span class='ocrx_word' id='word_1_666' title='bbox 1530 764 1575 797; x_wconf 92' lang='lat' dir='ltr'>est</span> <span class='ocrx_word' id='word_1_667' title='bbox 1596 764 1748 799; x_wconf 86' lang='lat' dir='ltr'>suffocata</span> <span class='ocrx_word' id='word_1_668' title='bbox 1761 768 1853 802; x_wconf 59' lang='lat' dir='ltr'>afftio.</span> <span class='ocrx_word' id='word_1_669' title='bbox 1897 739 1968 802; x_wconf 51' lang='lat' dir='ltr'>131?st-</span> 
     </span>
     <span class='ocr_line' id='line_1_93' title="bbox 1104 804 1969 845; baseline 0.009 -10"><span class='ocrx_word' id='word_1_670' title='bbox 1104 813 1165 845; x_wconf 92' lang='lat' dir='ltr'>que</span> <span class='ocrx_word' id='word_1_671' title='bbox 1179 805 1257 836; x_wconf 91' lang='lat' dir='ltr'>illud</span> <span class='ocrx_word' id='word_1_672' title='bbox 1273 804 1448 837; x_wconf 59' lang='lat' dir='ltr'>indistinfite</span> <span class='ocrx_word' id='word_1_673' title='bbox 1465 806 1632 845; x_wconf 87' lang='lat' dir='ltr'>traditum,</span> <span class='ocrx_word' id='word_1_674' title='bbox 1657 807 1720 839; x_wconf 79' lang='lat' dir='ltr'>sive</span> <span class='ocrx_word' id='word_1_675' title='bbox 1742 818 1780 840; x_wconf 85' lang='lat' dir='ltr'>cx</span> <span class='ocrx_word' id='word_1_676' title='bbox 1801 812 1969 844; x_wconf 88' lang='lat' dir='ltr'>continen-</span> 
     </span>
     <span class='ocr_line' id='line_1_94' title="bbox 1106 845 1969 892; baseline 0.008 -16"><span class='ocrx_word' id='word_1_677' title='bbox 1106 846 1151 883; x_wconf 88' lang='lat' dir='ltr'>ti,</span> <span class='ocrx_word' id='word_1_678' title='bbox 1174 845 1235 877; x_wconf 86' lang='lat' dir='ltr'>slve</span> <span class='ocrx_word' id='word_1_679' title='bbox 1250 846 1356 887; x_wconf 85' lang='lat' dir='ltr'>postea</span> <span class='ocrx_word' id='word_1_680' title='bbox 1372 848 1602 879; x_wconf 90' lang='lat' dir='ltr'>conventiones</span> <span class='ocrx_word' id='word_1_681' title='bbox 1627 847 1747 880; x_wconf 84' lang='lat' dir='ltr'>fuerint</span> <span class='ocrx_word' id='word_1_682' title='bbox 1775 849 1969 892; x_wconf 79' lang='lat' dir='ltr'>subsecutae3</span> 
     </span>
     <span class='ocr_line' id='line_1_95' title="bbox 1107 887 1966 928; baseline 0.009 -11"><span class='ocrx_word' id='word_1_683' title='bbox 1107 896 1179 917; x_wconf 90' lang='lat' dir='ltr'>cum</span> <span class='ocrx_word' id='word_1_684' title='bbox 1198 887 1257 918; x_wconf 83' lang='lat' dir='ltr'>hac</span> <span class='ocrx_word' id='word_1_685' title='bbox 1276 895 1378 920; x_wconf 89' lang='lat' dir='ltr'>tamen</span> <span class='ocrx_word' id='word_1_686' title='bbox 1397 889 1566 928; x_wconf 87' lang='lat' dir='ltr'>cautione,</span> <span class='ocrx_word' id='word_1_687' title='bbox 1591 896 1626 920; x_wconf 89' lang='lat' dir='ltr'>ut</span> <span class='ocrx_word' id='word_1_688' title='bbox 1643 889 1664 921; x_wconf 88' lang='lat' dir='ltr'>fi</span> <span class='ocrx_word' id='word_1_689' title='bbox 1683 889 1776 922; x_wconf 82' lang='lat' dir='ltr'>bonae</span> <span class='ocrx_word' id='word_1_690' title='bbox 1791 890 1824 923; x_wconf 80' lang='lat' dir='ltr'>F.</span> <span class='ocrx_word' id='word_1_691' title='bbox 1843 900 1966 926; x_wconf 87' lang='lat' dir='ltr'>contra-</span> 
     </span>
     <span class='ocr_line' id='line_1_96' title="bbox 1104 928 1966 974; baseline 0.009 -16"><span class='ocrx_word' id='word_1_692' title='bbox 1104 928 1207 974; x_wconf 66' lang='lat' dir='ltr'>ctibus</span> <span class='ocrx_word' id='word_1_693' title='bbox 1234 929 1411 968; x_wconf 83' lang='lat' dir='ltr'>hujusmodi</span> <span class='ocrx_word' id='word_1_694' title='bbox 1436 930 1539 970; x_wconf 71' lang='lat' dir='ltr'>pactio</span> <span class='ocrx_word' id='word_1_695' title='bbox 1556 940 1573 961; x_wconf 92' lang='lat' dir='ltr'>e</span> <span class='ocrx_word' id='word_1_696' title='bbox 1598 932 1735 972; x_wconf 74' lang='lat' dir='ltr'>vestigio</span> <span class='ocrx_word' id='word_1_697' title='bbox 1748 932 1899 972; x_wconf 83' lang='lat' dir='ltr'>probetur</span> <span class='ocrx_word' id='word_1_698' title='bbox 1915 934 1966 967; x_wconf 85' lang='lat' dir='ltr'>ad-</span> 
     </span>
     <span class='ocr_line' id='line_1_97' title="bbox 1104 967 1967 1016; baseline 0.009 -17"><span class='ocrx_word' id='word_1_699' title='bbox 1104 970 1188 1007; x_wconf 83' lang='lat' dir='ltr'>dita,</span> <span class='ocrx_word' id='word_1_700' title='bbox 1219 970 1287 1010; x_wconf 83' lang='lat' dir='ltr'>ipio</span> <span class='ocrx_word' id='word_1_701' title='bbox 1316 970 1384 1009; x_wconf 87' lang='lat' dir='ltr'>jure</span> <span class='ocrx_word' id='word_1_702' title='bbox 1406 969 1535 1011; x_wconf 86' lang='lat' dir='ltr'>pristina</span> <span class='ocrx_word' id='word_1_703' title='bbox 1561 971 1716 1013; x_wconf 86' lang='lat' dir='ltr'>obligatio</span> <span class='ocrx_word' id='word_1_704' title='bbox 1734 967 1937 1007; x_wconf 87' lang='lat' dir='ltr'>&#39;subvertatur</span> <span class='ocrx_word' id='word_1_705' title='bbox 1953 998 1967 1016; x_wconf 89' lang='lat'>,</span> 
     </span>
     <span class='ocr_line' id='line_1_98' title="bbox 1106 1011 1966 1056; baseline 0.007 -15"><span class='ocrx_word' id='word_1_706' title='bbox 1106 1019 1142 1041; x_wconf 84' lang='lat' dir='ltr'>ut</span> <span class='ocrx_word' id='word_1_707' title='bbox 1166 1012 1260 1042; x_wconf 86' lang='lat' dir='ltr'>docet</span> <span class='ocrx_word' id='word_1_708' title='bbox 1286 1011 1400 1043; x_wconf 85' lang='lat' dir='ltr'>Paulus</span> <span class='ocrx_word' id='word_1_709' title='bbox 1424 1012 1455 1043; x_wconf 83' lang='lat' dir='ltr'>in</span> <span class='ocrx_word' id='word_1_710' title='bbox 1487 1012 1508 1043; x_wconf 86' lang='lat' dir='ltr'>Z.</span> <span class='ocrx_word' id='word_1_711' title='bbox 1535 1023 1583 1053; x_wconf 80' lang='lat'>27.</span> <span class='ocrx_word' id='word_1_712' title='bbox 1616 1014 1644 1055; x_wconf 82' lang='lat'>§.</span> <span class='ocrx_word' id='word_1_713' title='bbox 1669 1023 1698 1046; x_wconf 82' lang='lat'>2.</span> <span class='ocrx_word' id='word_1_714' title='bbox 1722 1015 1764 1056; x_wconf 70' lang='lat' dir='ltr'>vs}</span> <span class='ocrx_word' id='word_1_715' title='bbox 1792 1014 1872 1047; x_wconf 83' lang='lat' dir='ltr'>Idem</span> <span class='ocrx_word' id='word_1_716' title='bbox 1888 1017 1966 1048; x_wconf 81' lang='lat' dir='ltr'>dice-</span> 
     </span>
     <span class='ocr_line' id='line_1_99' title="bbox 1106 1052 1967 1097; baseline 0.009 -15"><span class='ocrx_word' id='word_1_717' title='bbox 1106 1062 1167 1082; x_wconf 78' lang='lat' dir='ltr'>mm</span> <span class='ocrx_word' id='word_1_718' title='bbox 1193 1052 1234 1093; x_wconf 86' lang='lat' dir='ltr'>ff.</span> <span class='ocrx_word' id='word_1_719' title='bbox 1259 1053 1291 1083; x_wconf 75' lang='lat' dir='ltr'>cie</span> <span class='ocrx_word' id='word_1_720' title='bbox 1321 1052 1408 1084; x_wconf 72' lang='lat' dir='ltr'>Paci.</span> <span class='ocrx_word' id='word_1_721' title='bbox 1433 1056 1463 1085; x_wconf 72' lang='grc' dir='ltr'>ὁζ</span> <span class='ocrx_word' id='word_1_722' title='bbox 1485 1053 1608 1086; x_wconf 71' lang='lat' dir='ltr'>Basilici</span> <span class='ocrx_word' id='word_1_723' title='bbox 1627 1064 1753 1097; x_wconf 91' lang='lat' dir='ltr'>quoque</span> <span class='ocrx_word' id='word_1_724' title='bbox 1775 1056 1813 1089; x_wconf 84' lang='lat' dir='ltr'>ad</span> <span class='ocrx_word' id='word_1_725' title='bbox 1832 1065 1904 1090; x_wconf 89' lang='lat' dir='ltr'>cum</span> <span class='ocrx_word' id='word_1_726' title='bbox 1919 1058 1967 1090; x_wconf 86' lang='lat' dir='ltr'>lo-</span> 
     </span>
     <span class='ocr_line' id='line_1_100' title="bbox 1104 1101 1355 1129; baseline 0.016 -5"><span class='ocrx_word' id='word_1_727' title='bbox 1104 1102 1179 1125; x_wconf 88' lang='lat' dir='ltr'>cum</span> <span class='ocrx_word' id='word_1_728' title='bbox 1196 1101 1355 1129; x_wconf 75' lang='lat' dir='ltr'>notarunt.</span> 
     </span>
    </p>

    <p class='ocr_par' dir='ltr' id='par_1_12' title="bbox 1098 1134 1986 2051">
     <span class='ocr_line' id='line_1_101' title="bbox 1147 1134 1967 1185; baseline 0.01 -20"><span class='ocrx_word' id='word_1_729' title='bbox 1147 1135 1251 1177; x_wconf 87' lang='lat' dir='ltr'>Quam</span> <span class='ocrx_word' id='word_1_730' title='bbox 1269 1146 1342 1183; x_wconf 80' lang='lat' dir='ltr'>vera</span> <span class='ocrx_word' id='word_1_731' title='bbox 1366 1137 1433 1185; x_wconf 76' lang='lat' dir='ltr'>haec</span> <span class='ocrx_word' id='word_1_732' title='bbox 1454 1134 1531 1180; x_wconf 82' lang='lat' dir='ltr'>sint,</span> <span class='ocrx_word' id='word_1_733' title='bbox 1554 1137 1813 1183; x_wconf 19' lang='lat' dir='ltr'>,acceptilationis</span> <span class='ocrx_word' id='word_1_734' title='bbox 1829 1141 1900 1175; x_wconf 85' lang='lat' dir='ltr'>usus</span> <span class='ocrx_word' id='word_1_735' title='bbox 1915 1140 1967 1174; x_wconf 91' lang='lat' dir='ltr'>de·</span> 
     </span>
     <span class='ocr_line' id='line_1_102' title="bbox 1103 1176 1967 1226; baseline 0.01 -19"><span class='ocrx_word' id='word_1_736' title='bbox 1103 1176 1274 1223; x_wconf 40' lang='lat' dir='ltr'>monstrat..</span> <span class='ocrx_word' id='word_1_737' title='bbox 1307 1178 1340 1210; x_wconf 83' lang='lat' dir='ltr'>Si</span> <span class='ocrx_word' id='word_1_738' title='bbox 1365 1189 1459 1226; x_wconf 35' lang='lat' dir='ltr'>enim.</span> <span class='ocrx_word' id='word_1_739' title='bbox 1481 1183 1512 1214; x_wconf 90' lang='lat' dir='ltr'>in</span> <span class='ocrx_word' id='word_1_740' title='bbox 1544 1182 1754 1224; x_wconf 84' lang='lat' dir='ltr'>stipulationis</span> <span class='ocrx_word' id='word_1_741' title='bbox 1785 1183 1967 1216; x_wconf 86' lang='lat' dir='ltr'>continenti</span> 
     </span>
     <span class='ocr_line' id='line_1_103' title="bbox 1103 1220 1969 1265; baseline 0.01 -17"><span class='ocrx_word' id='word_1_742' title='bbox 1103 1226 1291 1250; x_wconf 82' lang='lat' dir='ltr'>convenerit</span> <span class='ocrx_word' id='word_1_743' title='bbox 1307 1241 1319 1258; x_wconf 91' lang='lat'>,</span> <span class='ocrx_word' id='word_1_744' title='bbox 1346 1220 1384 1251; x_wconf 89' lang='lat' dir='ltr'>de</span> <span class='ocrx_word' id='word_1_745' title='bbox 1408 1225 1627 1265; x_wconf 77' lang='lat' dir='ltr'>quinquaginta</span> <span class='ocrx_word' id='word_1_746' title='bbox 1650 1232 1782 1265; x_wconf 82' lang='lat' dir='ltr'>accepto</span> <span class='ocrx_word' id='word_1_747' title='bbox 1798 1224 1938 1257; x_wconf 86' lang='lat' dir='ltr'>ferendis</span> <span class='ocrx_word' id='word_1_748' title='bbox 1953 1247 1969 1265; x_wconf 92' lang='lat'>‚</span> 
     </span>
     <span class='ocr_line' id='line_1_104' title="bbox 1102 1265 1967 1304; baseline 0.009 -14"><span class='ocrx_word' id='word_1_749' title='bbox 1102 1268 1176 1291; x_wconf 90' lang='lat' dir='ltr'>cum</span> <span class='ocrx_word' id='word_1_750' title='bbox 1200 1269 1241 1291; x_wconf 90' lang='lat' dir='ltr'>ex</span> <span class='ocrx_word' id='word_1_751' title='bbox 1270 1270 1307 1292; x_wconf 88' lang='lat' dir='ltr'>ea</span> <span class='ocrx_word' id='word_1_752' title='bbox 1328 1269 1456 1293; x_wconf 88' lang='lat' dir='ltr'>centum</span> <span class='ocrx_word' id='word_1_753' title='bbox 1482 1265 1539 1295; x_wconf 75' lang='lat' dir='ltr'>tibi</span> <span class='ocrx_word' id='word_1_754' title='bbox 1554 1265 1717 1304; x_wconf 88' lang='lat' dir='ltr'>deberem,</span> <span class='ocrx_word' id='word_1_755' title='bbox 1741 1275 1833 1298; x_wconf 88' lang='lat' dir='ltr'>nemo</span> <span class='ocrx_word' id='word_1_756' title='bbox 1850 1267 1935 1298; x_wconf 87' lang='lat' dir='ltr'>dicet</span> <span class='ocrx_word' id='word_1_757' title='bbox 1953 1289 1967 1304; x_wconf 88' lang='lat'>,</span> 
     </span>
     <span class='ocr_line' id='line_1_105' title="bbox 1103 1300 1969 1347; baseline 0.008 -15"><span class='ocrx_word' id='word_1_758' title='bbox 1103 1301 1260 1347; x_wconf 62' lang='lat' dir='ltr'>actionem</span> <span class='ocrx_word' id='word_1_759' title='bbox 1279 1309 1363 1334; x_wconf 86' lang='lat' dir='ltr'>tuam</span> <span class='ocrx_word' id='word_1_760' title='bbox 1381 1300 1448 1344; x_wconf 90' lang='lat' dir='ltr'>ipso</span> <span class='ocrx_word' id='word_1_761' title='bbox 1464 1303 1534 1344; x_wconf 85' lang='lat' dir='ltr'>jure</span> <span class='ocrx_word' id='word_1_762' title='bbox 1553 1306 1591 1337; x_wconf 87' lang='lat' dir='ltr'>ad</span> <span class='ocrx_word' id='word_1_763' title='bbox 1607 1306 1831 1347; x_wconf 82' lang='lat' dir='ltr'>quinquaginta</span> <span class='ocrx_word' id='word_1_764' title='bbox 1852 1307 1913 1339; x_wconf 83' lang='lat' dir='ltr'>effe</span> <span class='ocrx_word' id='word_1_765' title='bbox 1928 1307 1969 1339; x_wconf 80' lang='lat' dir='ltr'>li-</span> 
     </span>
     <span class='ocr_line' id='line_1_106' title="bbox 1104 1343 1967 1389; baseline 0.008 -16"><span class='ocrx_word' id='word_1_766' title='bbox 1104 1350 1258 1389; x_wconf 76' lang='lat' dir='ltr'>mitatam.</span> <span class='ocrx_word' id='word_1_767' title='bbox 1302 1343 1517 1389; x_wconf 28' lang='lat' dir='ltr'>¹‘Acceptilatio</span> <span class='ocrx_word' id='word_1_768' title='bbox 1533 1346 1551 1378; x_wconf 87' lang='lat' dir='ltr'>i.</span> <span class='ocrx_word' id='word_1_769' title='bbox 1570 1355 1598 1379; x_wconf 90' lang='lat' dir='ltr'>e.</span> <span class='ocrx_word' id='word_1_770' title='bbox 1616 1354 1772 1388; x_wconf 83' lang='lat' dir='ltr'>concepta</span> <span class='ocrx_word' id='word_1_771' title='bbox 1787 1354 1904 1380; x_wconf 88' lang='lat' dir='ltr'>mutuae</span> <span class='ocrx_word' id='word_1_772' title='bbox 1922 1348 1967 1380; x_wconf 84' lang='lat' dir='ltr'>in-</span> 
     </span>
     <span class='ocr_line' id='line_1_107' title="bbox 1104 1385 1968 1430; baseline 0.007 -15"><span class='ocrx_word' id='word_1_773' title='bbox 1104 1390 1328 1425; x_wconf 81' lang='lat' dir='ltr'>terrogatioms</span> <span class='ocrx_word' id='word_1_774' title='bbox 1352 1385 1450 1416; x_wconf 90' lang='lat' dir='ltr'>verba</span> <span class='ocrx_word' id='word_1_775' title='bbox 1478 1387 1576 1420; x_wconf 82' lang='lat' dir='ltr'>adsint</span> <span class='ocrx_word' id='word_1_776' title='bbox 1608 1395 1762 1430; x_wconf 88' lang='lat' dir='ltr'>oportet,</span> <span class='ocrx_word' id='word_1_777' title='bbox 1801 1395 1838 1420; x_wconf 88' lang='lat' dir='ltr'>ut</span> <span class='ocrx_word' id='word_1_778' title='bbox 1865 1389 1968 1421; x_wconf 80' lang='lat' dir='ltr'>valida</span> 
     </span>
     <span class='ocr_line' id='line_1_108' title="bbox 1104 1425 1970 1475; baseline 0.007 -18"><span class='ocrx_word' id='word_1_779' title='bbox 1104 1425 1274 1475; x_wconf 57' lang='lat' dir='ltr'>verborum</span> <span class='ocrx_word' id='word_1_780' title='bbox 1298 1425 1454 1468; x_wconf 86' lang='lat' dir='ltr'>obligatio</span> <span class='ocrx_word' id='word_1_781' title='bbox 1478 1428 1511 1460; x_wconf 90' lang='lat' dir='ltr'>in</span> <span class='ocrx_word' id='word_1_782' title='bbox 1532 1436 1658 1469; x_wconf 90' lang='lat' dir='ltr'>totum,</span> <span class='ocrx_word' id='word_1_783' title='bbox 1687 1439 1787 1471; x_wconf 87' lang='lat' dir='ltr'>prove</span> <span class='ocrx_word' id='word_1_784' title='bbox 1800 1437 1888 1471; x_wconf 84' lang='lat' dir='ltr'>parte</span> <span class='ocrx_word' id='word_1_785' title='bbox 1906 1430 1970 1463; x_wconf 67' lang='lat' dir='ltr'>tol:</span> 
     </span>
     <span class='ocr_line' id='line_1_109' title="bbox 1104 1466 1968 1513; baseline 0.006 -15"><span class='ocrx_word' id='word_1_786' title='bbox 1104 1466 1188 1499; x_wconf 90' lang='lat' dir='ltr'>latur</span> <span class='ocrx_word' id='word_1_787' title='bbox 1218 1467 1251 1498; x_wconf 86' lang='lat'>1.</span> <span class='ocrx_word' id='word_1_788' title='bbox 1278 1466 1312 1499; x_wconf 89' lang='lat' dir='ltr'>T.</span> <span class='ocrx_word' id='word_1_789' title='bbox 1330 1467 1372 1509; x_wconf 86' lang='lat' dir='ltr'>ff.</span> <span class='ocrx_word' id='word_1_790' title='bbox 1396 1469 1430 1499; x_wconf 85' lang='lat' dir='ltr'>de</span> <span class='ocrx_word' id='word_1_791' title='bbox 1453 1471 1587 1511; x_wconf 78' lang='lat' dir='ltr'>acceptil.</span> <span class='ocrx_word' id='word_1_792' title='bbox 1613 1471 1635 1504; x_wconf 81' lang='lat' dir='ltr'>i.</span> <span class='ocrx_word' id='word_1_793' title='bbox 1648 1476 1699 1506; x_wconf 91' lang='lat'>80.</span> <span class='ocrx_word' id='word_1_794' title='bbox 1716 1470 1757 1513; x_wconf 89' lang='lat' dir='ltr'>ff.</span> <span class='ocrx_word' id='word_1_795' title='bbox 1778 1472 1812 1502; x_wconf 83' lang='lat' dir='ltr'>de</span> <span class='ocrx_word' id='word_1_796' title='bbox 1827 1471 1968 1512; x_wconf 66' lang='grc' dir='ltr'>ι[ὸὶαιίοφι.</span> 
     </span>
     <span class='ocr_line' id='line_1_110' title="bbox 1103 1506 1986 1556; baseline 0.007 -17"><span class='ocrx_word' id='word_1_797' title='bbox 1103 1507 1133 1548; x_wconf 78' lang='lat'>§.</span> <span class='ocrx_word' id='word_1_798' title='bbox 1162 1517 1188 1540; x_wconf 91' lang='lat'>1.</span> <span class='ocrx_word' id='word_1_799' title='bbox 1212 1506 1397 1556; x_wconf 56' lang='lat' dir='ltr'>,lizsquiiln⁸</span> <span class='ocrx_word' id='word_1_800' title='bbox 1412 1511 1486 1556; x_wconf 65' lang='lat' dir='ltr'>mad.</span> <span class='ocrx_word' id='word_1_801' title='bbox 1511 1513 1573 1545; x_wconf 72' lang='lat' dir='ltr'>toii.</span> <span class='ocrx_word' id='word_1_802' title='bbox 1597 1513 1651 1545; x_wconf 82' lang='lat' dir='ltr'>obi.</span> <span class='ocrx_word' id='word_1_803' title='bbox 1698 1521 1836 1554; x_wconf 82' lang='lat' dir='ltr'>numque</span> <span class='ocrx_word' id='word_1_804' title='bbox 1855 1522 1925 1545; x_wconf 90' lang='lat' dir='ltr'>eum</span> <span class='ocrx_word' id='word_1_805' title='bbox 1935 1512 1986 1548; x_wconf 83' lang='lat' dir='ltr'>in·</span> 
     </span>
     <span class='ocr_line' id='line_1_111' title="bbox 1103 1549 1968 1595; baseline 0.007 -15"><span class='ocrx_word' id='word_1_806' title='bbox 1103 1549 1198 1595; x_wconf 81' lang='lat' dir='ltr'>finem</span> <span class='ocrx_word' id='word_1_807' title='bbox 1222 1549 1302 1591; x_wconf 61' lang='lat' dir='ltr'>pain</span> <span class='ocrx_word' id='word_1_808' title='bbox 1323 1550 1399 1582; x_wconf 79' lang='lat' dir='ltr'>nudi</span> <span class='ocrx_word' id='word_1_809' title='bbox 1424 1561 1510 1584; x_wconf 82' lang='lat' dir='ltr'>vires</span> <span class='ocrx_word' id='word_1_810' title='bbox 1527 1554 1657 1586; x_wconf 89' lang='lat' dir='ltr'>nimium</span> <span class='ocrx_word' id='word_1_811' title='bbox 1691 1562 1737 1586; x_wconf 88' lang='lat' dir='ltr'>int</span> <span class='ocrx_word' id='word_1_812' title='bbox 1753 1553 1891 1594; x_wconf 89' lang='lat' dir='ltr'>debiles,</span> <span class='ocrx_word' id='word_1_813' title='bbox 1913 1563 1968 1586; x_wconf 82' lang='lat' dir='ltr'>ex-</span> 
     </span>
     <span class='ocr_line' id='line_1_112' title="bbox 1102 1590 1971 1637; baseline 0.008 -16"><span class='ocrx_word' id='word_1_814' title='bbox 1102 1598 1284 1637; x_wconf 82' lang='lat' dir='ltr'>ceptlonem</span> <span class='ocrx_word' id='word_1_815' title='bbox 1308 1591 1462 1624; x_wconf 89' lang='lat' dir='ltr'>duntaxat</span> <span class='ocrx_word' id='word_1_816' title='bbox 1487 1590 1550 1627; x_wconf 86' lang='lat' dir='ltr'>hoc</span> <span class='ocrx_word' id='word_1_817' title='bbox 1574 1595 1605 1627; x_wconf 92' lang='lat' dir='ltr'>in</span> <span class='ocrx_word' id='word_1_818' title='bbox 1625 1595 1697 1627; x_wconf 86' lang='lat' dir='ltr'>casu</span> <span class='ocrx_word' id='word_1_819' title='bbox 1718 1596 1758 1627; x_wconf 89' lang='lat' dir='ltr'>Pa</span> <span class='ocrx_word' id='word_1_820' title='bbox 1783 1595 1903 1628; x_wconf 84' lang='lat' dir='ltr'>inianus</span> <span class='ocrx_word' id='word_1_821' title='bbox 1918 1595 1971 1630; x_wconf 41' lang='lat' dir='ltr'>deq</span> 
     </span>
     <span class='ocr_line' id='line_1_113' title="bbox 1101 1632 1944 1678; baseline 0.009 -15"><span class='ocrx_word' id='word_1_822' title='bbox 1101 1632 1198 1664; x_wconf 81' lang='lat' dir='ltr'>bitori</span> <span class='ocrx_word' id='word_1_823' title='bbox 1214 1632 1388 1674; x_wconf 82' lang='lat' dir='ltr'>praescribit</span> <span class='ocrx_word' id='word_1_824' title='bbox 1406 1635 1437 1667; x_wconf 87' lang='lat' dir='ltr'>in</span> <span class='ocrx_word' id='word_1_825' title='bbox 1461 1635 1483 1667; x_wconf 80' lang='lat' dir='ltr'>i.</span> <span class='ocrx_word' id='word_1_826' title='bbox 1503 1645 1556 1676; x_wconf 89' lang='lat'>41.</span> <span class='ocrx_word' id='word_1_827' title='bbox 1574 1636 1616 1678; x_wconf 90' lang='lat' dir='ltr'>ff.</span> <span class='ocrx_word' id='word_1_828' title='bbox 1640 1638 1674 1669; x_wconf 83' lang='lat' dir='ltr'>de</span> <span class='ocrx_word' id='word_1_829' title='bbox 1697 1637 1744 1668; x_wconf 81' lang='lat' dir='ltr'>Pa</span> <span class='ocrx_word' id='word_1_830' title='bbox 1775 1662 1783 1669; x_wconf 92' lang='lat'>.</span> <span class='ocrx_word' id='word_1_831' title='bbox 1942 1635 1944 1638; x_wconf 67' lang='grc'>’</span> 
     </span>
     <span class='ocr_line' id='line_1_114' title="bbox 1103 1673 1966 1721; baseline 0.009 -17"><span class='ocrx_word' id='word_1_832' title='bbox 1103 1692 1106 1695; x_wconf 77' lang='lat'>,</span> <span class='ocrx_word' id='word_1_833' title='bbox 1144 1673 1182 1720; x_wconf 78' lang='lat' dir='ltr'>ln</span> <span class='ocrx_word' id='word_1_834' title='bbox 1201 1681 1314 1721; x_wconf 76' lang='lat' dir='ltr'>mutuo</span> <span class='ocrx_word' id='word_1_835' title='bbox 1329 1675 1507 1710; x_wconf 87' lang='lat' dir='ltr'>evidentius</span> <span class='ocrx_word' id='word_1_836' title='bbox 1521 1687 1558 1710; x_wconf 90' lang='lat' dir='ltr'>ea</span> <span class='ocrx_word' id='word_1_837' title='bbox 1579 1688 1628 1710; x_wconf 90' lang='lat' dir='ltr'>res</span> <span class='ocrx_word' id='word_1_838' title='bbox 1648 1678 1798 1712; x_wconf 88' lang='lat' dir='ltr'>cernitur.</span> <span class='ocrx_word' id='word_1_839' title='bbox 1844 1676 1966 1712; x_wconf 76' lang='lat' dir='ltr'>Nume-</span> 
     </span>
     <span class='ocr_line' id='line_1_115' title="bbox 1100 1715 1968 1762; baseline 0.007 -15"><span class='ocrx_word' id='word_1_840' title='bbox 1100 1715 1245 1762; x_wconf 56' lang='lat' dir='ltr'>ravrtibi</span> <span class='ocrx_word' id='word_1_841' title='bbox 1262 1716 1369 1756; x_wconf 83' lang='lat' dir='ltr'>mille,</span> <span class='ocrx_word' id='word_1_842' title='bbox 1392 1726 1428 1748; x_wconf 90' lang='lat' dir='ltr'>ut</span> <span class='ocrx_word' id='word_1_843' title='bbox 1444 1717 1543 1751; x_wconf 87' lang='lat' dir='ltr'>essent</span> <span class='ocrx_word' id='word_1_844' title='bbox 1558 1727 1672 1752; x_wconf 87' lang='lat' dir='ltr'>mutuo</span> <span class='ocrx_word' id='word_1_845' title='bbox 1689 1730 1699 1752; x_wconf 73' lang='grc' dir='ltr'><em>ι</em></span> <span class='ocrx_word' id='word_1_846' title='bbox 1727 1721 1968 1762; x_wconf 81' lang='lat' dir='ltr'>excontinenti,</span> 
     </span>
     <span class='ocr_line' id='line_1_116' title="bbox 1098 1755 1968 1805; baseline 0.008 -17"><span class='ocrx_word' id='word_1_847' title='bbox 1098 1755 1206 1789; x_wconf 80' lang='lat' dir='ltr'>nescio</span> <span class='ocrx_word' id='word_1_848' title='bbox 1231 1766 1297 1804; x_wconf 76' lang='lat' dir='ltr'>quo</span> <span class='ocrx_word' id='word_1_849' title='bbox 1322 1758 1519 1805; x_wconf 75' lang='lat' dir='ltr'>liberalitatis</span> <span class='ocrx_word' id='word_1_850' title='bbox 1545 1762 1640 1803; x_wconf 88' lang='lat' dir='ltr'>genio</span> <span class='ocrx_word' id='word_1_851' title='bbox 1666 1761 1834 1803; x_wconf 81' lang='lat' dir='ltr'>impulsus,</span> <span class='ocrx_word' id='word_1_852' title='bbox 1896 1762 1968 1795; x_wconf 69' lang='lat' dir='ltr'>c‘tus</span> 
     </span>
     <span class='ocr_line' id='line_1_117' title="bbox 1099 1798 1966 1844; baseline 0.006 -14"><span class='ocrx_word' id='word_1_853' title='bbox 1099 1798 1184 1838; x_wconf 90' lang='lat' dir='ltr'>sum,</span> <span class='ocrx_word' id='word_1_854' title='bbox 1215 1798 1254 1830; x_wconf 91' lang='lat' dir='ltr'>de</span> <span class='ocrx_word' id='word_1_855' title='bbox 1278 1799 1387 1831; x_wconf 80' lang='lat' dir='ltr'>iisdem</span> <span class='ocrx_word' id='word_1_856' title='bbox 1413 1800 1470 1832; x_wconf 84' lang='lat' dir='ltr'>tibi</span> <span class='ocrx_word' id='word_1_857' title='bbox 1495 1810 1629 1844; x_wconf 89' lang='lat' dir='ltr'>accepto</span> <span class='ocrx_word' id='word_1_858' title='bbox 1649 1802 1795 1835; x_wconf 86' lang='lat' dir='ltr'>ferendis.</span> <span class='ocrx_word' id='word_1_859' title='bbox 1876 1804 1966 1835; x_wconf 82' lang='lat' dir='ltr'>uaeri-</span> 
     </span>
     <span class='ocr_line' id='line_1_118' title="bbox 1100 1840 1964 1886; baseline 0.006 -15"><span class='ocrx_word' id='word_1_860' title='bbox 1100 1847 1172 1886; x_wconf 81' lang='lat' dir='ltr'>tur,</span> <span class='ocrx_word' id='word_1_861' title='bbox 1201 1840 1345 1886; x_wconf 84' lang='lat' dir='ltr'>valeatne</span> <span class='ocrx_word' id='word_1_862' title='bbox 1372 1842 1457 1882; x_wconf 87' lang='lat' dir='ltr'>quod</span> <span class='ocrx_word' id='word_1_863' title='bbox 1483 1844 1585 1885; x_wconf 86' lang='lat' dir='ltr'>agitur</span> <span class='ocrx_word' id='word_1_864' title='bbox 1606 1844 1623 1876; x_wconf 76' lang='grc' dir='ltr'>ἵ)</span> <span class='ocrx_word' id='word_1_865' title='bbox 1653 1853 1708 1886; x_wconf 91' lang='lat' dir='ltr'>per</span> <span class='ocrx_word' id='word_1_866' title='bbox 1740 1848 1964 1886; x_wconf 81' lang='lat' dir='ltr'>exceptionem</span> 
     </span>
     <span class='ocr_line' id='line_1_119' title="bbox 1100 1881 1967 1927; baseline 0.006 -14"><span class='ocrx_word' id='word_1_867' title='bbox 1100 1881 1233 1922; x_wconf 76' lang='lat' dir='ltr'>quidm?</span> <span class='ocrx_word' id='word_1_868' title='bbox 1257 1891 1321 1913; x_wconf 89' lang='lat' dir='ltr'>non</span> <span class='ocrx_word' id='word_1_869' title='bbox 1351 1890 1455 1915; x_wconf 86' lang='lat' dir='ltr'>tamen</span> <span class='ocrx_word' id='word_1_870' title='bbox 1481 1884 1548 1926; x_wconf 89' lang='lat' dir='ltr'>ipso</span> <span class='ocrx_word' id='word_1_871' title='bbox 1564 1886 1653 1926; x_wconf 86' lang='lat' dir='ltr'>jure,</span> <span class='ocrx_word' id='word_1_872' title='bbox 1676 1894 1746 1917; x_wconf 89' lang='lat' dir='ltr'>cum</span> <span class='ocrx_word' id='word_1_873' title='bbox 1763 1887 1870 1927; x_wconf 84' lang='lat' dir='ltr'>utique</span> <span class='ocrx_word' id='word_1_874' title='bbox 1889 1895 1967 1918; x_wconf 87' lang='lat' dir='ltr'>con-</span> 
     </span>
     <span class='ocr_line' id='line_1_120' title="bbox 1100 1922 1966 1969; baseline 0.002 -13"><span class='ocrx_word' id='word_1_875' title='bbox 1100 1923 1180 1969; x_wconf 76' lang='lat' dir='ltr'>stet,</span> <span class='ocrx_word' id='word_1_876' title='bbox 1214 1922 1280 1969; x_wconf 75' lang='lat' dir='ltr'>hoc⁴</span> <span class='ocrx_word' id='word_1_877' title='bbox 1304 1933 1367 1955; x_wconf 92' lang='lat' dir='ltr'>non</span> <span class='ocrx_word' id='word_1_878' title='bbox 1385 1922 1471 1964; x_wconf 90' lang='lat' dir='ltr'>fieri,</span> <span class='ocrx_word' id='word_1_879' title='bbox 1503 1927 1558 1959; x_wconf 85' lang='lat' dir='ltr'>nisi</span> <span class='ocrx_word' id='word_1_880' title='bbox 1574 1936 1677 1958; x_wconf 89' lang='lat' dir='ltr'>rerum</span> <span class='ocrx_word' id='word_1_881' title='bbox 1696 1927 1739 1969; x_wconf 89' lang='lat' dir='ltr'>Q.</span> <span class='ocrx_word' id='word_1_882' title='bbox 1757 1925 1801 1958; x_wconf 91' lang='lat' dir='ltr'>D.</span> <span class='ocrx_word' id='word_1_883' title='bbox 1818 1926 1856 1959; x_wconf 91' lang='lat' dir='ltr'>A.</span> <span class='ocrx_word' id='word_1_884' title='bbox 1880 1927 1966 1958; x_wconf 78' lang='lat' dir='ltr'>obli-</span> 
     </span>
     <span class='ocr_line' id='line_1_121' title="bbox 1099 1966 1965 2010; baseline 0.003 -14"><span class='ocrx_word' id='word_1_885' title='bbox 1099 1973 1243 2010; x_wconf 81' lang='lat' dir='ltr'>gationes</span> <span class='ocrx_word' id='word_1_886' title='bbox 1271 1974 1304 2010; x_wconf 66' lang='lat' dir='ltr'>in</span> <span class='ocrx_word' id='word_1_887' title='bbox 1330 1966 1563 2007; x_wconf 79' lang='lat' dir='ltr'>stipulationem</span> <span class='ocrx_word' id='word_1_888' title='bbox 1583 1976 1753 2000; x_wconf 87' lang='lat' dir='ltr'>novantem</span> <span class='ocrx_word' id='word_1_889' title='bbox 1781 1967 1965 2007; x_wconf 77' lang='lat' dir='ltr'>transfusae,</span> 
     </span>
     <span class='ocr_line' id='line_1_122' title="bbox 1098 2006 1964 2051; baseline 0.003 -13"><span class='ocrx_word' id='word_1_890' title='bbox 1098 2006 1341 2051; x_wconf 65' lang='lat' dir='ltr'>accept1latione</span> <span class='ocrx_word' id='word_1_891' title='bbox 1359 2008 1570 2047; x_wconf 88' lang='lat' dir='ltr'>perimantur:</span> <span class='ocrx_word' id='word_1_892' title='bbox 1604 2017 1679 2040; x_wconf 92' lang='lat' dir='ltr'>tunc</span> <span class='ocrx_word' id='word_1_893' title='bbox 1704 2009 1827 2041; x_wconf 87' lang='lat' dir='ltr'>demum</span> <span class='ocrx_word' id='word_1_894' title='bbox 1847 2009 1964 2041; x_wconf 86' lang='lat' dir='ltr'>utrius·</span> 
     </span>
    </p>

    <p class='ocr_par' dir='ltr' id='par_1_13' title="bbox 1098 2048 1983 2626">
     <span class='ocr_line' id='line_1_123' title="bbox 1124 2048 1964 2091; baseline 0.002 -12"><span class='ocrx_word' id='word_1_895' title='bbox 1124 2057 1161 2079; x_wconf 92' lang='lat' dir='ltr'>ue</span> <span class='ocrx_word' id='word_1_896' title='bbox 1186 2048 1345 2088; x_wconf 84' lang='lat' dir='ltr'>contingit</span> <span class='ocrx_word' id='word_1_897' title='bbox 1370 2048 1407 2079; x_wconf 89' lang='lat' dir='ltr'>ab</span> <span class='ocrx_word' id='word_1_898' title='bbox 1431 2050 1543 2081; x_wconf 90' lang='lat' dir='ltr'>eodem</span> <span class='ocrx_word' id='word_1_899' title='bbox 1569 2059 1653 2082; x_wconf 91' lang='lat' dir='ltr'>nexu</span> <span class='ocrx_word' id='word_1_900' title='bbox 1688 2050 1780 2091; x_wconf 87' lang='lat' dir='ltr'>plena</span> <span class='ocrx_word' id='word_1_901' title='bbox 1804 2049 1964 2082; x_wconf 78' lang='lat' dir='ltr'>absolutIo</span> 
     </span>
     <span class='ocr_line' id='line_1_124' title="bbox 1100 2058 1962 2133; baseline 0.002 -12"><span class='ocrx_word' id='word_1_902' title='bbox 1100 2058 1129 2130; x_wconf 60' lang='grc' dir='ltr'>ξ.</span> <span class='ocrx_word' id='word_1_903' title='bbox 1145 2099 1171 2120; x_wconf 90' lang='lat'>1.</span> <span class='ocrx_word' id='word_1_904' title='bbox 1197 2087 1233 2122; x_wconf 61' lang='grc' dir='ltr'>ἐπ’)</span> <span class='ocrx_word' id='word_1_905' title='bbox 1256 2098 1286 2120; x_wconf 82' lang='lat'>2.</span> <span class='ocrx_word' id='word_1_906' title='bbox 1310 2086 1384 2129; x_wconf 81' lang='lat' dir='ltr'><em>Inst.</em></span> <span class='ocrx_word' id='word_1_907' title='bbox 1407 2092 1481 2130; x_wconf 54' lang='lat' dir='ltr'>quib.</span> <span class='ocrx_word' id='word_1_908' title='bbox 1507 2092 1580 2122; x_wconf 86' lang='lat' dir='ltr'>mod.</span> <span class='ocrx_word' id='word_1_909' title='bbox 1604 2091 1664 2122; x_wconf 82' lang='lat' dir='ltr'>toli.</span> <span class='ocrx_word' id='word_1_910' title='bbox 1690 2091 1779 2133; x_wconf 84' lang='lat' dir='ltr'>oblig.</span> <span class='ocrx_word' id='word_1_911' title='bbox 1803 2091 1822 2122; x_wconf 90' lang='lat' dir='ltr'>l.</span> <span class='ocrx_word' id='word_1_912' title='bbox 1847 2101 1872 2123; x_wconf 90' lang='lat'>1.</span> <span class='ocrx_word' id='word_1_913' title='bbox 1897 2092 1918 2123; x_wconf 84' lang='lat'>1.</span> <span class='ocrx_word' id='word_1_914' title='bbox 1930 2095 1962 2126; x_wconf 91' lang='lat'>8.</span> 
     </span>
     <span class='ocr_line' id='line_1_125' title="bbox 1099 2127 1963 2173; baseline 0.006 -14"><span class='ocrx_word' id='word_1_915' title='bbox 1099 2133 1127 2170; x_wconf 54' lang='grc' dir='ltr'>ᾗ.</span> <span class='ocrx_word' id='word_1_916' title='bbox 1153 2141 1182 2172; x_wconf 82' lang='lat'>3.</span> <span class='ocrx_word' id='word_1_917' title='bbox 1201 2127 1241 2169; x_wconf 92' lang='lat' dir='ltr'>ff.</span> <span class='ocrx_word' id='word_1_918' title='bbox 1267 2130 1301 2160; x_wconf 83' lang='lat' dir='ltr'>de</span> <span class='ocrx_word' id='word_1_919' title='bbox 1324 2136 1434 2171; x_wconf 75' lang='lat' dir='ltr'>accept.</span> <span class='ocrx_word' id='word_1_920' title='bbox 1467 2131 1565 2173; x_wconf 84' lang='lat' dir='ltr'>Igitur</span> <span class='ocrx_word' id='word_1_921' title='bbox 1584 2132 1627 2163; x_wconf 88' lang='lat' dir='ltr'>ita</span> <span class='ocrx_word' id='word_1_922' title='bbox 1645 2131 1704 2163; x_wconf 89' lang='lat' dir='ltr'>erit</span> <span class='ocrx_word' id='word_1_923' title='bbox 1720 2132 1963 2166; x_wconf 80' lang='lat' dir='ltr'>instituendum:</span> 
     </span>
     <span class='ocr_line' id='line_1_126' title="bbox 1098 2172 1966 2211; baseline 0.001 -7"><span class='ocrx_word' id='word_1_924' title='bbox 1098 2172 1216 2208; x_wconf 81' lang='lat' dir='ltr'>Mille,</span> <span class='ocrx_word' id='word_1_925' title='bbox 1240 2180 1310 2211; x_wconf 87' lang='lat' dir='ltr'>quae</span> <span class='ocrx_word' id='word_1_926' title='bbox 1341 2178 1373 2202; x_wconf 90' lang='lat' dir='ltr'>te</span> <span class='ocrx_word' id='word_1_927' title='bbox 1399 2172 1478 2204; x_wconf 86' lang='lat' dir='ltr'>mihi</span> <span class='ocrx_word' id='word_1_928' title='bbox 1496 2182 1536 2205; x_wconf 93' lang='lat' dir='ltr'>ex</span> <span class='ocrx_word' id='word_1_929' title='bbox 1555 2172 1646 2204; x_wconf 90' lang='lat' dir='ltr'>causa</span> <span class='ocrx_word' id='word_1_930' title='bbox 1661 2174 1761 2204; x_wconf 91' lang='lat' dir='ltr'>mutui</span> <span class='ocrx_word' id='word_1_931' title='bbox 1779 2173 1853 2205; x_wconf 86' lang='lat' dir='ltr'>dare</span> <span class='ocrx_word' id='word_1_932' title='bbox 1871 2183 1891 2205; x_wconf 94' lang='lat' dir='ltr'>o</span> <span class='ocrx_word' id='word_1_933' title='bbox 1914 2181 1966 2205; x_wconf 86' lang='lat' dir='ltr'>or·</span> 
     </span>
     <span class='ocr_line' id='line_1_127' title="bbox 1100 2211 1966 2256; baseline 0.003 -12"><span class='ocrx_word' id='word_1_934' title='bbox 1100 2220 1166 2252; x_wconf 91' lang='lat' dir='ltr'>tet,</span> <span class='ocrx_word' id='word_1_935' title='bbox 1195 2220 1237 2242; x_wconf 86' lang='lat' dir='ltr'>ex</span> <span class='ocrx_word' id='word_1_936' title='bbox 1267 2211 1414 2253; x_wconf 75' lang='lat' dir='ltr'>stipulatu</span> <span class='ocrx_word' id='word_1_937' title='bbox 1438 2214 1583 2246; x_wconf 88' lang='lat' dir='ltr'>daturum</span> <span class='ocrx_word' id='word_1_938' title='bbox 1611 2213 1770 2256; x_wconf 76' lang='lat' dir='ltr'>spondes?</span> <span class='ocrx_word' id='word_1_939' title='bbox 1788 2214 1859 2247; x_wconf 91' lang='lat' dir='ltr'>dein</span> <span class='ocrx_word' id='word_1_940' title='bbox 1901 2213 1966 2247; x_wconf 86' lang='lat' dir='ltr'>ebi-</span> 
     </span>
     <span class='ocr_line' id='line_1_128' title="bbox 1099 2252 1983 2299; baseline 0.002 -13"><span class='ocrx_word' id='word_1_941' title='bbox 1099 2262 1168 2286; x_wconf 89' lang='lat' dir='ltr'>tor:</span> <span class='ocrx_word' id='word_1_942' title='bbox 1201 2252 1298 2299; x_wconf 87' lang='lat' dir='ltr'>Quod</span> <span class='ocrx_word' id='word_1_943' title='bbox 1316 2263 1376 2295; x_wconf 78' lang='lat' dir='ltr'>ego</span> <span class='ocrx_word' id='word_1_944' title='bbox 1391 2254 1447 2286; x_wconf 88' lang='lat' dir='ltr'>tibi</span> <span class='ocrx_word' id='word_1_945' title='bbox 1460 2255 1585 2296; x_wconf 79' lang='lat' dir='ltr'>promisi</span> <span class='ocrx_word' id='word_1_946' title='bbox 1598 2279 1607 2295; x_wconf 92' lang='lat'><em>‚</em></span> <span class='ocrx_word' id='word_1_947' title='bbox 1632 2255 1767 2288; x_wconf 92' lang='lat' dir='ltr'>habesne</span> <span class='ocrx_word' id='word_1_948' title='bbox 1782 2255 1983 2298; x_wconf 49' lang='lat' dir='ltr'>acceptum?</span> 
     </span>
     <span class='ocr_line' id='line_1_129' title="bbox 1099 2294 1968 2341; baseline 0.001 -13"><span class='ocrx_word' id='word_1_949' title='bbox 1099 2296 1171 2328; x_wconf 91' lang='lat' dir='ltr'>sunt</span> <span class='ocrx_word' id='word_1_950' title='bbox 1191 2294 1255 2328; x_wconf 79' lang='lat' dir='ltr'>illae</span> <span class='ocrx_word' id='word_1_951' title='bbox 1284 2296 1448 2341; x_wconf 71' lang='lat' dir='ltr'>cautiones</span> <span class='ocrx_word' id='word_1_952' title='bbox 1472 2297 1501 2328; x_wconf 90' lang='lat' dir='ltr'>in</span> <span class='ocrx_word' id='word_1_953' title='bbox 1527 2297 1594 2337; x_wconf 82' lang='lat' dir='ltr'>jure</span> <span class='ocrx_word' id='word_1_954' title='bbox 1609 2296 1776 2329; x_wconf 90' lang='lat' dir='ltr'>admodum</span> <span class='ocrx_word' id='word_1_955' title='bbox 1792 2297 1935 2340; x_wconf 85' lang='lat' dir='ltr'>vulgares</span> <span class='ocrx_word' id='word_1_956' title='bbox 1951 2317 1968 2336; x_wconf 83' lang='lat'>,</span> 
     </span>
     <span class='ocr_line' id='line_1_130' title="bbox 1123 2336 1964 2372; baseline 0.001 -3"><span class='ocrx_word' id='word_1_957' title='bbox 1123 2338 1175 2369; x_wconf 76' lang='lat' dir='ltr'>u-in</span> <span class='ocrx_word' id='word_1_958' title='bbox 1203 2339 1233 2370; x_wconf 65' lang='grc' dir='ltr'>ὃς</span> <span class='ocrx_word' id='word_1_959' title='bbox 1253 2336 1429 2370; x_wconf 83' lang='lat' dir='ltr'>necessariae</span> <span class='ocrx_word' id='word_1_960' title='bbox 1448 2349 1456 2370; x_wconf 81' lang='lat' dir='ltr'>t</span> <span class='ocrx_word' id='word_1_961' title='bbox 1486 2348 1557 2370; x_wconf 83' lang='lat' dir='ltr'>nam</span> <span class='ocrx_word' id='word_1_962' title='bbox 1581 2338 1639 2369; x_wconf 87' lang='lat' dir='ltr'>hac</span> <span class='ocrx_word' id='word_1_963' title='bbox 1659 2339 1782 2370; x_wconf 84' lang='lat' dir='ltr'>ratione</span> <span class='ocrx_word' id='word_1_964' title='bbox 1801 2347 1914 2370; x_wconf 85' lang='lat' dir='ltr'>mutuo</span> <span class='ocrx_word' id='word_1_965' title='bbox 1929 2339 1964 2372; x_wconf 81' lang='lat' dir='ltr'>in</span> 
     </span>
     <span class='ocr_line' id='line_1_131' title="bbox 1100 2377 1964 2420; baseline 0.002 -10"><span class='ocrx_word' id='word_1_966' title='bbox 1100 2378 1279 2420; x_wconf 75' lang='lat' dir='ltr'>stipulatum</span> <span class='ocrx_word' id='word_1_967' title='bbox 1298 2377 1450 2417; x_wconf 65' lang='lat' dir='ltr'>deduCtQ</span> <span class='ocrx_word' id='word_1_968' title='bbox 1460 2380 1583 2411; x_wconf 85' lang='lat' dir='ltr'>tandem</span> <span class='ocrx_word' id='word_1_969' title='bbox 1602 2377 1672 2420; x_wconf 90' lang='lat' dir='ltr'>post</span> <span class='ocrx_word' id='word_1_970' title='bbox 1685 2377 1781 2412; x_wconf 66' lang='lat' dir='ltr'>factas</span> <span class='ocrx_word' id='word_1_971' title='bbox 1795 2379 1964 2419; x_wconf 85' lang='lat' dir='ltr'>repromis-</span> 
     </span>
     <span class='ocr_line' id='line_1_132' title="bbox 1098 2418 1964 2466; baseline 0 -14"><span class='ocrx_word' id='word_1_972' title='bbox 1098 2420 1218 2459; x_wconf 84' lang='lat' dir='ltr'>fiones,</span> <span class='ocrx_word' id='word_1_973' title='bbox 1242 2418 1309 2461; x_wconf 86' lang='lat' dir='ltr'>ipso</span> <span class='ocrx_word' id='word_1_974' title='bbox 1325 2419 1393 2458; x_wconf 87' lang='lat' dir='ltr'>jure</span> <span class='ocrx_word' id='word_1_975' title='bbox 1411 2420 1536 2453; x_wconf 88' lang='lat' dir='ltr'>securus</span> <span class='ocrx_word' id='word_1_976' title='bbox 1551 2419 1595 2452; x_wconf 85' lang='lat' dir='ltr'>est</span> <span class='ocrx_word' id='word_1_977' title='bbox 1613 2420 1758 2458; x_wconf 86' lang='lat' dir='ltr'>debitor,</span> <span class='ocrx_word' id='word_1_978' title='bbox 1790 2429 1892 2466; x_wconf 84' lang='lat' dir='ltr'>neque</span> <span class='ocrx_word' id='word_1_979' title='bbox 1906 2419 1964 2452; x_wconf 84' lang='lat' dir='ltr'>ali-</span> 
     </span>
     <span class='ocr_line' id='line_1_133' title="bbox 1098 2459 1960 2503; baseline -0.001 -10"><span class='ocrx_word' id='word_1_980' title='bbox 1098 2469 1145 2493; x_wconf 88' lang='lat' dir='ltr'>ter</span> <span class='ocrx_word' id='word_1_981' title='bbox 1165 2463 1194 2494; x_wconf 81' lang='lat' dir='ltr'>d.</span> <span class='ocrx_word' id='word_1_982' title='bbox 1218 2462 1250 2494; x_wconf 85' lang='lat' dir='ltr'>ll.</span> <span class='ocrx_word' id='word_1_983' title='bbox 1297 2459 1457 2503; x_wconf 83' lang='lat' dir='ltr'>Quorsum</span> <span class='ocrx_word' id='word_1_984' title='bbox 1478 2462 1542 2494; x_wconf 86' lang='lat' dir='ltr'>illae</span> <span class='ocrx_word' id='word_1_985' title='bbox 1559 2461 1741 2493; x_wconf 88' lang='lat' dir='ltr'>novationis</span> <span class='ocrx_word' id='word_1_986' title='bbox 1765 2460 1960 2502; x_wconf 58' lang='lat' dir='ltr'>Aquilianae,</span> 
     </span>
     <span class='ocr_line' id='line_1_134' title="bbox 1100 2501 1965 2544; baseline -0.001 -9"><span class='ocrx_word' id='word_1_987' title='bbox 1100 2505 1130 2536; x_wconf 86' lang='lat'>&amp;</span> <span class='ocrx_word' id='word_1_988' title='bbox 1147 2502 1400 2544; x_wconf 73' lang='lat' dir='ltr'>acceptilationis</span> <span class='ocrx_word' id='word_1_989' title='bbox 1420 2503 1589 2535; x_wconf 67' lang='lat' dir='ltr'>subsecutae</span> <span class='ocrx_word' id='word_1_990' title='bbox 1616 2501 1779 2543; x_wconf 83' lang='lat' dir='ltr'>ambages,</span> <span class='ocrx_word' id='word_1_991' title='bbox 1801 2501 1821 2534; x_wconf 82' lang='lat' dir='ltr'>li</span> <span class='ocrx_word' id='word_1_992' title='bbox 1838 2501 1965 2534; x_wconf 86' lang='lat' dir='ltr'>debitor</span> 
     </span>
     <span class='ocr_line' id='line_1_135' title="bbox 1098 2542 1965 2585; baseline -0.002 -8"><span class='ocrx_word' id='word_1_993' title='bbox 1098 2545 1161 2578; x_wconf 81' lang='lat' dir='ltr'>sine</span> <span class='ocrx_word' id='word_1_994' title='bbox 1178 2552 1265 2576; x_wconf 89' lang='lat' dir='ltr'>metu</span> <span class='ocrx_word' id='word_1_995' title='bbox 1281 2544 1480 2585; x_wconf 85' lang='lat' dir='ltr'>exceptionis</span> <span class='ocrx_word' id='word_1_996' title='bbox 1502 2542 1668 2583; x_wconf 87' lang='lat' dir='ltr'>aliquando</span> <span class='ocrx_word' id='word_1_997' title='bbox 1691 2543 1856 2575; x_wconf 65' lang='lat' dir='ltr'>movendae</span> <span class='ocrx_word' id='word_1_998' title='bbox 1875 2550 1965 2576; x_wconf 65' lang='lat' dir='ltr'>tutus</span> 
     </span>
     <span class='ocr_line' id='line_1_136' title="bbox 1098 2583 1918 2626; baseline -0.001 -9"><span class='ocrx_word' id='word_1_999' title='bbox 1098 2585 1153 2625; x_wconf 86' lang='lat' dir='ltr'>sit,</span> <span class='ocrx_word' id='word_1_1000' title='bbox 1178 2586 1239 2617; x_wconf 91' lang='lat' dir='ltr'>hoc</span> <span class='ocrx_word' id='word_1_1001' title='bbox 1256 2585 1321 2623; x_wconf 86' lang='lat' dir='ltr'>est,</span> <span class='ocrx_word' id='word_1_1002' title='bbox 1344 2585 1364 2617; x_wconf 91' lang='lat' dir='ltr'>s1</span> <span class='ocrx_word' id='word_1_1003' title='bbox 1383 2585 1504 2626; x_wconf 65' lang='lat' dir='ltr'>paCtum</span> <span class='ocrx_word' id='word_1_1004' title='bbox 1521 2583 1589 2624; x_wconf 86' lang='lat' dir='ltr'>ipso</span> <span class='ocrx_word' id='word_1_1005' title='bbox 1607 2583 1676 2623; x_wconf 84' lang='lat' dir='ltr'>jure</span> <span class='ocrx_word' id='word_1_1006' title='bbox 1697 2583 1790 2615; x_wconf 82' lang='lat' dir='ltr'>ineffc</span> <span class='ocrx_word' id='word_1_1007' title='bbox 1806 2583 1918 2616; x_wconf 80' lang='lat' dir='ltr'>dicas?</span> 
     </span>
    </p>

    <p class='ocr_par' dir='ltr' id='par_1_14' title="bbox 1091 2625 1964 3201">
     <span class='ocr_line' id='line_1_137' title="bbox 1140 2625 1964 2667; baseline -0.001 -9"><span class='ocrx_word' id='word_1_1008' title='bbox 1140 2628 1261 2665; x_wconf 87' lang='lat' dir='ltr'>Immo,</span> <span class='ocrx_word' id='word_1_1009' title='bbox 1286 2626 1370 2667; x_wconf 88' lang='lat' dir='ltr'>quod</span> <span class='ocrx_word' id='word_1_1010' title='bbox 1393 2626 1490 2667; x_wconf 82' lang='lat' dir='ltr'>magis</span> <span class='ocrx_word' id='word_1_1011' title='bbox 1514 2625 1654 2663; x_wconf 89' lang='lat' dir='ltr'>mireris,</span> <span class='ocrx_word' id='word_1_1012' title='bbox 1676 2625 1762 2666; x_wconf 89' lang='lat' dir='ltr'>prius</span> <span class='ocrx_word' id='word_1_1013' title='bbox 1781 2625 1905 2666; x_wconf 70' lang='lat' dir='ltr'>pastum</span> <span class='ocrx_word' id='word_1_1014' title='bbox 1921 2633 1964 2657; x_wconf 79' lang='lat' dir='ltr'>ne</span> 
     </span>
     <span class='ocr_line' id='line_1_138' title="bbox 1097 2664 1962 2710; baseline -0.001 -11"><span class='ocrx_word' id='word_1_1015' title='bbox 1097 2668 1219 2710; x_wconf 84' lang='lat' dir='ltr'>quidem</span> <span class='ocrx_word' id='word_1_1016' title='bbox 1236 2676 1291 2708; x_wconf 91' lang='lat' dir='ltr'>per</span> <span class='ocrx_word' id='word_1_1017' title='bbox 1305 2666 1459 2708; x_wconf 85' lang='lat' dir='ltr'>posterius</span> <span class='ocrx_word' id='word_1_1018' title='bbox 1475 2666 1618 2705; x_wconf 87' lang='lat' dir='ltr'>tollitur,</span> <span class='ocrx_word' id='word_1_1019' title='bbox 1644 2665 1722 2698; x_wconf 84' lang='lat' dir='ltr'>ficut</span> <span class='ocrx_word' id='word_1_1020' title='bbox 1737 2664 1897 2707; x_wconf 84' lang='lat' dir='ltr'>stipulatio</span> <span class='ocrx_word' id='word_1_1021' title='bbox 1904 2674 1962 2710; x_wconf 83' lang='lat' dir='ltr'>per</span> 
     </span>
     <span class='ocr_line' id='line_1_139' title="bbox 1097 2706 1963 2750; baseline -0.001 -9"><span class='ocrx_word' id='word_1_1022' title='bbox 1097 2709 1331 2750; x_wconf 82' lang='lat' dir='ltr'>stipulationem</span> <span class='ocrx_word' id='word_1_1023' title='bbox 1351 2731 1362 2747; x_wconf 87' lang='lat'>‚</span> <span class='ocrx_word' id='word_1_1024' title='bbox 1393 2715 1427 2739; x_wconf 87' lang='lat' dir='ltr'>ut</span> <span class='ocrx_word' id='word_1_1025' title='bbox 1444 2706 1558 2739; x_wconf 86' lang='lat' dir='ltr'>diserte</span> <span class='ocrx_word' id='word_1_1026' title='bbox 1573 2707 1617 2739; x_wconf 84' lang='lat' dir='ltr'>ait</span> <span class='ocrx_word' id='word_1_1027' title='bbox 1638 2708 1659 2739; x_wconf 82' lang='lat'>1.</span> <span class='ocrx_word' id='word_1_1028' title='bbox 1685 2717 1735 2749; x_wconf 71' lang='lat'>27.</span> <span class='ocrx_word' id='word_1_1029' title='bbox 1759 2707 1788 2749; x_wconf 86' lang='lat'>§.</span> <span class='ocrx_word' id='word_1_1030' title='bbox 1814 2717 1845 2740; x_wconf 88' lang='lat'>2.</span> <span class='ocrx_word' id='word_1_1031' title='bbox 1860 2707 1902 2750; x_wconf 90' lang='lat' dir='ltr'>ff.</span> <span class='ocrx_word' id='word_1_1032' title='bbox 1925 2708 1963 2739; x_wconf 77' lang='lat' dir='ltr'>de</span> 
     </span>
     <span class='ocr_line' id='line_1_140' title="bbox 1097 2748 1961 2795; baseline -0.003 -12"><span class='ocrx_word' id='word_1_1033' title='bbox 1097 2750 1182 2783; x_wconf 66' lang='lat' dir='ltr'>Pati.</span> <span class='ocrx_word' id='word_1_1034' title='bbox 1229 2748 1327 2795; x_wconf 88' lang='lat' dir='ltr'>Quod</span> <span class='ocrx_word' id='word_1_1035' title='bbox 1343 2749 1364 2781; x_wconf 83' lang='lat' dir='ltr'>fi</span> <span class='ocrx_word' id='word_1_1036' title='bbox 1385 2749 1464 2781; x_wconf 87' lang='lat' dir='ltr'>nuda</span> <span class='ocrx_word' id='word_1_1037' title='bbox 1479 2748 1583 2790; x_wconf 64' lang='lat' dir='ltr'>pastio</span> <span class='ocrx_word' id='word_1_1038' title='bbox 1604 2749 1695 2781; x_wconf 87' lang='lat' dir='ltr'>aliam</span> <span class='ocrx_word' id='word_1_1039' title='bbox 1719 2748 1855 2790; x_wconf 74' lang='lat' dir='ltr'>cJusdem</span> <span class='ocrx_word' id='word_1_1040' title='bbox 1872 2757 1961 2780; x_wconf 88' lang='lat' dir='ltr'>natu-</span> 
     </span>
     <span class='ocr_line' id='line_1_141' title="bbox 1098 2789 1961 2832; baseline -0.001 -9"><span class='ocrx_word' id='word_1_1041' title='bbox 1098 2802 1140 2823; x_wconf 85' lang='lat' dir='ltr'>rae</span> <span class='ocrx_word' id='word_1_1042' title='bbox 1155 2797 1287 2831; x_wconf 89' lang='lat' dir='ltr'>nequeat</span> <span class='ocrx_word' id='word_1_1043' title='bbox 1310 2790 1509 2829; x_wconf 85' lang='lat' dir='ltr'>convellere,</span> <span class='ocrx_word' id='word_1_1044' title='bbox 1541 2790 1703 2832; x_wconf 87' lang='lat' dir='ltr'>quomodo</span> <span class='ocrx_word' id='word_1_1045' title='bbox 1723 2790 1820 2832; x_wconf 85' lang='lat' dir='ltr'>igitur</span> <span class='ocrx_word' id='word_1_1046' title='bbox 1835 2789 1961 2831; x_wconf 79' lang='lat' dir='ltr'>stipula-</span> 
     </span>
     <span class='ocr_line' id='line_1_142' title="bbox 1099 2830 1961 2872; baseline -0.002 -8"><span class='ocrx_word' id='word_1_1047' title='bbox 1099 2833 1218 2864; x_wconf 87' lang='lat' dir='ltr'>tionem</span> <span class='ocrx_word' id='word_1_1048' title='bbox 1236 2832 1354 2872; x_wconf 87' lang='lat' dir='ltr'>poterit</span> <span class='ocrx_word' id='word_1_1049' title='bbox 1367 2854 1376 2869; x_wconf 89' lang='lat'>,</span> <span class='ocrx_word' id='word_1_1050' title='bbox 1402 2831 1563 2872; x_wconf 88' lang='lat' dir='ltr'>quomodo</span> <span class='ocrx_word' id='word_1_1051' title='bbox 1579 2839 1723 2862; x_wconf 90' lang='lat' dir='ltr'>mutuum</span> <span class='ocrx_word' id='word_1_1052' title='bbox 1734 2853 1745 2869; x_wconf 93' lang='lat'>,</span> <span class='ocrx_word' id='word_1_1053' title='bbox 1768 2840 1901 2871; x_wconf 89' lang='lat' dir='ltr'>quorum</span> <span class='ocrx_word' id='word_1_1054' title='bbox 1911 2830 1961 2863; x_wconf 85' lang='lat' dir='ltr'>vi·</span> 
     </span>
     <span class='ocr_line' id='line_1_143' title="bbox 1096 2870 1960 2925; baseline 0.001 -21"><span class='ocrx_word' id='word_1_1055' title='bbox 1096 2883 1145 2904; x_wconf 85' lang='lat' dir='ltr'>res</span> <span class='ocrx_word' id='word_1_1056' title='bbox 1161 2873 1283 2914; x_wconf 70' lang='lat' dir='ltr'>pactum</span> <span class='ocrx_word' id='word_1_1057' title='bbox 1309 2881 1504 2903; x_wconf 88' lang='lat' dir='ltr'>conventum</span> <span class='ocrx_word' id='word_1_1058' title='bbox 1528 2872 1622 2913; x_wconf 87' lang='lat' dir='ltr'>longe</span> <span class='ocrx_word' id='word_1_1059' title='bbox 1641 2872 1767 2913; x_wconf 88' lang='lat' dir='ltr'>lateque</span> <span class='ocrx_word' id='word_1_1060' title='bbox 1786 2870 1960 2925; x_wconf 67' lang='lat' dir='ltr'>superant?</span> 
     </span>
     <span class='ocr_line' id='line_1_144' title="bbox 1095 2911 1961 2985; baseline 0 -40"><span class='ocrx_word' id='word_1_1061' title='bbox 1095 2914 1154 2946; x_wconf 87' lang='lat' dir='ltr'>Sed</span> <span class='ocrx_word' id='word_1_1062' title='bbox 1172 2914 1245 2955; x_wconf 90' lang='lat' dir='ltr'>quid</span> <span class='ocrx_word' id='word_1_1063' title='bbox 1260 2913 1280 2944; x_wconf 77' lang='lat' dir='ltr'>si</span> <span class='ocrx_word' id='word_1_1064' title='bbox 1299 2913 1496 2944; x_wconf 88' lang='lat' dir='ltr'>absurditatis</span> <span class='ocrx_word' id='word_1_1065' title='bbox 1522 2912 1660 2954; x_wconf 87' lang='lat' dir='ltr'>postules</span> <span class='ocrx_word' id='word_1_1066' title='bbox 1681 2914 1709 2944; x_wconf 87' lang='lat' dir='ltr'>d.</span> <span class='ocrx_word' id='word_1_1067' title='bbox 1734 2911 1761 2985; x_wconf 50' lang='grc' dir='ltr'>ξ.</span> <span class='ocrx_word' id='word_1_1068' title='bbox 1788 2915 1833 2945; x_wconf 69' lang='lat'>2?</span> <span class='ocrx_word' id='word_1_1069' title='bbox 1857 2922 1913 2945; x_wconf 89' lang='lat' dir='ltr'>cur</span> <span class='ocrx_word' id='word_1_1070' title='bbox 1927 2921 1961 2944; x_wconf 84' lang='lat' dir='ltr'>e-</span> 
     </span>
     <span class='ocr_line' id='line_1_145' title="bbox 1095 2954 1958 2995; baseline 0 -9"><span class='ocrx_word' id='word_1_1071' title='bbox 1095 2957 1192 2986; x_wconf 85' lang='lat' dir='ltr'>tenim</span> <span class='ocrx_word' id='word_1_1072' title='bbox 1211 2954 1374 2995; x_wconf 81' lang='lat' dir='ltr'>negotium</span> <span class='ocrx_word' id='word_1_1073' title='bbox 1401 2954 1538 2994; x_wconf 81' lang='lat' dir='ltr'>ejusdcm</span> <span class='ocrx_word' id='word_1_1074' title='bbox 1568 2954 1640 2992; x_wconf 91' lang='lat' dir='ltr'>vis,</span> <span class='ocrx_word' id='word_1_1075' title='bbox 1662 2954 1700 2985; x_wconf 84' lang='lat' dir='ltr'>ab</span> <span class='ocrx_word' id='word_1_1076' title='bbox 1721 2963 1737 2985; x_wconf 85' lang='lat' dir='ltr'>a</span> <span class='ocrx_word' id='word_1_1077' title='bbox 1753 2954 1784 2985; x_wconf 91' lang='lat' dir='ltr'>io</span> <span class='ocrx_word' id='word_1_1078' title='bbox 1801 2963 1890 2995; x_wconf 85' lang='lat' dir='ltr'>aeque</span> <span class='ocrx_word' id='word_1_1079' title='bbox 1907 2963 1958 2986; x_wconf 84' lang='lat' dir='ltr'>va-</span> 
     </span>
     <span class='ocr_line' id='line_1_146' title="bbox 1093 2993 1958 3035; baseline -0.003 -7"><span class='ocrx_word' id='word_1_1080' title='bbox 1093 2996 1179 3034; x_wconf 87' lang='lat' dir='ltr'>lido,</span> <span class='ocrx_word' id='word_1_1081' title='bbox 1212 2994 1263 3026; x_wconf 84' lang='lat' dir='ltr'>seu</span> <span class='ocrx_word' id='word_1_1082' title='bbox 1288 2995 1394 3035; x_wconf 88' lang='lat' dir='ltr'>potius</span> <span class='ocrx_word' id='word_1_1083' title='bbox 1423 2995 1592 3032; x_wconf 85' lang='lat' dir='ltr'>validiori,</span> <span class='ocrx_word' id='word_1_1084' title='bbox 1623 2995 1694 3035; x_wconf 91' lang='lat' dir='ltr'>quia</span> <span class='ocrx_word' id='word_1_1085' title='bbox 1709 2993 1863 3035; x_wconf 86' lang='lat' dir='ltr'>posterius</span> <span class='ocrx_word' id='word_1_1086' title='bbox 1884 2993 1958 3034; x_wconf 80' lang='lat' dir='ltr'>est,</span> 
     </span>
     <span class='ocr_line' id='line_1_147' title="bbox 1093 3035 1958 3077; baseline 0 -10"><span class='ocrx_word' id='word_1_1087' title='bbox 1093 3037 1178 3068; x_wconf 88' lang='lat' dir='ltr'>vinci</span> <span class='ocrx_word' id='word_1_1088' title='bbox 1205 3045 1268 3067; x_wconf 90' lang='lat' dir='ltr'>non</span> <span class='ocrx_word' id='word_1_1089' title='bbox 1295 3036 1439 3076; x_wconf 78' lang='lat' dir='ltr'>poterit?</span> <span class='ocrx_word' id='word_1_1090' title='bbox 1461 3045 1523 3068; x_wconf 91' lang='lat' dir='ltr'>non</span> <span class='ocrx_word' id='word_1_1091' title='bbox 1546 3035 1669 3067; x_wconf 87' lang='lat' dir='ltr'>dubitat</span> <span class='ocrx_word' id='word_1_1092' title='bbox 1686 3035 1754 3067; x_wconf 85' lang='lat' dir='ltr'>sane</span> <span class='ocrx_word' id='word_1_1093' title='bbox 1773 3035 1958 3077; x_wconf 68' lang='lat' dir='ltr'>Papinianus</span> 
     </span>
     <span class='ocr_line' id='line_1_148' title="bbox 1093 3076 1958 3119; baseline 0 -10"><span class='ocrx_word' id='word_1_1094' title='bbox 1093 3078 1124 3110; x_wconf 91' lang='lat' dir='ltr'>in</span> <span class='ocrx_word' id='word_1_1095' title='bbox 1150 3077 1169 3108; x_wconf 86' lang='lat' dir='ltr'>l.</span> <span class='ocrx_word' id='word_1_1096' title='bbox 1195 3086 1246 3116; x_wconf 85' lang='lat'>95.</span> <span class='ocrx_word' id='word_1_1097' title='bbox 1278 3076 1306 3118; x_wconf 85' lang='lat'>§.</span> <span class='ocrx_word' id='word_1_1098' title='bbox 1337 3087 1368 3117; x_wconf 90' lang='lat'>4.</span> <span class='ocrx_word' id='word_1_1099' title='bbox 1394 3076 1435 3119; x_wconf 92' lang='lat' dir='ltr'>ff.</span> <span class='ocrx_word' id='word_1_1100' title='bbox 1460 3078 1493 3108; x_wconf 79' lang='lat' dir='ltr'>de</span> <span class='ocrx_word' id='word_1_1101' title='bbox 1508 3077 1647 3119; x_wconf 66' lang='lat' dir='ltr'>salution.</span> <span class='ocrx_word' id='word_1_1102' title='bbox 1672 3077 1702 3108; x_wconf 86' lang='lat'>&amp;</span> <span class='ocrx_word' id='word_1_1103' title='bbox 1718 3077 1749 3108; x_wconf 91' lang='lat' dir='ltr'>ni</span> <span class='ocrx_word' id='word_1_1104' title='bbox 1769 3076 1830 3108; x_wconf 88' lang='lat' dir='ltr'>hoc</span> <span class='ocrx_word' id='word_1_1105' title='bbox 1846 3084 1958 3109; x_wconf 83' lang='lat' dir='ltr'>verum</span> 
     </span>
     <span class='ocr_line' id='line_1_149' title="bbox 1091 3116 1957 3160; baseline -0.002 -10"><span class='ocrx_word' id='word_1_1106' title='bbox 1091 3119 1147 3157; x_wconf 76' lang='lat' dir='ltr'>iit,</span> <span class='ocrx_word' id='word_1_1107' title='bbox 1174 3118 1317 3150; x_wconf 81' lang='lat' dir='ltr'>laborant</span> <span class='ocrx_word' id='word_1_1108' title='bbox 1329 3119 1421 3150; x_wconf 80' lang='lat' dir='ltr'>valde</span> <span class='ocrx_word' id='word_1_1109' title='bbox 1437 3119 1589 3160; x_wconf 82' lang='lat' dir='ltr'>principia</span> <span class='ocrx_word' id='word_1_1110' title='bbox 1604 3117 1698 3157; x_wconf 85' lang='lat' dir='ltr'>juris,</span> <span class='ocrx_word' id='word_1_1111' title='bbox 1722 3126 1790 3158; x_wconf 81' lang='lat' dir='ltr'>qua:</span> <span class='ocrx_word' id='word_1_1112' title='bbox 1807 3116 1957 3158; x_wconf 88' lang='lat' dir='ltr'>produxi-</span> 
     </span>
     <span class='ocr_line' id='line_1_150' title="bbox 1091 3157 1954 3201; baseline 0.001 -11"><span class='ocrx_word' id='word_1_1113' title='bbox 1091 3169 1160 3191; x_wconf 86' lang='lat' dir='ltr'>mus</span> <span class='ocrx_word' id='word_1_1114' title='bbox 1185 3169 1226 3191; x_wconf 91' lang='lat' dir='ltr'>cx</span> <span class='ocrx_word' id='word_1_1115' title='bbox 1257 3160 1278 3191; x_wconf 80' lang='lat' dir='ltr'>i.</span> <span class='ocrx_word' id='word_1_1116' title='bbox 1302 3170 1354 3201; x_wconf 81' lang='lat'>35.</span> <span class='ocrx_word' id='word_1_1117' title='bbox 1379 3159 1419 3200; x_wconf 91' lang='lat' dir='ltr'>ff.</span> <span class='ocrx_word' id='word_1_1118' title='bbox 1453 3161 1487 3190; x_wconf 82' lang='lat' dir='ltr'>de</span> <span class='ocrx_word' id='word_1_1119' title='bbox 1511 3159 1553 3190; x_wconf 89' lang='lat' dir='ltr'>R.</span> <span class='ocrx_word' id='word_1_1120' title='bbox 1577 3158 1615 3200; x_wconf 79' lang='lat' dir='ltr'>J.</span> <span class='ocrx_word' id='word_1_1121' title='bbox 1638 3159 1667 3190; x_wconf 67' lang='lat' dir='ltr'>dt</span> <span class='ocrx_word' id='word_1_1122' title='bbox 1685 3158 1819 3190; x_wconf 87' lang='lat' dir='ltr'>aliunde.</span> <span class='ocrx_word' id='word_1_1123' title='bbox 1865 3157 1954 3199; x_wconf 84' lang='lat' dir='ltr'>Quin</span> 
     </span>
    </p>
   </div>
   <div class='ocr_carea' id='block_1_8' title="bbox 1089 3197 1955 3272">
    <p class='ocr_par' dir='ltr' id='par_1_15' title="bbox 1089 3197 1955 3272">
     <span class='ocr_line' id='line_1_151' title="bbox 1089 3197 1955 3272; baseline -0.007 -37"><span class='ocrx_word' id='word_1_1124' title='bbox 1089 3202 1119 3235; x_wconf 69' lang='grc' dir='ltr'>ὁ(</span> <span class='ocrx_word' id='word_1_1125' title='bbox 1135 3199 1316 3244; x_wconf 82' lang='lat' dir='ltr'>scrupulum</span> <span class='ocrx_word' id='word_1_1126' title='bbox 1330 3201 1428 3234; x_wconf 70' lang='lat' dir='ltr'>faciat</span> <span class='ocrx_word' id='word_1_1127' title='bbox 1451 3201 1479 3233; x_wconf 80' lang='lat' dir='ltr'>d.</span> <span class='ocrx_word' id='word_1_1128' title='bbox 1505 3201 1536 3242; x_wconf 58' lang='grc' dir='ltr'>ς.</span> <span class='ocrx_word' id='word_1_1129' title='bbox 1560 3209 1589 3232; x_wconf 82' lang='lat'>2.</span> <span class='ocrx_word' id='word_1_1130' title='bbox 1614 3209 1653 3231; x_wconf 89' lang='lat' dir='ltr'>an</span> <span class='ocrx_word' id='word_1_1131' title='bbox 1673 3200 1726 3231; x_wconf 87' lang='lat' dir='ltr'>vel</span> <span class='ocrx_word' id='word_1_1132' title='bbox 1742 3197 1955 3272; x_wconf 50' lang='lat' dir='ltr'>contrassibfius</span> 
     </span>
    </p>
   </div>
  </div>
 </body>
</html>
