2008 3436
380 120 465 157 eo
494 104 785 154 R'NTELII
858 125 969 152 vin

139 129 187 175 50

744 227 1097 265 CAPUT

1041 106 1638 150 BYNKERSHOEK

1195 225 1307 262 V11.

451 319 503 355 De
532 315 784 365 Chrysanthian'o
810 317 984 351 certamine
1009 314 1051 349 ad
1073 314 1093 349 l.
1122 322 1201 358 pen.
1226 310 1266 347 ff.
1292 310 1335 346 de
1361 307 1454 345 Arm.
1481 307 1588 355 legat.

225 417 365 451 uaefitum
387 416 432 449 est
456 416 496 448 de
523 413 778 457 Chrysanthiano
808 412 978 444 certamine
994 434 1005 450 ,

222 488 230 493 ,
248 460 336 500 cujus
350 458 494 491 meminit
515 459 533 488 ὶ,
553 464 619 497 pen.
633 456 674 496 ff.
696 458 729 486 cle
750 455 834 486 Ann.
853 454 944 494 legat.
976 453 1006 484 ὃς

250 501 291 533 fic
307 501 415 533 habet:
439 500 511 530 Cum
530 505 597 529 erat
612 504 696 528 certa
712 498 859 537 pecnnia,
883 497 913 526 id
936 493 977 535 est
995 517 1005 533 ,

139 550 274 578 centum,
303 542 481 582 Reipublicae
506 540 722 571 Sardianorum
747 537 853 569 retina
864 543 919 577 per
933 545 1006 577 qua-

139 587 310 620 ‹irie-unium
328 584 502 615 certaminis
521 581 776 621 Cvrysunthiani‚
799 579 904 610 D2vus
919 579 1006 609 Seve-

139 640 194 662 rus
211 627 245 662 ὅ)
259 627 436 657 Antoninus
449 623 687 663 rescripserunt,
716 622 815 652 videri
832 626 1007 661 perpetuam

138 669 362 713 pensitationem
391 663 538 705 reliquzffe
566 663 736 704 testatorem
763 669 817 702 per
844 663 993 701 quadrien

140 715 240 744 nium,
264 719 320 740 non
336 710 369 738 in
386 708 514 746 primum
529 706 761 747 quadriennium
796 703 944 742 Cujacius
968 702 1004 732 L.

139 751 266 787 XXIII.
292 750 420 782 observ.
449 748 479 779 C.
498 758 527 788 7.
551 747 632 788 quasi
655 756 672 778 a
699 743 912 787 Clirysanthio
935 742 1007 789 I³hi-

138 792 274 833 Iosopho
291 791 321 822 id
337 798 495 821 certamen
512 789 691 821 institutum
703 787 863 818 dietumve
878 785 1010 825 accipit,

140 835 214 866 satis
228 840 407 874 perperam;
431 830 481 862 sed
499 831 527 861 ei
550 838 625 861 tunc
642 838 705 860 non
725 826 895 865 succurrit,
944 826 1007 857 uod

140 874 318 914 Rumpitis,
343 881 435 914 quem
450 871 595 910 adducit,
627 870 664 901 de
692 867 905 910 Chrysanthio
948 867 1006 898 cri-

141 915 247 958 pserit.
275 913 443 946 Pancirolo
458 921 574 952 autem,
592 911 784 952 quiVariar.
803 908 888 940 netz.
919 907 1006 940 L.II.

141 958 173 989 C.
191 962 237 997 83.
261 956 343 987 idem
360 955 460 993 dixit,
487 953 643 994 exscripta
659 961 786 992 quoque
805 948 1008 991 Chrysanthii

139 993 225 1037 vita,
258 994 377 1038 ignosci
399 1005 463 1027 non
484 994 597 1036 potest.
645 993 776 1026 Constat
800 992 882 1022 enim
906 990 1008 1036 Chry-

139 1038 296 1072 santhium
318 1036 455 1068 floruisse
489 1045 630 1078 tempore
652 1034 765 1075 juliani
784 1033 984 1073 imperatoris
998 1055 1008 1070 ,

141 1081 173 1112 &
195 1078 306 1111 obiisse
327 1078 581 1119 othiagenarium
599 1101 608 1116 ,
642 1078 790 1108 &tamen
806 1075 836 1105 in
861 1076 886 1104 h.
913 1073 930 1102 l.
956 1081 1007 1111 24.

140 1121 179 1152 de
196 1121 367 1152 certamine
391 1118 644 1155 Chi-uianthiano
668 1116 843 1148 rescribunt
856 1114 898 1145 D.
914 1113 1007 1145 Seve-

139 1172 193 1194 rus
218 1164 247 1193 ὄζ
270 1155 469 1198 Antoninus-3⁶
498 1170 537 1191 eo
568 1160 664 1201 igitur
687 1158 748 1197 jam
773 1164 931 1197 tempore,
957 1154 1009 1185 vel

141 1211 230 1234 certe
253 1211 325 1233 ante
349 1202 378 1232 id
404 1210 544 1241 tenipus,
571 1207 699 1241 oportet
716 1198 835 1229 vixerit
853 1194 1008 1237 Chrysan-

141 1245 244 1282 thius,
271 1243 361 1283 liujus
385 1242 564 1274 certaminis
587 1242 711 1278 auctor,
745 1238 829 1280 quod
854 1235 1009 1278 Chrysan-

141 1286 212 1317 thio
236 1284 389 1324 Eunapii,
414 1291 527 1324 utpote
551 1280 771 1322 ottuagenario
787 1287 909 1311 tantum
917 1302 927 1317 ,
945 1287 1011 1308 non

142 1326 317 1364 convenit,
342 1326 417 1366 quin
441 1325 493 1355 vel
517 1325 595 1355 nulli
621 1333 661 1354 ex
685 1321 816 1354 Luciani
840 1320 892 1351 vel
916 1318 1010 1350 Tral-

140 1367 216 1400 liani
241 1367 394 1398 ψυιωὲίοις.
419 1366 469 1398 De
493 1366 552 1396 alia
575 1365 697 1406 origine
711 1361 891 1395 certaminis
907 1359 1009 1402 Chry-

140 1408 293 1441 santhiani
312 1409 411 1439 multa
422 1408 496 1439 licet
507 1406 640 1448 fingere,
666 1404 801 1437 &video
818 1411 944 1444 quoque
953 1401 1009 1432 fin-

142 1451 192 1491 gi,
230 1449 279 1481 scd
302 1451 361 1490 ‚qui
395 1449 559 1480 minimum
581 1447 716 1487 dixerit,
742 1445 907 1477 minimum
931 1451 1009 1489 erra-

142 1492 247 1530 verit,
272 1491 349 1522 adeo
373 1501 421 1522 res
443 1490 487 1521 est
512 1489 640 1521 incerta.
677 1487 753 1519 Hoc
776 1493 856 1527 puto
880 1491 1010 1530 certius,

142 1542 215 1564 cum
239 1537 298 1562 noc
323 1531 575 1569 Chrvsanthiano
598 1530 770 1562 certamine
792 1528 874 1560 idem
898 1524 1010 1564 fuisse,

166 1573 227 1604 uod
260 1569 515 1613 Odrysan'mz'num
544 1573 629 1603 audit
663 1572 693 1603 in
724 1569 910 1601 numismate
932 1577 1009 1609 quo-

165 1625 212 1646 am
237 1614 408 1646 Caracallae
427 1639 437 1654 ,
468 1615 608 1655 itemque
640 1613 702 1644 alio
726 1610 957 1651 Tranquillinae
981 1618 1009 1640 a-

141 1656 208 1697 pud
231 1656 383 1696 Sponium
408 1656 573 1687 Itinerario
604 1655 690 1687 Graec
721 1660 750 1695 pi
769 1663 807 1683 m.
824 1662 900 1691 445.
924 1659 1012 1696 aeque

142 1698 227 1728 enim
256 1697 287 1728 id
318 1696 585 1739 Chrysanthinum
615 1695 769 1728 Sardianis
799 1693 949 1724 tribuitur
980 1701 1012 1723 m

141 1738 345 1777 iisnummis,
371 1748 406 1770 ac
422 1737 707 1781 Chrysanthianum
721 1737 752 1768 in
778 1736 806 1766 h.
831 1734 850 1765 l.
871 1745 909 1773 ²4
942 1733 1007 1764 Un-

142 1779 182 1811 de
204 1778 290 1812 forte
314 1779 382 1820 quis
405 1780 597 1819 contendat,
628 1779 681 1811 vel
704 1778 756 1809 hic
779 1774 1012 1809 rescribendum

743 1876 1015 1919 CAPU

1051 408 1112 441 esse
1136 408 1419 449 Chrysanthinum‚
1448 406 1501 437 vel
1541 404 1584 438 ibi
1617 405 1918 453 Chry[antbianum3
1967 407 1969 409 ’
2003 392 2004 396 ¹

1047 451 1098 484 sed
1122 450 1217 482 facile
1239 450 1343 491 patior
1367 456 1532 490 utramque
1556 448 1828 489 terminationem,
1858 459 1917 483 nec

1050 493 1218 533 quicquam
1241 498 1340 523 muto.
1935 495 1941 499 ·

1093 534 1169 572 Ait,
1194 540 1277 564 certa
1296 532 1444 572 pecunia,
1465 532 1497 562 id
1518 529 1581 572 eft,
1606 537 1735 563 centum.
1777 528 1918 566 Ha-loati-

1050 576 1104 607 der
1129 590 1153 602 m
1178 577 1208 606 id
1230 573 1290 614 est.
1312 582 1442 609 centum,
1464 573 1638 614 expunxit,
1664 580 1766 612 ratus,
1792 574 1907 615 opinor

1051 617 1112 648 esse
1135 626 1175 647 ex
1198 614 1296 657 glossa
1319 614 1512 656 Interpretis,
1559 615 1638 647 Sane
1655 614 1841 646 alterutrum
1857 614 1875 647 s
1906 632 1920 640 ·

1051 658 1193 696 siciebat,
1226 655 1317 688 servo
1345 665 1448 688 tamen
1471 664 1641 697 utrumque
1655 679 1665 694 ‚
1697 655 1769 696 quia
1786 665 1920 697 omnes,

1050 708 1164 740 praeter
1180 697 1396 729 Haloandrum
1408 721 1417 736 ,
1442 697 1531 729 Libri
1547 695 1690 735 servant,
1723 694 1775 728 sed
1792 695 1921 738 nescio,

1051 750 1089 771 an
1104 739 1286 771 Marcianus
1312 738 1472 779 scripserit
1496 748 1535 769 eo
1560 738 1686 778 ordine,
1712 737 1813 769 videri
1836 739 1923 771 enim

1051 787 1176 822 poterat
1190 777 1363 820 perversus.
1410 779 1457 811 Ita
1472 780 1602 811 melius:
1629 787 1771 818 centum,
1800 781 1830 811 id
1848 780 1922 821 eft,

1051 829 1134 854 certa
1145 822 1273 862 pecunia
1328 813 1404 852 Non
1424 819 1552 851 absurde
1567 821 1702 861 dicitur,
1724 824 1839 860 decem,
1853 820 1922 861 five

1051 865 1114 895 alia
1140 864 1277 904 quaelibet
1301 869 1385 893 certa
1398 863 1576 902 quantitas.
1600 870 1712 894 contra
1733 873 1831 902 vero,
1855 873 1921 895 non

1052 914 1150 946 reque.
1196 904 1240 936 Et
1258 912 1359 935 tamen
1376 913 1440 935 non
1457 902 1646 934 intercedam
1657 927 1667 943 ,
1692 903 1714 935 fi
1732 905 1782 935 cui
1799 912 1921 936 tantum

1052 945 1216 988 religionis
1234 945 1289 983 fit,
1316 953 1350 976 ut
1367 952 1525 985 receptam
1548 943 1717 977 lechonem
1732 945 1812 976 tueri
1826 945 1921 986 perti-

1052 990 1172 1023 naciter
1187 985 1298 1018 sedeat.

1096 1029 1170 1068 Ait,
1192 1035 1245 1068 per
1261 1029 1506 1068 quadriennium.
1539 1026 1615 1059 Hoc
1631 1027 1732 1069 accipi
1750 1026 1860 1069 nequit
1876 1026 1923 1059 tii·

1052 1070 1074 1102 fi
1093 1070 1132 1101 de
1146 1077 1300 1111 perpetuo
1314 1079 1368 1110 per
1387 1069 1504 1110 singula
1548 1069 1742 1108 uadriennia,
1768 1070 1884 1109 utique*
1900 1067 1924 1101 fi

1053 1121 1165 1142 verum
1179 1110 1240 1149 est,
1266 1118 1423 1142 certamen
1442 1111 1529 1152 Chry
1545 1110 1725 1142 anthianum
1741 1108 1834 1141 fuiss'e
1849 1115 1923 1151 qua*-

1052 1152 1233 1191 dffiennale,
1266 1152 1357 1192 quale
1379 1151 1441 1191 est,
1476 1153 1561 1193 quod
1579 1151 1754 1184 instituitur
1767 1152 1800 1191 in
1823 1153 1843 1183 t.
1872 1155 1922 1185 10¹.

1046 1194 1085 1235 ff*
1111 1196 1145 1224 cle
1167 1194 1301 1226 Pollicie.
1338 1193 1367 1224 δε
1386 1193 1424 1224 de
1439 1192 1692 1235 Chrysanthiano
1709 1192 1827 1225 indicat
1849 1193 1878 1224 h.
1900 1193 1923 1226 l.

1054 1235 1130 1276 quin
1145 1236 1175 1266 δε
1191 1235 1320 1276 vulgare
1336 1242 1459 1275 tempus
1482 1235 1740 1266 celebrandorum
1753 1234 1785 1265 in
1803 1233 1925 1266 Civita-

1055 1277 1139 1310 tibus
1153 1276 1361 1307 certaminum
1379 1275 1547 1307 triennium
1555 1275 1619 1319 suit
1635 1275 1923 1317 quadrienniumve.

1054 1316 1089 1349 Id
1106 1325 1230 1358 teinpus
1244 1317 1266 1349 fi
1281 1316 1334 1348 hic
1351 1315 1490 1356 solemne
1505 1326 1569 1348 non
1585 1315 1677 1358 esset,
1703 1315 1798 1348 semel
1813 1316 1923 1349 dunta-

1054 1367 1110 1391 xat
1129 1366 1258 1390 centum
1277 1358 1464 1390 videbantur
1480 1358 1603 1398 deberi,
1619 1357 1768 1391 solvenda
1785 1358 1924 1390 intraan-

1053 1409 1113 1433 nos
1135 1407 1271 1441 quatuor
1285 1425 1295 1440 ,
1327 1409 1391 1432 non
1418 1408 1452 1431 ut
1475 1399 1556 1431 idem
1577 1399 1703 1442 singulis
1717 1399 1926 1441 quadrienniis

1054 1449 1268 1483 repeteretur,
1302 1449 1356 1483 per
1373 1441 1609 1482 quadriennium
1633 1441 1716 1474 enim
1737 1441 1811 1483 quid
1827 1439 1872 1472 est
1894 1450 1925 1472 a·

1056 1483 1144 1522 liud„
1163 1492 1255 1524 quam
1269 1493 1324 1524 per
1341 1492 1438 1515 annos
1455 1482 1688 1525 quatuor-261,
1712 1481 1767 1516 nisi
1783 1482 1926 1515 aliacots-

1056 1532 1201 1563 currant,
1225 1524 1310 1556 durae
1331 1529 1457 1565 quoque
1474 1524 1573 1555 videri
1590 1519 1714 1566 possent
1729 1526 1751 1556 l.
1763 1521 1813 1556 20³.
1827 1524 1927 1565 §.ultss

1057 1566 1086 1598 &
1108 1567 1117 1597 l
1146 1576 1195 1607 23.
1216 1566 1256 1608 ff.
1279 1568 1305 1597 h,
1334 1566 1366 1598 Τ.
1392 1566 1556 1598 concurrit
1569 1575 1673 1598 autem
1683 1576 1753 1598 mos
1767 1565 1928 1599 celebrari-

1055 1607 1085 1638 di
1108 1608 1170 1639 diei
1193 1608 1305 1639 natalis
1331 1608 1363 1640 in
1383 1610 1408 1640 d.
1433 1609 1453 1639 l.
1473 1619 1520 1650 23.
1560 1609 1587 1641 ὅ(
1611 1609 1818 1640 nundinarum
1843 1608 1874 1640 in
1895 1609 1928 1641 d.

1056 1650 1074 1679 ι.
1096 1659 1153 1694 203
1173 1649 1201 1690 §.
1223 1649 1277 1680 ult¹
1326 1649 1434 1691 thue
1457 1650 1603 1682 nundinae
1625 1650 1668 1681 ibi
1690 1650 1763 1683 sunt
1783 1649 1821 1681 ab
1837 1649 1928 1681 Attia

1055 1690 1237 1722 constitutae
1249 1715 1258 1730 ,
1271 1690 1313 1722 fic
1321 1689 1408 1722 forte
1418 1700 1545 1732 cautum
1554 1691 1672 1733 aliquid
1683 1692 1714 1724 in
1735 1697 1753 1723 α
1785 1693 1802 1723 l.
1820 1702 1868 1734 23·
1890 1691 1931 1723 de

1054 1732 1106 1763 die
1119 1732 1215 1764 natali
1231 1730 1388 1764 testatoris
1407 1733 1574 1773 quotannis
1597 1733 1752 1772 colendo,
1777 1733 1888 1775 utique
1902 1732 1925 1766 fi

1055 1783 1120 1806 non
1136 1773 1256 1815 palam,
1282 1773 1379 1805 tacite
1396 1782 1498 1807 tamen
1515 1782 1643 1806 cautum
1658 1773 1869 1815 praesumitur.

1633 1840 1645 1855 l

1059 1882 1101 1918 'T
1203 1882 1328 1919 VIII.

324 1981 577 2027 Interpretatw,
606 1977 647 2020 ἑξ
673 1956 763 2022 alia,
789 1991 882 2025 qnam
908 1962 1022 2025 vulg'o,
1047 1978 1260 2024 interpunbiio
1284 1976 1304 2011 l.
1327 1979 1384 2020 56.
1411 1975 1440 2025 ᾗ.
1464 1989 1493 2013 1.
1534 1975 1573 2013 ff.
1600 1976 1644 2013 de
1669 1978 1765 2014 Furt.

210 2083 349 2126 estquam
372 2085 426 2126 Jus
450 2084 556 2117 Civile
573 2084 751 2126 interpungi
774 2082 893 2124 coepit,
918 2083 1013 2115 inter—

152 2155 156 2159 .
231 2127 461 2167 punttionibus'
486 2124 566 2167 saepe
597 2133 763 2168 peccatum
785 2122 845 2163 cst,
879 2123 908 2156 δε
932 2123 1015 2155 densi

147 2169 222 2201 hinc
247 2171 377 2199 errores.
424 2168 583 2200 Antonius
607 2166 796 2208 Augustinus
817 2166 878 2196 hoc
894 2165 1014 2206 aliquo-

147 2210 230 2242 tiens
245 2207 445 2248 observavit,
470 2208 656 2249 &probavit
673 2208 735 2240 fine
751 2206 860 2238 fraude
874 2206 951 2245 esse,
970 2206 1015 2237 in-

148 2251 187 2283 fle
204 2249 390 2282 medicinam
439 2259 562 2281 uaerere.
610 2249 713 2280 Etiam
734 2248 818 2287 haee,
842 2247 864 2279 si
883 2247 956 2288 quid
970 2247 1015 2287 ju-

149 2292 224 2324 dico
239 2315 249 2330 ,
282 2260 454 2323 adhibenda
471 2291 532 2322 erit
545 2290 669 2330 juliano
686 2290 715 2321 in
737 2291 757 2320 l.
770 2293 821 2329 56.
846 2289 873 2330 §A
891 2298 902 2320 1
923 2289 963 2330 ff.
983 2290 1017 2320 de

147 2332 239 2366 Furt-
282 2331 333 2364 Sic
356 2332 440 2364 enirn
462 2335 545 2364 n'unc
570 2331 727 2372 quuitur:
759 2331 823 2376 Qui
843 2331 951 2370 furem
970 2332 1017 2361 de·

149 2376 233 2407 ducit
256 2376 292 2404 cul
314 2373 495 2413 Proefefiiuin
515 2374 689 2414 Vi'gi'zthus,
713 2374 762 2405 vel
786 2374 823 2403 ud
839 2371 1016 2411 Prerfitiem,

150 2415 369 2457 exzflz'mszmlus
386 2414 427 2455 est
448 2415 562 2456 elegiffe
585 2417 684 2454 viani,
706 2425 765 2456 qua
786 2416 847 2445 reni
865 2415 1016 2455 perseque-

150 2456 256 2491 retur:
281 2455 354 2495 &fi
374 2458 522 2498 negotium
544 2458 585 2488 ibi
610 2458 822 2491 terminatam,
845 2455 880 2489 fg?
895 2459 1012 2486 damna-

151 2499 266 2539 'zofure
282 2505 399 2538 receptu
417 2498 456 2538 est
473 2498 752 2539 pecnniasubluta,
775 2496 952 2537 infimplnnz
969 2498 1015 2527 vi-

152 2544 241 2583 detur
254 2541 342 2579 furti
363 2539 479 2581 qncestio
496 2537 643 2581 sn'b'laza3
667 2542 793 2572 nimime
813 2538 842 2578 fi
857 2539 1017 2578 nonsolnnz

152 2593 215 2615 rein
231 2583 393 2623 furtivum
418 2582 477 2621 sur
503 2582 662 2622 restituere
689 2582 787 2624 juffns
806 2582 908 2620 fuerit
926 2604 935 2620 ,
962 2582 1018 2620 sed

152 2624 285 2664 'amplius
313 2624 428 2665 aliquid
452 2626 483 2655 z'n
508 2626 573 2655 enm
591 2625 689 2666 judex
717 2623 915 2665 constituerit.
963 2623 1019 2653 Sed

153 2665 207 2704 etfi
222 2665 298 2696 nihil
317 2666 463 2705 aniplins,
485 2667 740 2708 qncznzfurtz'mm
763 2675 843 2702 rem,
862 2663 1019 2704 restituere

150 2707 249 2750 juffns
267 2707 371 2748 fuerit
387 2730 396 2745 ‚
423 2717 475 2738 nec
497 2708 625 2747 amplius
651 2706 819 2748 aliquidin
841 2716 905 2738 eum
922 2706 1020 2747 judex

155 2749 346 2789 constituerit
358 2774 366 2785 ,
388 2751 448 2787 ipso
468 2752 541 2790 quod
567 2752 598 2779 i⁷z
613 2749 780 2788 periculum
796 2748 917 2789 majoris
931 2754 1020 2787 poenae

156 2789 301 2830 ἀειίῑιὲἶιιςΙ
326 2788 366 2830 est
385 2791 441 2830 sur
462 2813 471 2827 ,
500 2791 728 2831 intelligendum
753 2789 809 2828 elii
834 2787 1020 2831 quaestionem

151 2832 400 2873 furcisubhmm
416 2830 468 2872 effe
522 2833 580 2865 Sed
606 2839 742 2863 meretur
767 2832 855 2862 locus
870 2854 879 2871 ,
904 2830 955 2871 qui
976 2839 1022 2861 to-

159 2882 208 2905 tus
223 2874 408 2914 explicetur.
456 2873 529 2905 Fuit
545 2874 621 2906 olim
646 2872 727 2904 aetio
743 2871 819 2903 furti
838 2871 942 2902 civilis
959 2880 1023 2902 tan-

161 2920 245 2953 tuin,
277 2924 334 2946 nec
362 2913 513 2946 manifesti
540 2913 658 2946 scilicet
680 2914 709 2945 in
737 2913 865 2953 duplum
889 2922 928 2942 ex
950 2911 1021 2944 XII.

161 2953 262 2985 'sabim
291 2957 320 2987 ἃ
334 2954 485 2986 manifesti
502 2956 531 2987 in
549 2955 752 2996 quadruplum
768 2964 806 2984 cx
818 2954 927 2985 Edicto
946 2953 1023 2984 Prae-

163 2995 250 3038 toris.
298 2996 356 3027 lire
372 3004 475 3027 autem
496 3006 590 3036 quum
606 3005 669 3027 non
689 2995 869 3026 viderentur
886 2993 1024 3025 sufficere

165 3035 200 3063 ad
219 3037 449 3075 improbitatem
465 3036 571 3068 furum
589 3036 811 3074 coercendam,
837 3043 925 3066 extra
941 3035 1021 3066 ordi-

166 3083 236 3119 nem
253 3086 376 3117 quoque
391 3078 596 3109 criminaliter
611 3078 658 3118 agi
676 3077 794 3117 placuit
815 3077 824 3105 A
857 3086 906 3111 92.
926 3076 964 3117 ff.
989 3080 1023 3107 de

165 3113 252 3159 I‘vft.
289 3116 326 3147 de
352 3118 406 3148 liae
430 3119 674 3150 extraordinaria
702 3117 780 3148 suris
808 3117 1023 3157 persecutione

166 3153 301 3193 Julianus
317 3157 397 3188 dixit
413 3159 443 3189 in
466 3162 492 3190 h.
519 3161 528 3189 l
561 3163 602 3198 56
638 3159 664 3200 §
693 3167 719 3190 ι.

183 3218 186 3221 -
207 3193 400 3238 Quzfurem,
422 3199 543 3240 inquit,
566 3201 681 3245 aesvzqcic
706 3201 743 3233 ad
764 3198 946 3240 Praesebinm
962 3198 1019 3231 Vi·

1055 2083 1191 2124 gililzz'ts,
1214 2082 1315 2113 veloci
1329 2081 1495 2120 Prcefidem.
1540 2082 1640 2114 Multi
1664 2081 1751 2113 Libri
1782 2081 1898 2114 habent
1916 2104 1927 2123 ‚

1058 2123 1241 2163 Praefesinm
1262 2123 1419 2165 Vigilzinz,
1446 2122 1530 2164 quod
1555 2123 1682 2163 perinde
1705 2122 1759 2154 est.
1805 2123 1864 2155 Sed
1885 2123 1926 2155 lat

1058 2167 1130 2198 'xius
1146 2164 1290 2205 dixisset,
1315 2167 1352 2196 ad
1368 2164 1548 2204 Praefecium
1565 2163 1658 2195 Urbis
1669 2188 1677 2201 ‚
1701 2164 1738 2195 ad
1755 2173 1826 2195 eum
1843 2165 1928 2196 enim

1059 2207 1169 2240 deduci
1201 2205 1343 2238 solebant
1367 2207 1437 2248 plus
1468 2214 1561 2246 quam
1593 2206 1733 2237 civiliter
1759 2205 1929 2237 coercendi

1060 2250 1080 2280 l.
1105 2259 1120 2280 2
1147 2247 1187 2290 ff.
1213 2250 1247 2279 de
1276 2247 1359 2288 Susp.
1387 2248 1468 2279 tutor
1508 2247 1538 2278 ἃ
1555 2247 1661 2278 onmia
1674 2247 1805 2280 omnino
1823 2246 1927 2278 crimi-

1060 2300 1099 2322 na
1113 2289 1301 2321 Praefettura
1318 2289 1411 2321 Urbis
1431 2288 1485 2321 fibi
1502 2287 1701 2319 vindicavitc
1728 2298 1740 2320 1
1771 2287 1806 2329 ff
1822 2290 1856 2319 de
1868 2287 1930 2327 Of-

1056 2333 1108 2373 fic.
1132 2330 1226 2371 Praef.
1255 2331 1330 2362 Urb,
1377 2331 1419 2362 Et
1434 2331 1526 2372 plane
1543 2329 1572 2359 in
1596 2329 1624 2360 h.
1648 2330 1673 2370 §,
1705 2339 1731 2362 Ι,
1762 2329 1806 2360 ita
1838 2328 1929 2360 scribi

1061 2381 1210 2415 oportere
1227 2382 1289 2404 non
1305 2373 1412 2414 inepte
1426 2372 1496 2414 quis
1513 2368 1756 2409 existimaverit,
1783 2379 1880 2412 quum
1888 2376 1930 2401 ex

1060 2415 1188 2455 antiqua
1209 2413 1360 2455 scriptura
1385 2413 1425 2444 V.
1456 2412 1550 2444 etiam
1575 2411 1695 2442 vocalis
1712 2411 1766 2451 sit,
1791 2419 1885 2453 atque
1900 2417 1929 2443 a-

1060 2456 1120 2487 deo
1154 2455 1187 2487 P.
1214 2454 1256 2486 V.
1278 2464 1342 2487 non
1361 2453 1484 2486 differat
1501 2462 1518 2483 a
1539 2452 1571 2483 P.
1602 2451 1640 2482 U.
1659 2451 1865 2493 Caeteroquin
1889 2458 1931 2484 ex

1060 2497 1098 2530 P.
1126 2497 1164 2528 U.
1185 2495 1288 2528 facilis
1317 2494 1519 2536 esset-lapsus
1535 2493 1566 2524 in
1589 2493 1625 2524 P.
1651 2492 1692 2525 V.
1717 2503 1851 2535 quorum
1867 2493 1931 2525 hoc

1060 2539 1221 2580 Vigilum,
1247 2537 1325 2568 illud
1348 2535 1442 2567 Urbis
1467 2533 1654 2566 Praefe&um
1671 2534 1818 2566 denotat:
1843 2535 1872 2567 Gt
1896 2544 1929 2566 u-

1062 2585 1207 2620 trumque
1233 2578 1319 2609 notis
1342 2576 1433 2608 scribi
1453 2575 1551 2607 solere
1572 2575 1680 2607 auCtor
1693 2574 1738 2607 est
1753 2575 1876 2617 Magno
1899 2576 1931 2607 &

1061 2621 1206 2652 Valerius
1230 2618 1367 2657 Probus,
1400 2626 1501 2658 neque
1526 2616 1573 2648 his
1590 2616 1759 2656 duntaxat,
1785 2626 1860 2658 quas
1884 2616 1931 2649 illi

1062 2662 1094 2694 in
1120 2662 1198 2700 hanc
1221 2668 1286 2691 rem
1312 2659 1517 2697 extulerunt,
1552 2664 1583 2689 at
1605 2657 1657 2688 sim
1669 2658 1788 2689 §liciter
1806 2666 1932 2699 quoque

1062 2703 1095 2735 P.
1115 2703 1153 2734 V.
1179 2701 1230 2733 vel
1265 2701 1297 2733 P.
1318 2701 1357 2733 U.
1391 2709 1426 2732 ut
1450 2698 1615 2736 sci0,alios
1640 2707 1661 2729 o
1686 2697 1825 2730 servasse.
1871 2698 1933 2731 Sed

1063 2749 1140 2776 vero
1168 2744 1240 2785 quia
1263 2742 1366 2774 Graeci
1392 2741 1443 2773 liic
1471 2742 1647 2775 warin-aux&
1675 2743 1850 2771 memorant
1867 2763 1876 2779 ,
1901 2740 1931 2772 dt

1067 2785 1172 2819 Latini
1189 2783 1296 2824 Libri,
1321 2780 1498 2815 constanter
1514 2789 1640 2819 onmes,
1665 2780 1846 2820 Praefecium
1873 2781 1933 2813 Va·-

1064 2828 1161 2868 gz'lnm
1180 2826 1231 2857 vel
1254 2825 1405 2866 Vigilibus
1427 2848 1435 2862 ‚
1457 2831 1521 2854 non
1537 2821 1581 2853 sat
1605 2821 1704 2853 causae
1726 2821 1787 2861 est,
1814 2831 1871 2854 cur
1890 2822 1931 2854 le-

1067 2868 1131 2900 uio
1149 2873 1303 2906 mutetur,
1337 2865 1507 2907 praesertim
1530 2871 1626 2905 quum
1647 2862 1677 2894 ὅ(
1700 2863 1783 2895 hunc
1801 2863 1840 2894 de
1854 2862 1932 2894 furi-

1066 2909 1124 2940 bus
1139 2908 1323 2949 cognoviffc
1339 2905 1460 2938 constet
1476 2914 1515 2936 cx
1539 2907 1555 2935 l.
1576 2915 1605 2946 53.
1631 2903 1658 2943 §.
1679 2914 1704 2937 1.
1721 2905 1762 2946 ff.
1783 2906 1818 2936 de
1841 2903 1931 2945 Offic.

1069 2951 1159 2990 Proef.
1181 2949 1245 2990 Vig
1276 2948 1304 2980 &
1324 2949 1342 2979 l.
1363 2957 1410 2988 ¹5-
1426 2947 1467 2990 ff.
1494 2948 1528 2978 tle
1545 2945 1676 2978 Condzc't.
1699 2947 1777 2984 cans.
1797 2948 1862 2978 dat.
1886 2948 1955 2976 ao*

1061 2990 1170 3023 'tamen
1187 2996 1268 3027 non,
1293 2997 1328 3021 ut
1343 2990 1456 3029 opinor
1467 3012 1476 3027 ,
1488 2987 1529 3019 de
1544 2986 1666 3018 furibus
1683 2987 1931 3028 quibuscunque,

1067 3042 1136 3064 nam
1161 3031 1336 3063 atrociores
1359 3030 1395 3060 ad
1422 3028 1606 3060 Praefectum
1628 3028 1723 3060 Urbis
1739 3028 1874 3059 remittit
1901 3030 1931 3059 d.

1067 3075 1087 3104 I.
1106 3084 1135 3114 3,
1160 3074 1187 3111 §.
1217 3081 1239 3104 1.
1266 3070 1314 3102 sed
1333 3070 1383 3101 vel
1401 3071 1439 3101 de
1455 3070 1633 3108 nocturnis,
1668 3069 1719 3100 vel
1735 3069 1773 3100 de
1789 3069 1852 3107 his,
1877 3069 1932 3115 qui

1067 3113 1201 3145 interdiu
1227 3112 1363 3153 quietem
1391 3111 1548 3153 publicani
1575 3110 1718 3149 turbant,
1752 3110 1825 3141 huic
1848 3119 1930 3140 enim

1067 3154 1187 3186 tuendae
1205 3177 1214 3193 ,
1240 3155 1269 3184 ὅ(
1291 3152 1524 3193 compescendis
1555 3151 1653 3183 turbis
1677 3149 1846 3183 Praefedus
1875 3150 1929 3182 Vi-

1064 3196 1162 3238 gilum
1189 3193 1377 3230 constitutus
1395 3194 1439 3228 est
1462 3197 1491 3228 a.
1523 3193 1544 3226 l.
1565 3202 1596 3234 3.
1624 3198 1675 3233 pr.
1699 3191 1931 3262 Αηὶιῃειιίνεηὸῇξ
