2008 3436
154 106 224 150 458
391 102 791 140 CORNELII

154 189 376 224 ass'ecuratores
392 200 457 225 non
473 197 657 229 moverant,
681 200 719 222 an
735 198 802 221 non
816 197 870 229 per
887 189 1014 229 privile-

154 232 203 271 gia
221 254 232 269 ,
254 231 406 263 Societati
429 232 583 266 Orientali
609 232 678 263 data
699 254 708 269 ,
737 231 836 262 aliave
859 230 1015 262 Ordinum

154 272 358 303 (jener-alium
377 272 486 306 Edicta
505 273 609 305 illiciti
623 273 720 304 essent
739 271 915 304 contractus
925 271 1014 311 ,qui-

152 313 210 345 bus
231 313 335 346 foenus
359 315 519 347 nauticum
545 323 710 344 exercetur
736 323 753 343 a
771 312 901 352 privatis
922 335 932 350 ,
961 311 1014 352 qui

153 355 302 394 pecunias
327 364 487 387 mereesve
513 355 692 394 trajectitias
717 354 755 385 ad
772 353 892 385 Indiam
918 353 1015 385 anm

153 396 310 427 mittunt?
331 396 374 428 Et
395 397 416 428 si
434 397 537 430 illiciti
557 396 758 432 contractus,
779 397 818 426 ab
839 404 903 426 non
924 394 1014 426 illici-

154 445 194 468 tae
213 436 469 478 assecurationes,
493 447 560 478 quae
587 438 626 468 de
647 437 693 468 his
712 437 803 469 rebus
829 435 908 466 fiunt
933 445 1018 476 argu·

152 486 262 510 mento
282 487 410 517 eorum,
433 489 502 519 quae
529 477 683 518 disputavi
706 478 745 509 L.
767 477 794 509 I.
815 474 922 521 Qgiaest.
943 476 1016 517 Jur.

153 518 240 550 Pati.
266 520 297 550 C.
318 530 367 551 21.
413 521 473 553 Sed
497 519 628 551 excnffis
645 519 797 551 Ordinum
816 519 1016 551 Generalium

153 560 326 601 privilegiis
345 562 374 593 ἃ
390 561 507 593 Edietis
524 570 585 592 non
602 560 758 600 comperit
770 560 915 597 Senatus,
938 559 1015 599 ejus-

152 602 237 632 modi
259 602 438 633 conti-aetus
461 602 562 634 adhuc
579 601 643 633 effe
662 601 790 633 vetitos.
838 601 903 646 Qui
921 600 941 632 fi
965 609 1016 630 ve-

155 642 208 673 titi
225 642 321 673 essent
335 666 345 681 ‚
369 643 399 674 id
422 643 532 683 utique
555 643 778 684 porrigendum
803 653 867 675 non
885 641 959 673 esset
981 641 1018 672 ad

155 691 204 716 eas
227 685 374 724 pecunias
391 693 572 724 mercesve,
596 694 671 725 quas
690 685 775 717 omni
794 685 862 725 j-ure
878 692 1017 715 transve-

864 111 974 138 VAN

721 779 1079 818 CAPUT

1049 100 1651 139 BYNKERSHOEK

1057 188 1132 219 here
1145 189 1240 227 licet,
1262 197 1296 221 ut
1312 189 1333 221 fi
1350 189 1481 229 pecunia
1496 189 1662 223 obvenerit
1677 202 1716 225 ex
1735 192 1920 228 haereditate*

1057 229 1180 275 aliqua,
1204 231 1255 262 vel
1277 240 1321 262 eae
1338 230 1397 262 fint
1421 239 1559 269 merces,
1583 242 1653 272 quae
1677 236 1918 276 navigantibus,

1057 279 1150 301 etiarn
1175 272 1357 304 commercii
1377 270 1464 302 eausa
1481 293 1491 309 ‚
1526 274 1772 313 permittuntur,
1796 277 1918 310 constat

1059 311 1142 342 enim
1165 312 1312 352 quasdam
1337 313 1506 354 permitti,
1539 314 1566 344 ἃ
1601 317 1707 354 potuit
1733 316 1920 351 Navarclius

1059 352 1151 383 etiam
1176 353 1255 384 hanc
1279 354 1442 393 pecuniam
1472 354 1502 385 in
1522 357 1746 395 comparandas
1768 359 1919 397 ejusmodi

1059 403 1180 425 merces
1196 394 1384 434 impendisse.
1432 394 1602 439 Quousque
1618 396 1647 427 id
1665 398 1841 437 ρει-[1111111111
1857 399 1920 442 est,

1059 433 1245 467 Navarehus
1268 435 1375 467 fuiss'et
1399 438 1535 469 versatus
1561 438 1590 468 in
1609 447 1641 468 re
1659 437 1765 475 licita.
1791 439 1863 479 sed,
1886 451 1923 474 ut

1059 476 1122 508 dixi
1137 498 1146 513 ‚
1170 477 1355 516 generaliter
1375 487 1572 518 compertum
1589 487 1652 510 non
1671 480 1737 517 est,
1754 481 1921 522 quicquam

1061 517 1103 548 rei
1123 519 1228 549 vetitae
1246 518 1356 550 versari
1382 518 1412 549 in
1433 520 1664 557 contractibus,
1685 521 1797 561 quibus
1818 522 1925 557 foenus

1061 559 1224 590 nauticum
1249 567 1423 592 exercetur.
1470 561 1619 600 Superata
1642 562 1736 593 etiam
1759 563 1817 594 hac
1841 564 1920 596 diffi-

1060 600 1178 631 cultate
1195 601 1328 633 Senatus
1349 601 1530 641 simpliciter
1557 611 1717 643 utramque
1735 603 1923 640 sententiam

1060 641 1208 681 probavit
1230 653 1277 681 19.
1300 642 1390 675 Febr.
1418 646 1507 683 1738·
1531 642 1590 683 (4)

1178 779 1373 816 XVII.

154 868 210 904 Ex
235 868 364 904 Statum
389 868 687 916 Amsterdammenfi
713 874 773 905 non
789 869 962 918 sufficere,
989 876 1044 911 at,
1069 868 1211 915 profesta
1236 880 1339 910 nave,
1364 868 1516 916 profestio
1535 870 1756 919 significetur,
1792 873 1853 918 nisi
1881 874 1924 917 &³

199 918 336 953 addatur
361 927 487 963 tempus
506 946 515 960 ‚
541 931 597 964 quo
621 919 762 966 profetia
782 919 840 963 fit.

205 976 310 1001 memo
334 967 576 1013 affimcrationis
594 995 602 1007 ,
636 981 678 1003 an
704 970 840 1004 aliunde,

892 919 1026 954 Perinde
1051 926 1158 953 tamen
1184 917 1243 965 ff
1262 946 1271 959 ‚
1303 917 1530 964 afficuratores
1556 922 1588 955 iil
1600 924 1713 967 sciant
1741 934 1780 957 ex
1806 922 1923 970 instru-

894 967 1158 1014 AEstzmationem
1187 979 1293 1002 rerum
1318 967 1567 1014 afficurararum
1595 972 1635 1004 ab
1663 971 1838 1017 affecurato
1864 972 1925 1020 eſj'e

196 1018 423 1062 probandam,
458 1029 515 1051 nec
529 1015 683 1063 sufficere
697 1020 805 1063 solam
829 1020 897 1064 ejas
923 1016 1130 1062 adsertionem
1163 1015 1205 1056 ἐξ
1232 1018 1460 1061 jusjurandmn
1493 1019 1528 1053 de
1553 1022 1632 1053 bona
1651 1020 1727 1065 fide.

1779 1022 1814 1055 δι’
1829 1049 1838 1062 ,
1872 1024 1927 1068 qui

202 1064 464 1111 afficierationem
490 1067 685 1108 mandavit,
709 1066 851 1111 sciverit
874 1092 884 1109 ,
918 1067 1036 1111 quando
1062 1067 1157 1100 navis
1185 1076 1358 1110 mercesque
1384 1066 1533 1112 profetica
1559 1068 1641 1113 siim
1659 1094 1669 1110 ,
1704 1071 1926 1105 mandatarius

208 1123 317 1149 autem
334 1127 375 1149 ex
395 1113 487 1160 justa
513 1114 606 1160 causa
632 1116 848 1160 ignoraverit,
866 1113 1079 1160 szfficere‚fi
1102 1116 1197 1159 hujus
1223 1116 1453 1158 ignorantiam
1474 1115 1719 1162 afficzftationis
1736 1118 1927 1164 instrumen-

202 1171 235 1198 to
271 1165 483 1209 exprimatur.

542 1165 579 1197 δι’
606 1163 814 1209 cgffeeziratum
842 1163 887 1208 fit
921 1174 988 1197 van
1016 1163 1058 1196 de
1086 1164 1199 1197 Straat
1224 1162 1360 1197 Davids
1385 1174 1466 1197 naar
1495 1165 1708 1200 Amsterdarn
1727 1193 1736 1206 ‚
1760 1177 1816 1212 pro
1839 1170 1926 1213 peri-¹

201 1213 268 1246 culo
286 1239 296 1255 ‚
315 1214 392 1257 quod
416 1215 448 1246 in
475 1212 577 1245 redita
601 1213 737 1253 accidit,
765 1211 976 1258 afficnratum
1001 1209 1079 1256 ffs
1104 1208 1146 1249 δὲ)
1172 1212 1206 1245 id
1228 1211 1366 1255 incipere
1389 1210 1457 1256 post
1473 1211 1607 1256 finitam
1627 1213 1858 1260 piscationem,
1885 1215 1926 1256 ὅ)

201 1261 284 1296 hanc
298 1261 432 1306 finitam
460 1260 619 1306 intelligi,
645 1261 764 1306 quande
791 1264 885 1296 navis
913 1273 952 1295 ex
977 1259 1070 1294 Freto
1095 1261 1178 1295 recta
1194 1261 1339 1305 'navigat
1364 1258 1630 1306 Amsterdamzmz.

219 1357 419 1398 empronius,
443 1358 496 1399 qui
514 1367 638 1390 merces
662 1359 808 1400 quasdam
832 1357 1023 1399 imposuerat

233 1399 324 1438 navi,
350 1398 453 1431 Hullo
468 1399 718 1432 Amsterdamum
736 1400 951 1441 navigatur-az,
976 1409 1021 1431 as-

154 1441 386 1474 securatoribus
414 1440 588 1482 fignificat,
612 1451 721 1473 navem
750 1451 798 1483 17.
823 1441 901 1480 Maj.
931 1450 1022 1482 1724.

153 1483 256 1515 adhuc
280 1481 383 1522 jacere
408 1482 499 1514 Hulli
524 1482 556 1514 in
583 1482 716 1524 Anglia,
739 1484 768 1515 ὅ(
794 1482 837 1515 fic
861 1482 898 1513 fit
921 1483 1023 1523 prima

152 1523 305 1556 mercium
333 1523 523 1556 assecuratio.
570 1523 638 1564 Ipse
664 1525 719 1556 ille
745 1524 947 1565 Sempronius
971 1533 1023 1560 29·

153 1566 235 1605 Maj.
272 1573 362 1607 1734„
399 1565 489 1597 aliam
531 1564 697 1606 epistolam
738 1566 864 1607 accepit
883 1587 895 1604 ‚
930 1564 1020 1596 Hulli

154 1605 301 1647 scriptam
328 1617 381 1638 20.
405 1606 484 1646 Mai.
511 1616 569 1647 qua
594 1606 799 1648 significatum
819 1605 884 1644 est,
910 1615 1021 1638 navem

153 1648 255 1689 pridie
277 1647 342 1687 eJ’us
366 1647 453 1687 diei,
488 1648 519 1679 id
545 1647 590 1680 est
619 1658 664 1685 19.
699 1649 776 1689 Maj.
803 1648 896 1680 fuisse
921 1647 1024 1680 Hullo

154 1688 330 1730 profectam
342 1712 353 1728 ‚
377 1690 406 1721 ὅ(
427 1699 502 1722 mox
520 1690 630 1721 eodem
650 1690 706 1722 illo
727 1700 775 1732 27.
797 1690 876 1729 Mai.
901 1689 1023 1720 easdam

156 1740 277 1762 merces
299 1731 337 1762 ab
362 1731 429 1763 aliis
455 1741 578 1773 quoque
603 1730 764 1764 affecurari
795 1730 875 1763 fecit
898 1731 929 1763 in
955 1730 1023 1761 haec

155 1772 269 1804 verba:
294 1774 345 1804 [lat
370 1773 491 1816 volgens
515 1784 566 1804 een
591 1773 671 1813 brief
694 1784 757 1805 van
783 1775 838 1805 den
868 1783 918 1804 20.
945 1771 1021 1812 Mey

155 1814 204 1845 liet
218 1813 305 1854 schip
329 1821 402 1846 rectr
419 1825 480 1845 van
498 1815 564 1846 Hui
585 1825 652 1846 was
674 1816 847 1847 vertrokken
861 1838 871 1854 ‚
904 1815 955 1845 ciat
982 1814 1020 1853 hy

156 1865 230 1896 geerz
256 1857 348 1886 nacler
374 1857 480 1898 tyding
499 1866 559 1887 van
582 1857 631 1887 het
648 1856 735 1897 schip
756 1857 831 1895 had,
859 1865 894 1886 en
916 1856 966 1886 dat
989 1856 1022 1885 de

155 1896 346 1936 affecurarztie
364 1898 511 1939 geschz'ede
523 1904 556 1938 op
574 1898 630 1929 alle
647 1900 733 1940 goede
751 1908 786 1929 en
817 1898 887 1928 made
906 1897 1023 1938 tyding.

156 1937 258 1969 Navis
285 1938 317 1970 in
337 1938 452 1970 itinere
473 1940 577 1981 periit.
623 1939 757 1971 Secundi
780 1942 808 1970 ai
822 1946 1026 1975 eeuratores‚

158 1979 198 2009 ad
217 1978 382 2018 damnum,
408 1980 438 2012 in
459 1981 543 2021 quod
572 1979 830 2021 subscripserant,
855 1978 1025 2010 resarcien-

159 2019 232 2050 dum
253 2021 403 2062 conventi
424 2022 504 2061 apud
524 2022 651 2062 Judices
674 2031 774 2054 rerum
801 2021 1025 2055 maritimarum

158 2059 477 2093 Amsterdammenses
491 2086 502 2100 ,
525 2062 731 2094 absolvuntur
746 2072 798 2105 31.
823 2062 903 2104 Aug.
934 2070 1023 2102 1725.

158 2101 220 2133 Sed
255 2102 337 2142 apud
369 2103 524 2134 Scabinos
552 2102 892 2141 Amsterdammenses,
928 2104 1025 2133 modo

157 2143 361 2183 Sempronius
385 2144 500 2183 juraret
513 2167 522 2180 ,
547 2143 579 2175 se
605 2153 748 2185 tempore
768 2144 860 2176 fatiae
877 2143 1024 2174 affecura-

158 2184 256 2215 tionis
280 2184 432 2225 ignorasse
455 2185 621 2216 interitum
647 2186 755 2223 navis,
779 2185 1026 2216 condemnantur

159 2235 210 2266 130.
236 2225 334 2256 Mart.
361 2235 450 2266 1729.
475 2235 607 2266 eamque
632 2226 819 2258 sententiam
838 2226 933 2257 Curia
951 2234 1026 2256 con-

160 2266 300 2299 firmavit
324 2276 370 2307 13.
388 2267 456 2306 jul.
472 2276 561 2309 1733.
578 2267 690 2299 additis
709 2268 803 2299 etiam
821 2267 917 2298 usuris
932 2267 1026 2298 trien-

162 2307 249 2339 tibus
268 2317 284 2337 a
303 2307 359 2338 lite
379 2307 573 2345 contestata,
596 2317 686 2349 quac,
708 2309 876 2348 implorata
894 2309 924 2338 in
947 2307 1028 2338 hanc

162 2349 359 2386 remvenia,
381 2348 460 2389 apud
483 2348 609 2380 Curiam
631 2357 718 2381 erant
736 2358 856 2390 petitae.

206 2389 359 2435 Quamvis
378 2390 447 2420 duae
462 2390 524 2420 illae
541 2389 728 2430 posteriores
753 2390 916 2422 sententia:
940 2390 1027 2421 vide-

162 2440 269 2464 rentur
290 2431 360 2462 latae
378 2430 546 2462 secundum
569 2431 596 2472 §.
621 2442 670 2463 20.
707 2431 743 2466 ἐξ)
770 2441 820 2463 21.
853 2431 927 2463 LL.
957 2431 1031 2462 Anz-

157 2471 250 2513 Jt'ercl.
275 2471 326 2502 ubi
352 2472 533 2503 ass‘ceuratio
556 2473 623 2503 erat
647 2471 746 2512 suffita,
772 2473 960 2514 appellatum
982 2480 1025 2503 ta-

164 2522 236 2544 men
253 2512 296 2544 est
312 2513 348 2543 ad
367 2514 511 2545 Senatum
523 2535 533 2551 ‚
558 2514 588 2544 &
609 2514 646 2544 ab
667 2513 925 2546 affeeuratoribus
945 2513 1030 2544 labo-

165 2561 286 2591 ratum,
309 2561 345 2583 ut
367 2553 588 2592 ostenderent,
612 2555 831 2596 Sempronium
848 2554 969 2586 sciviss'e
984 2555 1029 2586 in-

164 2594 294 2625 teritum
321 2595 410 2625 navis
438 2602 581 2634 tempore
602 2594 744 2626 sccundte
771 2596 1030 2634 assecurationis,

166 2635 219 2667 sed
242 2634 357 2667 frustra
385 2634 577 2673 laboratum,
600 2636 678 2666 nihil
701 2637 784 2668 enim
817 2636 1032 2673 adserebatur,

165 2686 208 2707 ex
223 2686 284 2718 quo
301 2676 331 2707 id
350 2676 432 2707 effici
451 2683 597 2716 poterat,
622 2675 672 2707 sed
690 2677 744 2715 iis,
770 2686 838 2717 quae
855 2677 929 2708 fasti
948 2676 1031 2714 sunt,

165 2717 361 2749 recensendis
383 2715 573 2757 supersedeo.
621 2717 727 2759 Magis
754 2719 790 2748 ad
813 2727 876 2748 rem
899 2718 1033 2758 pertine-

168 2760 241 2797 bat,
267 2759 350 2799 quod
368 2767 408 2789 ex
423 2758 491 2797 jure
507 2758 658 2789 addebant
683 2758 927 2796 affecuratores,
950 2764 1033 2789 nem-

168 2809 210 2841 pe
232 2810 270 2831 cx
296 2800 426 2830 Statuto
453 2797 740 2832 Amsterdanunenfi
772 2809 821 2836 29-
843 2799 913 2840 jun.
942 2803 1032 2833 1688.

170 2841 288 2872 nullam
318 2840 379 2871 ess'e
400 2839 679 2877 affccurationem.
704 2841 744 2880 sl,
770 2850 849 2872 nave
871 2841 931 2880 jam
962 2850 1033 2880 pro-

170 2881 253 2914 fena
275 2903 284 2918 ,
314 2880 500 2913 aii'eeuratus
525 2881 751 2920 prosectionem
770 2884 798 2913 ὅι
824 2887 934 2922 teinpus
951 2904 959 2919 ‚
982 2890 1034 2922 qao

172 2921 300 2962 profec'ia
317 2921 375 2962 iffi,
401 2933 463 2954 non
480 2923 635 2964 exprimat
653 2923 681 2954 in
702 2923 906 2955 instrumento
920 2922 1035 2953 ail'ecu-

174 2964 324 3002 rationis,
350 2963 403 2995 nisi
421 2963 606 2997 assecuratus
628 2964 657 2995 id
675 2965 817 3005 ignoret,
841 2966 871 2995 ὅ(
890 2964 1033 3005 ignoran-

172 3004 247 3034 tiam
264 3005 347 3035 illam
372 3013 496 3046 quoque
521 3005 704 3045 profiteatur
728 3006 758 3037 in
784 3005 895 3035 eodem
925 3003 1034 3036 instru-

173 3053 304 3081 zncnt03
330 3045 379 3075 liic
401 3054 505 3077 autem
534 3046 611 3077 nihil
640 3046 702 3077 ess’e
725 3046 918 3086 Cirpi-elium,
944 3054 1035 3086 quam

173 3093 284 3116 navem
303 3085 472 3123 jainfuiss'e
491 3087 686 3127 profectam,
707 3097 770 3119 non
786 3087 893 3118 addito
915 3095 1035 3127 ternpo-

209 3164 267 3220 (J4)
290 3183 399 3222 onero.
421 3185 536 3218 szzuzc.
560 3187 631 3219 Tam.
655 3188 734 3219 xm.
756 3197 782 3219 n.
805 3194 891 3223 3074·

1066 1367 1099 1390 re
1128 1356 1334 1398 profectionis
1351 1381 1360 1396 ‚
1392 1357 1421 1389 ὅ(
1448 1366 1552 1390 tamen
1580 1359 1797 1400 Sempronium
1829 1359 1930 1401 ipsum

1066 1408 1191 1440 quoque
1227 1399 1309 1430 diem
1335 1397 1457 1430 scivisse
1479 1409 1518 1431 ex
1543 1400 1595 1431 illa
1618 1400 1746 1441 epistula
1773 1412 1824 1433 20.
1849 1402 1928 1442 Mai.

1070 1449 1160 1481 1724.
1200 1439 1247 1472 Ut
1277 1440 1344 1471 haec
1375 1439 1548 1482 effugeret,
1573 1440 1782 1481 assecuratus,
1804 1442 1926 1483 ajebat,

1065 1481 1223 1515 Statutum
1241 1490 1304 1512 non
1322 1480 1507 1521 desiderare,
1531 1490 1566 1513 ut
1585 1484 1662 1521 dies,
1687 1483 1737 1520 sed
1763 1492 1798 1515 ut
1818 1490 1930 1525 tempus

1066 1522 1276 1563 exprimatur,
1300 1522 1329 1554 &
1345 1522 1431 1564 quod
1455 1523 1496 1554 ibi
1519 1523 1558 1555 de
1583 1532 1725 1564 tempore
1746 1524 1882 1563 dicitur,
1908 1527 1931 1554 ἑι

1066 1564 1162 1593 π’λοέτει
1186 1563 1248 1595 esse
1266 1563 1503 1605 accipiendum,
1529 1574 1567 1596 ex
1586 1563 1654 1605 ipso
1678 1573 1783 1597 autem
1804 1575 1929 1598 contra-

1065 1605 1118 1638 Qu
1141 1604 1283 1637 constare
1301 1628 1311 1644 ,
1343 1614 1455 1637 navem
1480 1605 1542 1637 esse
1568 1605 1740 1646 profectam
1768 1607 1852 1639 inter
1879 1616 1928 1649 17.

1066 1648 1096 1679 &
1118 1656 1169 1678 20.
1193 1646 1272 1686 Maj.
1299 1655 1388 1687 1724.
1415 1656 1473 1678 nec
1491 1647 1583 1688 ipfius
1607 1647 1669 1678 diei
1695 1648 1859 1679 scientiam
1881 1648 1926 1681 as-

1066 1687 1297 1720 securatoribus
1323 1690 1489 1729 quicquam
1513 1687 1651 1729 prodesse
1675 1687 1829 1729 potuisse,
1854 1690 1932 1730 quin

1067 1730 1097 1762 δι
1114 1730 1146 1761 111
1173 1727 1379 1761 instrumento
1398 1728 1629 1761 assecurationis
1647 1729 1819 1770 expressum
1845 1730 1929 1770 effe,

1066 1780 1178 1803 navem
1195 1770 1288 1802 fuiss'e
1303 1770 1494 1811 profectam,
1520 1772 1550 1803 ὃς
1568 1771 1599 1802 id
1619 1771 1716 1803 videri
1732 1770 1933 1804 referendum

1067 1813 1103 1844 ad
1130 1821 1201 1843 eum
1229 1811 1311 1843 diem
1331 1833 1343 1849 ,
1374 1821 1438 1853 quo
1464 1811 1550 1843 miffa
1576 1811 1621 1843 est
1648 1811 1792 1854 epistula,
1817 1822 1933 1854 nempe

1068 1863 1117 1886 20.
1145 1853 1224 1892 Mai.
1250 1853 1278 1884 ἃ
1296 1862 1408 1885 navem
1432 1852 1519 1885 forte
1544 1863 1608 1885 non
1632 1853 1805 1894 pervenisse
1824 1854 1861 1885 ad
1881 1855 1927 1896 ip-

1068 1894 1134 1926 sum
1160 1894 1343 1932 Oceanum,
1365 1893 1509 1935 superato
1534 1894 1662 1926 flumine
1678 1917 1688 1932 ‚
1710 1894 1765 1926 nisi
1793 1904 1833 1926 co
1862 1894 1931 1936 ipso

1069 1946 1122 1968 20.
1145 1936 1223 1975 Maj.
1245 1934 1385 1967 constare
1402 1944 1505 1967 autem
1531 1945 1569 1967 ex
1593 1936 1654 1967 alio
1670 1937 1817 1975 Statum,
1840 1936 1927 1976 quod

1066 1975 1383 2008 Amsterdammenses
1412 1976 1612 2008 sanciverunt
1644 1987 1674 2018 3.
1708 1976 1801 2009 Febr.
1836 1980 1928 2014 1699.

1068 2027 1163 2050 naves
1179 2027 1242 2049 non
1261 2017 1363 2048 haberi
1389 2016 1543 2059 profestas
1555 2041 1565 2056 ,
1588 2017 1642 2049 nisi
1654 2040 1664 2056 ,
1686 2017 1799 2050 rehctis
1817 2026 1930 2059 portu-

1068 2059 1125 2091 bus
1141 2060 1170 2091 &
1186 2058 1455 2100 praeternavigatis
1472 2058 1616 2090 omnibus
1634 2058 1776 2090 brevium
1793 2058 1931 2098 indiciis,

1069 2100 1194 2141 plenum
1212 2108 1294 2131 mare
1310 2099 1504 2131 intraverint.
1549 2100 1647 2132 Erant
1662 2099 1725 2130 duo
1746 2099 1931 2139 Senatores,

1069 2143 1122 2182 qui
1143 2141 1190 2172 his
1218 2140 1392 2172 rationibus
1416 2141 1548 2172 multum
1574 2141 1765 2172 tribuebant.
1808 2140 1867 2172 Sed
1889 2147 1934 2174 ne‘

1072 2183 1111 2214 iis
1127 2181 1298 2214 refutandis
1314 2181 1410 2213 bonas
1427 2181 1515 2214 horas
1531 2182 1655 2222 perdam
1669 2205 1678 2220 ,
1702 2181 1816 2213 sufficit
1833 2181 1932 2222 scire,

1072 2223 1163 2255 aliam
1179 2222 1269 2255 fuiffe
1285 2222 1438 2254 rationem
1451 2246 1461 2262 ,
1487 2224 1584 2263 magis
1606 2223 1768 2260 idoneam,
1790 2232 1860 2264 quae
1874 2231 1935 2264 pro

1072 2264 1244 2296 assecurato
1262 2264 1435 2303 militabat,
1461 2265 1544 2305 quod
1565 2273 1675 2304 nempe
1690 2273 1729 2296 ex
1748 2264 1931 2297 instrumen-

1071 2306 1110 2337 tis
1129 2305 1194 2337 litis
1216 2305 1308 2345 plena
1331 2304 1392 2336 fide
1421 2304 1577 2336 constaret
1590 2328 1599 2343 ‚
1624 2314 1691 2336 eam
1707 2306 1803 2346 ipsam
1823 2303 1935 2346 epistu-

1072 2347 1134 2379 lam
1163 2356 1212 2378 20.
1249 2346 1326 2385 Maj.
1359 2355 1450 2386 1724.
1482 2355 1541 2387 qua
1567 2346 1799 2385 nunciabatur,
1822 2354 1935 2378 navem*

1071 2388 1172 2429 pridie
1201 2387 1295 2419 fuiss'e
1320 2387 1492 2427 profeClam
1514 2410 1523 2425 ,
1559 2387 1812 2420 affectu-acoribus
1840 2385 1936 2419 fuiffe·

1073 2429 1247 2460 exhibitam
1260 2451 1270 2466 ,
1294 2427 1332 2459 ab
1352 2429 1448 2470 iisque
1470 2428 1581 2461 loetum
1594 2450 1604 2466 ‚
1627 2428 1802 2474 priusquam
1822 2426 1933 2460 instru-

1073 2477 1184 2502 mento
1212 2469 1450 2502 afl'ecurationis
1479 2468 1739 2510 subscripserant,
1765 2469 1794 2501 &
1818 2468 1861 2500 ita
1875 2477 1935 2502 eoa

1073 2511 1194 2543 discere
1212 2510 1365 2551 potuisse,
1390 2520 1452 2552 quo
1472 2510 1522 2541 die
1544 2510 1632 2542 navis
1654 2508 1795 2550 profecta
1812 2508 1933 2549 fuiffet,

1074 2553 1117 2585 fic
1137 2552 1219 2583 enim
1240 2551 1394 2584 habebant
1415 2552 1544 2583 candem
1570 2550 1753 2586 scientiam.
1776 2560 1867 2592 quam
1887 2559 1936 2582 as·

1074 2593 1240 2626 securatuS.
1286 2593 1360 2624 Sive
1380 2601 1484 2624 autem
1507 2592 1538 2623 id
1561 2591 1712 2623 sciverint
1727 2601 1766 2624 cx
1785 2590 1937 2632 epistula-‚1

1075 2635 1139 2667 five
1163 2642 1203 2665 cx
1225 2634 1386 2666 contradu
1411 2632 1645 2665 ass‘ecurationis
1666 2656 1675 2672 ,
1699 2641 1746 2664 res
1770 2633 1860 2674 plane
1881 2641 1935 2665 eu-

1075 2676 1146 2708 dem
1169 2675 1300 2706 redibat.
1342 2673 1386 2706 Et'
1404 2675 1434 2705 in
1459 2683 1498 2705 eo
1515 2682 1624 2705 omnes
1640 2674 1804 2705 Senatores
1821 2681 1937 2705 conve-

1078 2716 1226 2753 niebant,
1247 2715 1327 2747 unde
1344 2725 1373 2756 7.
1397 2715 1487 2746 Febr.
1516 2724 1604 2757 1739.
1626 2715 1642 2755 (
1659 2715 1854 2757 1)probatae
1867 2713 1938 2746 sunt!

1077 2758 1148 2789 duae
1169 2755 1356 2797 posteriores
1377 2755 1551 2787 sententiae.
1946 2770 1947 2774 =

1120 2797 1275 2829 Nonnulli
1298 2797 1518 2828 ass'ecuratores
1533 2797 1729 2830 Rotterdami
1748 2797 1936 2829 assecurave-

1078 2847 1148 2870 rant
1169 2838 1242 2870 duas
1274 2836 1405 2869 sarcinas
1433 2839 1584 2870 mci-cium
1608 2839 1708 2878 (lwee
1726 2838 1841 2879 pakken
1871 2846 1936 2868 cra*

1076 2889 1156 2921 ivery
1170 2879 1334 2921 goeclerm)
1353 2888 1420 2919 qua:
1446 2880 1476 2911 in
1501 2880 1574 2911 mari
1599 2880 1722 2912 Baltico
1742 2877 1938 2910 deferrentur

1077 2923 1114 2953 ab
1143 2921 1206 2952 alio
1233 2920 1269 2950 ad
1292 2920 1387 2951 alium
1411 2929 1535 2959 portum
1555 2944 1564 2960 ,
1589 2928 1778 2961 quarumque
1801 2919 1939 2960 pretium

1079 2963 1110 2994 in
1149 2959 1357 2992 instrumento
1391 2961 1622 2993 assecurationis
1657 2960 1843 2992 aestimatum
1871 2964 1940 2991 erat:

1077 3007 1169 3035 6000.
1195 3001 1334 3034 florenis.
1379 3001 1459 3034 Dua:
1482 3003 1543 3034 illae
1567 3002 1693 3035 sarcinae
1718 3010 1776 3032 una
1797 3010 1868 3033 cum
1885 3008 1939 3033 na⁴

1078 3043 1316 3084 ve‚perierunt‚
1337 3043 1367 3075 δι
1387 3043 1605 3076 aflectu-atores
1626 3043 1661 3074 ad
1679 3041 1841 3074 solvendas
1859 3040 1939 3087 sum·-

1077 3095 1142 3118 mas
1154 3106 1165 3122 ,
1189 3093 1246 3125 pro
1267 3084 1379 3125 quibus
1398 3084 1661 3125 subscripserant,
1685 3083 1720 3115 in>
1744 3085 1792 3123 jus
1813 3090 1945 3120 vocatu,

1882 3131 1937 3155 exa

1113 3184 1172 3224 (1)
1194 3185 1331 3225 observat.
1356 3184 1472 3218 Tumusc.
1495 3185 1566 3218 Tm.
1587 3184 1665 3216 xiv.
1686 3193 1712 3222 ⁷2·
1734 3190 1819 3220 3:22¹.
