<?xml version="1.0" encoding="UTF-8"?>
<!DOCTYPE html PUBLIC "-//W3C//DTD XHTML 1.0 Transitional//EN"
    "http://www.w3.org/TR/xhtml1/DTD/xhtml1-transitional.dtd">
<html xmlns="http://www.w3.org/1999/xhtml" xml:lang="en" lang="en">
 <head>
  <title>
</title>
<meta http-equiv="Content-Type" content="text/html;charset=utf-8" />
  <meta name='ocr-system' content='tesseract 3.04.00' />
  <meta name='ocr-capabilities' content='ocr_page ocr_carea ocr_par ocr_line ocrx_word'/>
</head>
<body>
  <div class='ocr_page' id='page_1' title='image "./corneliivanbynke00bijn_0710.png"; bbox 0 0 2008 3436; ppageno 0'>
   <div class='ocr_carea' id='block_1_1' title="bbox 458 108 856 144">
    <p class='ocr_par' dir='ltr' id='par_1_1' title="bbox 458 108 856 144">
     <span class='ocr_line' id='line_1_1' title="bbox 458 108 856 144; baseline -0.008 0"><span class='ocrx_word' id='word_1_1' title='bbox 458 108 856 144; x_wconf 85' lang='lat' dir='ltr'>CORNELII</span> 
     </span>
    </p>
   </div>
   <div class='ocr_carea' id='block_1_2' title="bbox 209 186 1079 2605">
    <p class='ocr_par' dir='ltr' id='par_1_2' title="bbox 209 186 1071 1176">
     <span class='ocr_line' id='line_1_2' title="bbox 209 186 1070 229; baseline -0.002 -11"><span class='ocrx_word' id='word_1_2' title='bbox 209 187 307 219; x_wconf 81' lang='lat' dir='ltr'><strong>stibus</strong></span> <span class='ocrx_word' id='word_1_3' title='bbox 331 197 458 229; x_wconf 87' lang='lat' dir='ltr'><strong>operam</strong></span> <span class='ocrx_word' id='word_1_4' title='bbox 485 189 672 227; x_wconf 82' lang='lat' dir='ltr'><strong>militarem,</strong></span> <span class='ocrx_word' id='word_1_5' title='bbox 698 188 761 221; x_wconf 89' lang='lat' dir='ltr'><strong>five</strong></span> <span class='ocrx_word' id='word_1_6' title='bbox 790 186 984 225; x_wconf 88' lang='lat' dir='ltr'><strong>terrestrem,</strong></span> <span class='ocrx_word' id='word_1_7' title='bbox 1009 186 1070 218; x_wconf 87' lang='lat' dir='ltr'><strong>five</strong></span> 
     </span>
     <span class='ocr_line' id='line_1_3' title="bbox 213 229 1068 269; baseline -0.001 -10"><span class='ocrx_word' id='word_1_8' title='bbox 213 229 371 261; x_wconf 80' lang='lat' dir='ltr'>nauticam</span> <span class='ocrx_word' id='word_1_9' title='bbox 398 231 522 268; x_wconf 87' lang='lat' dir='ltr'><strong>locare,</strong></span> <span class='ocrx_word' id='word_1_10' title='bbox 555 232 670 262; x_wconf 90' lang='lat' dir='ltr'><strong>nemini</strong></span> <span class='ocrx_word' id='word_1_11' title='bbox 699 230 792 267; x_wconf 84' lang='lat' dir='ltr'><strong>licet,</strong></span> <span class='ocrx_word' id='word_1_12' title='bbox 822 231 852 261; x_wconf 67' lang='grc' dir='ltr'><strong>δε</strong></span> <span class='ocrx_word' id='word_1_13' title='bbox 875 229 970 260; x_wconf 80' lang='lat' dir='ltr'><strong>variis</strong></span> <span class='ocrx_word' id='word_1_14' title='bbox 994 236 1068 269; x_wconf 91' lang='lat' dir='ltr'><strong>quo-</strong></span> 
     </span>
     <span class='ocr_line' id='line_1_4' title="bbox 214 269 1069 310; baseline 0 -10"><span class='ocrx_word' id='word_1_15' title='bbox 214 279 275 310; x_wconf 92' lang='lat' dir='ltr'><strong>que</strong></span> <span class='ocrx_word' id='word_1_16' title='bbox 295 270 450 303; x_wconf 86' lang='lat' dir='ltr'><strong>Ordinum</strong></span> <span class='ocrx_word' id='word_1_17' title='bbox 477 270 677 302; x_wconf 83' lang='lat' dir='ltr'><strong>Generalium</strong></span> <span class='ocrx_word' id='word_1_18' title='bbox 708 270 825 301; x_wconf 69' lang='lat' dir='ltr'><strong>Edictis</strong></span> <span class='ocrx_word' id='word_1_19' title='bbox 853 269 897 301; x_wconf 91' lang='lat' dir='ltr'><strong>est</strong></span> <span class='ocrx_word' id='word_1_20' title='bbox 921 269 1069 301; x_wconf 81' lang='lat' dir='ltr'><strong>vetitum.</strong></span> 
     </span>
     <span class='ocr_line' id='line_1_5' title="bbox 213 309 1068 353; baseline -0.002 -11"><span class='ocrx_word' id='word_1_21' title='bbox 213 310 351 343; x_wconf 86' lang='lat' dir='ltr'><strong>Diceres·</strong></span> <span class='ocrx_word' id='word_1_22' title='bbox 369 313 491 353; x_wconf 89' lang='lat' dir='ltr'><strong>quidem</strong></span> <span class='ocrx_word' id='word_1_23' title='bbox 517 322 606 353; x_wconf 85' lang='lat' dir='ltr'><strong>quam</strong></span> <span class='ocrx_word' id='word_1_24' title='bbox 633 311 766 352; x_wconf 88' lang='lat' dir='ltr'><strong>plurima</strong></span> <span class='ocrx_word' id='word_1_25' title='bbox 783 311 954 342; x_wconf 89' lang='lat' dir='ltr'><strong>eorundem</strong></span> <span class='ocrx_word' id='word_1_26' title='bbox 976 309 1068 341; x_wconf 88' lang='lat' dir='ltr'><strong>Ordi-</strong></span> 
     </span>
     <span class='ocr_line' id='line_1_6' title="bbox 214 351 1069 394; baseline -0.001 -11"><span class='ocrx_word' id='word_1_27' title='bbox 214 361 289 384; x_wconf 90' lang='lat' dir='ltr'><strong>num</strong></span> <span class='ocrx_word' id='word_1_28' title='bbox 308 353 435 393; x_wconf 66' lang='lat' dir='ltr'><strong>Edicta,</strong></span> <span class='ocrx_word' id='word_1_29' title='bbox 460 364 527 394; x_wconf 80' lang='lat' dir='ltr'><strong>quae</strong></span> <span class='ocrx_word' id='word_1_30' title='bbox 552 352 720 394; x_wconf 84' lang='lat' dir='ltr'><strong>prohibent</strong></span> <span class='ocrx_word' id='word_1_31' title='bbox 741 351 796 383; x_wconf 90' lang='lat' dir='ltr'><strong>sub</strong></span> <span class='ocrx_word' id='word_1_32' title='bbox 813 360 926 383; x_wconf 85' lang='lat' dir='ltr'><strong>extero</strong></span> <span class='ocrx_word' id='word_1_33' title='bbox 951 351 1069 382; x_wconf 86' lang='lat' dir='ltr'><strong>Princi-</strong></span> 
     </span>
     <span class='ocr_line' id='line_1_7' title="bbox 213 392 1069 435; baseline -0.002 -11"><span class='ocrx_word' id='word_1_34' title='bbox 213 403 254 434; x_wconf 88' lang='lat' dir='ltr'><strong>pe</strong></span> <span class='ocrx_word' id='word_1_35' title='bbox 279 394 416 426; x_wconf 86' lang='lat' dir='ltr'><strong>militare</strong></span> <span class='ocrx_word' id='word_1_36' title='bbox 441 394 539 435; x_wconf 80' lang='lat'><strong>(2),</strong></span> <span class='ocrx_word' id='word_1_37' title='bbox 561 394 747 434; x_wconf 79' lang='lat' dir='ltr'>generaliter</span> <span class='ocrx_word' id='word_1_38' title='bbox 779 392 840 424; x_wconf 87' lang='lat' dir='ltr'><strong>esse</strong></span> <span class='ocrx_word' id='word_1_39' title='bbox 869 392 1069 433; x_wconf 84' lang='lat' dir='ltr'><strong>accipienda,</strong></span> 
     </span>
     <span class='ocr_line' id='line_1_8' title="bbox 213 433 1069 477; baseline -0.002 -12"><span class='ocrx_word' id='word_1_40' title='bbox 213 433 266 467; x_wconf 87' lang='lat' dir='ltr'><strong>sed</strong></span> <span class='ocrx_word' id='word_1_41' title='bbox 293 436 330 467; x_wconf 85' lang='lat' dir='ltr'><strong>iis</strong></span> <span class='ocrx_word' id='word_1_42' title='bbox 355 437 453 477; x_wconf 83' lang='lat' dir='ltr'>probe</span> <span class='ocrx_word' id='word_1_43' title='bbox 480 434 611 466; x_wconf 78' lang='lat' dir='ltr'><strong>excuffis</strong></span> <span class='ocrx_word' id='word_1_44' title='bbox 638 434 814 474; x_wconf 80' lang='lat' dir='ltr'>intelliges,</span> <span class='ocrx_word' id='word_1_45' title='bbox 838 435 891 465; x_wconf 89' lang='lat' dir='ltr'><strong>vel</strong></span> <span class='ocrx_word' id='word_1_46' title='bbox 915 442 1069 473; x_wconf 85' lang='lat' dir='ltr'><strong>tempora-</strong></span> 
     </span>
     <span class='ocr_line' id='line_1_9' title="bbox 212 474 1069 518; baseline -0.005 -10"><span class='ocrx_word' id='word_1_47' title='bbox 212 476 256 508; x_wconf 86' lang='lat' dir='ltr'><strong>lia</strong></span> <span class='ocrx_word' id='word_1_48' title='bbox 283 476 362 516; x_wconf 76' lang='lat' dir='ltr'><strong>efi&#39;e,</strong></span> <span class='ocrx_word' id='word_1_49' title='bbox 387 478 538 518; x_wconf 70' lang='lat' dir='ltr'><strong>gliscente</strong></span> <span class='ocrx_word' id='word_1_50' title='bbox 563 484 675 515; x_wconf 86' lang='lat' dir='ltr'><strong>nempe</strong></span> <span class='ocrx_word' id='word_1_51' title='bbox 703 475 808 513; x_wconf 89' lang='lat' dir='ltr'><strong>bello,</strong></span> <span class='ocrx_word' id='word_1_52' title='bbox 832 484 904 506; x_wconf 89' lang='lat' dir='ltr'><strong>cum</strong></span> <span class='ocrx_word' id='word_1_53' title='bbox 933 474 986 514; x_wconf 90' lang='lat' dir='ltr'><strong>ipfi</strong></span> <span class='ocrx_word' id='word_1_54' title='bbox 1011 474 1069 506; x_wconf 90' lang='lat' dir='ltr'><strong>Or-</strong></span> 
     </span>
     <span class='ocr_line' id='line_1_10' title="bbox 212 515 1069 556; baseline -0.004 -7"><span class='ocrx_word' id='word_1_55' title='bbox 212 517 300 549; x_wconf 83' lang='lat' dir='ltr'><strong>dines</strong></span> <span class='ocrx_word' id='word_1_56' title='bbox 331 518 508 549; x_wconf 84' lang='lat' dir='ltr'><strong>hominibus</strong></span> <span class='ocrx_word' id='word_1_57' title='bbox 532 516 593 548; x_wconf 90' lang='lat' dir='ltr'><strong>suis</strong></span> <span class='ocrx_word' id='word_1_58' title='bbox 613 515 807 556; x_wconf 82' lang='lat' dir='ltr'><strong>indigerent,</strong></span> <span class='ocrx_word' id='word_1_59' title='bbox 831 516 882 547; x_wconf 89' lang='lat' dir='ltr'><strong>vel</strong></span> <span class='ocrx_word' id='word_1_60' title='bbox 909 516 1004 546; x_wconf 86' lang='lat' dir='ltr'><strong>etiam</strong></span> <span class='ocrx_word' id='word_1_61' title='bbox 1024 516 1069 546; x_wconf 88' lang='lat' dir='ltr'><strong>in-</strong></span> 
     </span>
     <span class='ocr_line' id='line_1_11' title="bbox 214 556 1069 600; baseline -0.005 -10"><span class='ocrx_word' id='word_1_62' title='bbox 214 560 413 600; x_wconf 78' lang='lat' dir='ltr'><strong>terpretancla</strong></span> <span class='ocrx_word' id='word_1_63' title='bbox 444 557 505 589; x_wconf 78' lang='lat' dir='ltr'><strong>effe</strong></span> <span class='ocrx_word' id='word_1_64' title='bbox 525 558 563 588; x_wconf 90' lang='lat' dir='ltr'><strong>cle</strong></span> <span class='ocrx_word' id='word_1_65' title='bbox 590 557 647 594; x_wconf 84' lang='lat' dir='ltr'><strong>iis,</strong></span> <span class='ocrx_word' id='word_1_66' title='bbox 669 556 723 596; x_wconf 86' lang='lat' dir='ltr'><strong>qui</strong></span> <span class='ocrx_word' id='word_1_67' title='bbox 748 556 888 588; x_wconf 89' lang='lat' dir='ltr'><strong>hostibus</strong></span> <span class='ocrx_word' id='word_1_68' title='bbox 913 557 1069 594; x_wconf 88' lang='lat' dir='ltr'><strong>militant,</strong></span> 
     </span>
     <span class='ocr_line' id='line_1_12' title="bbox 214 597 1071 640; baseline -0.001 -11"><span class='ocrx_word' id='word_1_69' title='bbox 214 601 267 632; x_wconf 78' lang='lat' dir='ltr'><strong>vel</strong></span> <span class='ocrx_word' id='word_1_70' title='bbox 283 601 321 631; x_wconf 89' lang='lat' dir='ltr'><strong>de</strong></span> <span class='ocrx_word' id='word_1_71' title='bbox 337 601 394 638; x_wconf 88' lang='lat' dir='ltr'><strong>iis,</strong></span> <span class='ocrx_word' id='word_1_72' title='bbox 411 601 460 640; x_wconf 88' lang='lat' dir='ltr'><strong>qui</strong></span> <span class='ocrx_word' id='word_1_73' title='bbox 475 598 592 629; x_wconf 87' lang='lat' dir='ltr'><strong>deserta</strong></span> <span class='ocrx_word' id='word_1_74' title='bbox 607 597 891 630; x_wconf 87' lang='lat' dir='ltr'><strong>Ordinummilitia</strong></span> <span class='ocrx_word' id='word_1_75' title='bbox 905 597 986 638; x_wconf 89' lang='lat' dir='ltr'><strong>apud</strong></span> <span class='ocrx_word' id='word_1_76' title='bbox 994 598 1071 628; x_wconf 87' lang='lat' dir='ltr'><strong>alios</strong></span> 
     </span>
     <span class='ocr_line' id='line_1_13' title="bbox 211 639 1070 682; baseline -0.003 -10"><span class='ocrx_word' id='word_1_77' title='bbox 211 640 374 682; x_wconf 76' lang='lat' dir='ltr'><strong>Principes</strong></span> <span class='ocrx_word' id='word_1_78' title='bbox 389 640 557 672; x_wconf 86' lang='lat' dir='ltr'><strong>militatum</strong></span> <span class='ocrx_word' id='word_1_79' title='bbox 572 646 669 677; x_wconf 81' lang='lat' dir='ltr'><strong>eunt3</strong></span> <span class='ocrx_word' id='word_1_80' title='bbox 693 639 731 669; x_wconf 90' lang='lat' dir='ltr'><strong>de</strong></span> <span class='ocrx_word' id='word_1_81' title='bbox 748 647 812 679; x_wconf 93' lang='lat' dir='ltr'><strong>quo</strong></span> <span class='ocrx_word' id='word_1_82' title='bbox 829 648 964 679; x_wconf 89' lang='lat' dir='ltr'><strong>utroque</strong></span> <span class='ocrx_word' id='word_1_83' title='bbox 981 647 1070 680; x_wconf 83' lang='lat' dir='ltr'><strong>gene-</strong></span> 
     </span>
     <span class='ocr_line' id='line_1_14' title="bbox 213 679 1070 721; baseline -0.005 -8"><span class='ocrx_word' id='word_1_84' title='bbox 213 691 246 714; x_wconf 87' lang='lat' dir='ltr'><strong>re</strong></span> <span class='ocrx_word' id='word_1_85' title='bbox 265 682 414 713; x_wconf 89' lang='lat' dir='ltr'><strong>nonnulla</strong></span> <span class='ocrx_word' id='word_1_86' title='bbox 439 682 533 712; x_wconf 83' lang='lat' dir='ltr'><strong>eciam</strong></span> <span class='ocrx_word' id='word_1_87' title='bbox 551 680 651 721; x_wconf 82' lang='lat' dir='ltr'><strong>palam</strong></span> <span class='ocrx_word' id='word_1_88' title='bbox 677 679 856 720; x_wconf 89' lang='lat' dir='ltr'><strong>loquuntur.</strong></span> <span class='ocrx_word' id='word_1_89' title='bbox 901 680 981 712; x_wconf 90' lang='lat' dir='ltr'><strong>Sane</strong></span> <span class='ocrx_word' id='word_1_90' title='bbox 998 689 1070 710; x_wconf 89' lang='lat' dir='ltr'><strong>cum</strong></span> 
     </span>
     <span class='ocr_line' id='line_1_15' title="bbox 212 719 1071 762; baseline -0.003 -8"><span class='ocrx_word' id='word_1_91' title='bbox 212 723 300 754; x_wconf 89' lang='lat' dir='ltr'><strong>navis</strong></span> <span class='ocrx_word' id='word_1_92' title='bbox 317 722 466 754; x_wconf 84' lang='lat' dir='ltr'><strong>Francica</strong></span> <span class='ocrx_word' id='word_1_93' title='bbox 477 746 486 761; x_wconf 94' lang='lat'><strong>,</strong></span> <span class='ocrx_word' id='word_1_94' title='bbox 499 723 586 761; x_wconf 85' lang='lat' dir='ltr'><strong>quus</strong></span> <span class='ocrx_word' id='word_1_95' title='bbox 596 720 727 762; x_wconf 86' lang='lat' dir='ltr'><strong>epibatae</strong></span> <span class='ocrx_word' id='word_1_96' title='bbox 738 721 900 762; x_wconf 83' lang='lat' dir='ltr'><strong>‚exceptis</strong></span> <span class='ocrx_word' id='word_1_97' title='bbox 917 719 970 752; x_wconf 83' lang='lat' dir='ltr'><strong>sex</strong></span> <span class='ocrx_word' id='word_1_98' title='bbox 980 720 1071 752; x_wconf 90' lang='lat' dir='ltr'><strong>Fran-</strong></span> 
     </span>
     <span class='ocr_line' id='line_1_16' title="bbox 211 762 1069 801; baseline -0.002 -7"><span class='ocrx_word' id='word_1_99' title='bbox 211 765 279 801; x_wconf 84' lang='lat' dir='ltr'><strong>cis,</strong></span> <span class='ocrx_word' id='word_1_100' title='bbox 302 772 410 796; x_wconf 86' lang='lat' dir='ltr'><strong>omnes</strong></span> <span class='ocrx_word' id='word_1_101' title='bbox 429 768 478 798; x_wconf 83' lang='lat'><strong>80.</strong></span> <span class='ocrx_word' id='word_1_102' title='bbox 511 772 600 794; x_wconf 87' lang='lat' dir='ltr'><strong>erant</strong></span> <span class='ocrx_word' id='word_1_103' title='bbox 618 762 768 793; x_wconf 89' lang='lat' dir='ltr'><strong>Hollandi</strong></span> <span class='ocrx_word' id='word_1_104' title='bbox 784 762 994 801; x_wconf 83' lang='lat' dir='ltr'><strong>Zelandiquc,</strong></span> <span class='ocrx_word' id='word_1_105' title='bbox 1019 771 1069 793; x_wconf 89' lang='lat' dir='ltr'><strong>na-</strong></span> 
     </span>
     <span class='ocr_line' id='line_1_17' title="bbox 212 802 1070 844; baseline -0.001 -8"><span class='ocrx_word' id='word_1_106' title='bbox 212 814 285 836; x_wconf 86' lang='lat' dir='ltr'><strong>vem</strong></span> <span class='ocrx_word' id='word_1_107' title='bbox 304 804 526 837; x_wconf 83' lang='lat' dir='ltr'><strong>Hollandicam</strong></span> <span class='ocrx_word' id='word_1_108' title='bbox 543 803 714 844; x_wconf 76' lang='lat' dir='ltr'><strong>cepissent,</strong></span> <span class='ocrx_word' id='word_1_109' title='bbox 741 803 874 835; x_wconf 82' lang='lat' dir='ltr'><strong>Ordines</strong></span> <span class='ocrx_word' id='word_1_110' title='bbox 901 802 1070 835; x_wconf 81' lang='lat' dir='ltr'><strong>Gener-ales</strong></span> 
     </span>
     <span class='ocr_line' id='line_1_18' title="bbox 212 843 1069 889; baseline -0.006 -10"><span class='ocrx_word' id='word_1_111' title='bbox 212 856 263 889; x_wconf 80' lang='lat'><strong>23.</strong></span> <span class='ocrx_word' id='word_1_112' title='bbox 287 846 347 886; x_wconf 86' lang='lat' dir='ltr'><strong>Jul.</strong></span> <span class='ocrx_word' id='word_1_113' title='bbox 376 849 464 886; x_wconf 79' lang='lat'>1674.</span> <span class='ocrx_word' id='word_1_114' title='bbox 489 845 655 877; x_wconf 85' lang='lat' dir='ltr'><strong>edixerunt</strong></span> <span class='ocrx_word' id='word_1_115' title='bbox 676 844 769 886; x_wconf 80' lang='grc'>(3),</span> <span class='ocrx_word' id='word_1_116' title='bbox 793 852 845 884; x_wconf 77' lang='lat' dir='ltr'><strong>ut,</strong></span> <span class='ocrx_word' id='word_1_117' title='bbox 870 845 923 884; x_wconf 84' lang='lat' dir='ltr'><strong>qui</strong></span> <span class='ocrx_word' id='word_1_118' title='bbox 950 853 988 877; x_wconf 87' lang='lat' dir='ltr'><strong>ex</strong></span> <span class='ocrx_word' id='word_1_119' title='bbox 1014 843 1069 875; x_wconf 91' lang='lat' dir='ltr'><strong>hu-</strong></span> 
     </span>
     <span class='ocr_line' id='line_1_19' title="bbox 212 885 1069 928; baseline -0.002 -10"><span class='ocrx_word' id='word_1_120' title='bbox 212 888 261 928; x_wconf 82' lang='lat' dir='ltr'><strong>jus</strong></span> <span class='ocrx_word' id='word_1_121' title='bbox 288 887 482 927; x_wconf 81' lang='lat' dir='ltr'><strong>Reipublicae</strong></span> <span class='ocrx_word' id='word_1_122' title='bbox 506 885 638 918; x_wconf 87' lang='lat' dir='ltr'><strong>subditis</strong></span> <span class='ocrx_word' id='word_1_123' title='bbox 661 887 818 917; x_wconf 84' lang='lat' dir='ltr'><strong>nauticam</strong></span> <span class='ocrx_word' id='word_1_124' title='bbox 840 885 984 917; x_wconf 86' lang='lat' dir='ltr'><strong>militiam</strong></span> <span class='ocrx_word' id='word_1_125' title='bbox 1013 885 1069 916; x_wconf 93' lang='lat' dir='ltr'><strong>ho-</strong></span> 
     </span>
     <span class='ocr_line' id='line_1_20' title="bbox 212 926 1069 968; baseline -0.001 -8"><span class='ocrx_word' id='word_1_126' title='bbox 212 928 253 961; x_wconf 84' lang='lat' dir='ltr'><strong>sti</strong></span> <span class='ocrx_word' id='word_1_127' title='bbox 279 929 429 960; x_wconf 84' lang='lat' dir='ltr'><strong>militaret</strong></span> <span class='ocrx_word' id='word_1_128' title='bbox 448 951 458 966; x_wconf 93' lang='lat'><strong>,</strong></span> <span class='ocrx_word' id='word_1_129' title='bbox 483 927 741 968; x_wconf 83' lang='lat' dir='ltr'><strong>submergeretur.</strong></span> <span class='ocrx_word' id='word_1_130' title='bbox 786 926 934 968; x_wconf 87' lang='lat' dir='ltr'><strong>Idemque</strong></span> <span class='ocrx_word' id='word_1_131' title='bbox 957 927 995 958; x_wconf 87' lang='lat' dir='ltr'><strong>ab</strong></span> <span class='ocrx_word' id='word_1_132' title='bbox 1019 926 1069 959; x_wconf 90' lang='lat' dir='ltr'><strong>iis-</strong></span> 
     </span>
     <span class='ocr_line' id='line_1_21' title="bbox 213 968 1069 1010; baseline 0 -10"><span class='ocrx_word' id='word_1_133' title='bbox 213 970 284 1001; x_wconf 87' lang='lat' dir='ltr'><strong>dem</strong></span> <span class='ocrx_word' id='word_1_134' title='bbox 312 970 448 1001; x_wconf 64' lang='lat' dir='ltr'><strong>edietum</strong></span> <span class='ocrx_word' id='word_1_135' title='bbox 475 968 519 1001; x_wconf 90' lang='lat' dir='ltr'><strong>est</strong></span> <span class='ocrx_word' id='word_1_136' title='bbox 543 979 574 1010; x_wconf 87' lang='lat'><strong>4.</strong></span> <span class='ocrx_word' id='word_1_137' title='bbox 607 969 681 1008; x_wconf 88' lang='lat' dir='ltr'><strong>Apr.</strong></span> <span class='ocrx_word' id='word_1_138' title='bbox 711 971 801 1009; x_wconf 85' lang='lat'><strong>1676.</strong></span> <span class='ocrx_word' id='word_1_139' title='bbox 832 968 919 1009; x_wconf 81' lang='lat'>(4).</span> <span class='ocrx_word' id='word_1_140' title='bbox 951 968 1069 1007; x_wconf 88' lang='lat' dir='ltr'><strong>Vides,</strong></span> 
     </span>
     <span class='ocr_line' id='line_1_22' title="bbox 212 1007 1070 1051; baseline -0.001 -9"><span class='ocrx_word' id='word_1_141' title='bbox 212 1012 310 1043; x_wconf 88' lang='lat' dir='ltr'><strong>verba</strong></span> <span class='ocrx_word' id='word_1_142' title='bbox 326 1011 391 1043; x_wconf 91' lang='lat' dir='ltr'><strong>fieri</strong></span> <span class='ocrx_word' id='word_1_143' title='bbox 411 1011 449 1042; x_wconf 91' lang='lat' dir='ltr'><strong>de</strong></span> <span class='ocrx_word' id='word_1_144' title='bbox 469 1010 534 1050; x_wconf 91' lang='lat' dir='ltr'><strong>his,</strong></span> <span class='ocrx_word' id='word_1_145' title='bbox 558 1010 609 1051; x_wconf 86' lang='lat' dir='ltr'><strong>qui</strong></span> <span class='ocrx_word' id='word_1_146' title='bbox 631 1007 771 1040; x_wconf 90' lang='lat' dir='ltr'><strong>hostibus</strong></span> <span class='ocrx_word' id='word_1_147' title='bbox 788 1010 941 1048; x_wconf 83' lang='lat' dir='ltr'><strong>militant,</strong></span> <span class='ocrx_word' id='word_1_148' title='bbox 966 1008 1017 1040; x_wconf 85' lang='lat' dir='ltr'><strong>sed</strong></span> <span class='ocrx_word' id='word_1_149' title='bbox 1035 1018 1070 1041; x_wconf 82' lang='lat' dir='ltr'><strong>ut</strong></span> 
     </span>
     <span class='ocr_line' id='line_1_23' title="bbox 212 1049 1071 1093; baseline -0.002 -9"><span class='ocrx_word' id='word_1_150' title='bbox 212 1052 278 1084; x_wconf 90' lang='lat' dir='ltr'><strong>hoc</strong></span> <span class='ocrx_word' id='word_1_151' title='bbox 302 1052 496 1093; x_wconf 82' lang='lat' dir='ltr'><strong>porrigamus</strong></span> <span class='ocrx_word' id='word_1_152' title='bbox 519 1052 556 1083; x_wconf 87' lang='lat' dir='ltr'><strong>ad</strong></span> <span class='ocrx_word' id='word_1_153' title='bbox 576 1061 630 1083; x_wconf 88' lang='lat' dir='ltr'><strong>eos</strong></span> <span class='ocrx_word' id='word_1_154' title='bbox 643 1073 654 1088; x_wconf 88' lang='lat'><strong>,</strong></span> <span class='ocrx_word' id='word_1_155' title='bbox 676 1051 728 1091; x_wconf 84' lang='lat' dir='ltr'><strong>qui</strong></span> <span class='ocrx_word' id='word_1_156' title='bbox 750 1049 945 1091; x_wconf 84' lang='lat' dir='ltr'><strong>Principibus</strong></span> <span class='ocrx_word' id='word_1_157' title='bbox 963 1051 1071 1082; x_wconf 86' lang='lat' dir='ltr'><strong>amicis</strong></span> 
     </span>
     <span class='ocr_line' id='line_1_24' title="bbox 214 1091 1071 1132; baseline -0.002 -7"><span class='ocrx_word' id='word_1_158' title='bbox 214 1094 268 1125; x_wconf 91' lang='lat' dir='ltr'><strong>vel</strong></span> <span class='ocrx_word' id='word_1_159' title='bbox 291 1093 382 1125; x_wconf 87' lang='lat' dir='ltr'><strong>sociis</strong></span> <span class='ocrx_word' id='word_1_160' title='bbox 399 1093 558 1132; x_wconf 86' lang='lat' dir='ltr'><strong>militant,</strong></span> <span class='ocrx_word' id='word_1_161' title='bbox 579 1101 638 1125; x_wconf 90' lang='lat' dir='ltr'><strong>nec</strong></span> <span class='ocrx_word' id='word_1_162' title='bbox 659 1091 762 1129; x_wconf 82' lang='lat' dir='ltr'><strong>ratio,</strong></span> <span class='ocrx_word' id='word_1_163' title='bbox 782 1100 841 1123; x_wconf 89' lang='lat' dir='ltr'><strong>nec</strong></span> <span class='ocrx_word' id='word_1_164' title='bbox 865 1091 914 1131; x_wconf 81' lang='lat' dir='ltr'><strong>jus</strong></span> <span class='ocrx_word' id='word_1_165' title='bbox 937 1091 1023 1132; x_wconf 86' lang='lat' dir='ltr'><strong>pacis</strong></span> <span class='ocrx_word' id='word_1_166' title='bbox 1041 1092 1071 1123; x_wconf 66' lang='grc' dir='ltr'>ἃ</span> 
     </span>
     <span class='ocr_line' id='line_1_25' title="bbox 213 1133 532 1176; baseline -0.003 -9"><span class='ocrx_word' id='word_1_167' title='bbox 213 1133 344 1167; x_wconf 79' lang='lat' dir='ltr'><strong>foederis</strong></span> <span class='ocrx_word' id='word_1_168' title='bbox 360 1135 532 1176; x_wconf 86' lang='lat' dir='ltr'><strong>patiuntur.</strong></span> 
     </span>
    </p>

    <p class='ocr_par' dir='ltr' id='par_1_3' title="bbox 212 1173 1079 2605">
     <span class='ocr_line' id='line_1_26' title="bbox 255 1173 1071 1220; baseline -0.006 -11"><span class='ocrx_word' id='word_1_169' title='bbox 255 1177 288 1209; x_wconf 84' lang='lat' dir='ltr'><strong>Si</strong></span> <span class='ocrx_word' id='word_1_170' title='bbox 312 1176 408 1220; x_wconf 79' lang='lat' dir='ltr'><strong>igitur</strong></span> <span class='ocrx_word' id='word_1_171' title='bbox 437 1174 549 1208; x_wconf 76' lang='lat' dir='ltr'><strong>subditi</strong></span> <span class='ocrx_word' id='word_1_172' title='bbox 567 1175 687 1215; x_wconf 88' lang='lat' dir='ltr'><strong>nostri,</strong></span> <span class='ocrx_word' id='word_1_173' title='bbox 711 1184 843 1216; x_wconf 89' lang='lat' dir='ltr'><strong>quorum</strong></span> <span class='ocrx_word' id='word_1_174' title='bbox 862 1183 923 1215; x_wconf 90' lang='lat' dir='ltr'><strong>ope</strong></span> <span class='ocrx_word' id='word_1_175' title='bbox 940 1174 971 1205; x_wconf 89' lang='lat' dir='ltr'><strong>in</strong></span> <span class='ocrx_word' id='word_1_176' title='bbox 985 1173 1071 1205; x_wconf 85' lang='lat' dir='ltr'><strong>bello</strong></span> 
     </span>
     <span class='ocr_line' id='line_1_27' title="bbox 214 1215 1069 1258; baseline -0.006 -8"><span class='ocrx_word' id='word_1_177' title='bbox 214 1227 280 1250; x_wconf 87' lang='lat' dir='ltr'><strong>non</strong></span> <span class='ocrx_word' id='word_1_178' title='bbox 305 1217 496 1257; x_wconf 77' lang='lat' dir='ltr'><strong>indigemus,</strong></span> <span class='ocrx_word' id='word_1_179' title='bbox 519 1218 714 1258; x_wconf 85' lang='lat' dir='ltr'><strong>quibusque,</strong></span> <span class='ocrx_word' id='word_1_180' title='bbox 740 1225 775 1247; x_wconf 89' lang='lat' dir='ltr'><strong>ut</strong></span> <span class='ocrx_word' id='word_1_181' title='bbox 801 1215 975 1247; x_wconf 84' lang='lat' dir='ltr'><strong>Civitatem</strong></span> <span class='ocrx_word' id='word_1_182' title='bbox 1003 1224 1069 1246; x_wconf 91' lang='lat' dir='ltr'><strong>mu-</strong></span> 
     </span>
     <span class='ocr_line' id='line_1_28' title="bbox 215 1255 1072 1296; baseline -0.006 -6"><span class='ocrx_word' id='word_1_183' title='bbox 215 1266 286 1290; x_wconf 89' lang='lat' dir='ltr'><strong>tent</strong></span> <span class='ocrx_word' id='word_1_184' title='bbox 299 1280 308 1294; x_wconf 80' lang='grc'>,</span> <span class='ocrx_word' id='word_1_185' title='bbox 332 1259 418 1290; x_wconf 89' lang='lat' dir='ltr'><strong>nulla</strong></span> <span class='ocrx_word' id='word_1_186' title='bbox 437 1258 488 1289; x_wconf 81' lang='lat' dir='ltr'><strong>lex</strong></span> <span class='ocrx_word' id='word_1_187' title='bbox 517 1258 638 1295; x_wconf 78' lang='lat' dir='ltr'><strong>obstat,</strong></span> <span class='ocrx_word' id='word_1_188' title='bbox 661 1257 828 1289; x_wconf 81' lang='lat' dir='ltr'><strong>militarem</strong></span> <span class='ocrx_word' id='word_1_189' title='bbox 847 1265 973 1296; x_wconf 81' lang='lat' dir='ltr'><strong>operam</strong></span> <span class='ocrx_word' id='word_1_190' title='bbox 987 1255 1072 1286; x_wconf 69' lang='lat' dir='ltr'><strong>recte</strong></span> 
     </span>
     <span class='ocr_line' id='line_1_29' title="bbox 212 1296 1070 1338; baseline -0.005 -7"><span class='ocrx_word' id='word_1_191' title='bbox 212 1300 382 1333; x_wconf 82' lang='lat' dir='ltr'><strong>exhibeant</strong></span> <span class='ocrx_word' id='word_1_192' title='bbox 394 1298 529 1338; x_wconf 87' lang='lat' dir='ltr'><strong>Principi</strong></span> <span class='ocrx_word' id='word_1_193' title='bbox 551 1299 653 1329; x_wconf 91' lang='lat' dir='ltr'><strong>amico</strong></span> <span class='ocrx_word' id='word_1_194' title='bbox 663 1320 674 1336; x_wconf 86' lang='lat'><strong>,</strong></span> <span class='ocrx_word' id='word_1_195' title='bbox 689 1307 745 1328; x_wconf 92' lang='lat' dir='ltr'><strong>cur</strong></span> <span class='ocrx_word' id='word_1_196' title='bbox 762 1296 911 1337; x_wconf 85' lang='lat' dir='ltr'><strong>Princeps</strong></span> <span class='ocrx_word' id='word_1_197' title='bbox 926 1296 978 1329; x_wconf 89' lang='lat' dir='ltr'><strong>ille</strong></span> <span class='ocrx_word' id='word_1_198' title='bbox 997 1296 1070 1327; x_wconf 90' lang='lat' dir='ltr'><strong>ami-</strong></span> 
     </span>
     <span class='ocr_line' id='line_1_30' title="bbox 214 1336 1071 1373; baseline -0.006 0"><span class='ocrx_word' id='word_1_199' title='bbox 214 1351 269 1373; x_wconf 85' lang='lat' dir='ltr'><strong>cus</strong></span> <span class='ocrx_word' id='word_1_200' title='bbox 298 1341 376 1372; x_wconf 87' lang='lat' dir='ltr'><strong>hanc</strong></span> <span class='ocrx_word' id='word_1_201' title='bbox 393 1349 456 1371; x_wconf 91' lang='lat' dir='ltr'><strong>non</strong></span> <span class='ocrx_word' id='word_1_202' title='bbox 484 1340 567 1371; x_wconf 67' lang='lat' dir='ltr'><strong>reste</strong></span> <span class='ocrx_word' id='word_1_203' title='bbox 591 1339 749 1371; x_wconf 86' lang='lat' dir='ltr'><strong>conducat</strong></span> <span class='ocrx_word' id='word_1_204' title='bbox 774 1338 804 1370; x_wconf 90' lang='lat' dir='ltr'><strong>in</strong></span> <span class='ocrx_word' id='word_1_205' title='bbox 827 1339 935 1369; x_wconf 84' lang='lat' dir='ltr'><strong>amicae</strong></span> <span class='ocrx_word' id='word_1_206' title='bbox 957 1336 1071 1369; x_wconf 87' lang='lat' dir='ltr'><strong>Gentis</strong></span> 
     </span>
     <span class='ocr_line' id='line_1_31' title="bbox 213 1378 1069 1424; baseline -0.006 -10"><span class='ocrx_word' id='word_1_207' title='bbox 213 1381 365 1424; x_wconf 78' lang='lat' dir='ltr'><strong>Populo?</strong></span> <span class='ocrx_word' id='word_1_208' title='bbox 390 1380 442 1412; x_wconf 89' lang='lat' dir='ltr'><strong>ubi</strong></span> <span class='ocrx_word' id='word_1_209' title='bbox 466 1381 567 1413; x_wconf 83' lang='lat' dir='ltr'><strong>locare</strong></span> <span class='ocrx_word' id='word_1_210' title='bbox 595 1381 671 1413; x_wconf 91' lang='lat' dir='ltr'><strong>licet</strong></span> <span class='ocrx_word' id='word_1_211' title='bbox 687 1403 696 1418; x_wconf 86' lang='lat'>‚</span> <span class='ocrx_word' id='word_1_212' title='bbox 721 1380 798 1411; x_wconf 88' lang='lat' dir='ltr'><strong>licet</strong></span> <span class='ocrx_word' id='word_1_213' title='bbox 824 1379 854 1410; x_wconf 91' lang='lat'>&amp;</span> <span class='ocrx_word' id='word_1_214' title='bbox 881 1378 1069 1410; x_wconf 88' lang='lat' dir='ltr'><strong>conducere.</strong></span> 
     </span>
     <span class='ocr_line' id='line_1_32' title="bbox 212 1419 1072 1463; baseline -0.005 -9"><span class='ocrx_word' id='word_1_215' title='bbox 212 1423 279 1455; x_wconf 89' lang='lat' dir='ltr'><strong>Cur</strong></span> <span class='ocrx_word' id='word_1_216' title='bbox 299 1431 386 1463; x_wconf 83' lang='lat' dir='ltr'><strong>aeque</strong></span> <span class='ocrx_word' id='word_1_217' title='bbox 408 1422 563 1463; x_wconf 87' lang='lat' dir='ltr'><strong>integrum</strong></span> <span class='ocrx_word' id='word_1_218' title='bbox 587 1431 651 1454; x_wconf 94' lang='lat' dir='ltr'><strong>non</strong></span> <span class='ocrx_word' id='word_1_219' title='bbox 668 1421 745 1453; x_wconf 86' lang='lat' dir='ltr'><strong>esset</strong></span> <span class='ocrx_word' id='word_1_220' title='bbox 766 1421 796 1452; x_wconf 89' lang='lat' dir='ltr'><strong>in</strong></span> <span class='ocrx_word' id='word_1_221' title='bbox 825 1419 962 1460; x_wconf 88' lang='lat' dir='ltr'><strong>Imperio</strong></span> <span class='ocrx_word' id='word_1_222' title='bbox 979 1419 1072 1451; x_wconf 91' lang='lat' dir='ltr'><strong>amici</strong></span> 
     </span>
     <span class='ocr_line' id='line_1_33' title="bbox 213 1463 1070 1506; baseline -0.006 -10"><span class='ocrx_word' id='word_1_223' title='bbox 213 1464 326 1506; x_wconf 79' lang='lat' dir='ltr'><strong>Populi</strong></span> <span class='ocrx_word' id='word_1_224' title='bbox 346 1463 480 1494; x_wconf 81' lang='lat' dir='ltr'><strong>militem</strong></span> <span class='ocrx_word' id='word_1_225' title='bbox 497 1463 695 1501; x_wconf 89' lang='lat' dir='ltr'><strong>conducere,</strong></span> <span class='ocrx_word' id='word_1_226' title='bbox 716 1470 807 1503; x_wconf 88' lang='lat' dir='ltr'><strong>quam</strong></span> <span class='ocrx_word' id='word_1_227' title='bbox 825 1470 961 1501; x_wconf 83' lang='lat' dir='ltr'><strong>quasque</strong></span> <span class='ocrx_word' id='word_1_228' title='bbox 986 1470 1070 1502; x_wconf 90' lang='lat' dir='ltr'><strong>emp-</strong></span> 
     </span>
     <span class='ocr_line' id='line_1_34' title="bbox 213 1501 1071 1544; baseline -0.003 -8"><span class='ocrx_word' id='word_1_229' title='bbox 213 1505 317 1536; x_wconf 86' lang='lat' dir='ltr'><strong>tiones</strong></span> <span class='ocrx_word' id='word_1_230' title='bbox 343 1505 561 1544; x_wconf 87' lang='lat' dir='ltr'><strong>venditiones,</strong></span> <span class='ocrx_word' id='word_1_231' title='bbox 585 1504 760 1537; x_wconf 88' lang='lat' dir='ltr'><strong>locationes</strong></span> <span class='ocrx_word' id='word_1_232' title='bbox 781 1501 1006 1534; x_wconf 66' lang='lat' dir='ltr'><strong>conductiones</strong></span> <span class='ocrx_word' id='word_1_233' title='bbox 1022 1511 1071 1533; x_wconf 89' lang='lat' dir='ltr'><strong>ce-</strong></span> 
     </span>
     <span class='ocr_line' id='line_1_35' title="bbox 213 1541 1072 1588; baseline -0.003 -11"><span class='ocrx_word' id='word_1_234' title='bbox 213 1546 350 1585; x_wconf 86' lang='lat' dir='ltr'><strong>lebrare,</strong></span> <span class='ocrx_word' id='word_1_235' title='bbox 371 1553 537 1588; x_wconf 88' lang='lat' dir='ltr'><strong>ceteraque</strong></span> <span class='ocrx_word' id='word_1_236' title='bbox 553 1545 742 1577; x_wconf 89' lang='lat' dir='ltr'><strong>commercia</strong></span> <span class='ocrx_word' id='word_1_237' title='bbox 766 1543 937 1577; x_wconf 76' lang='lat' dir='ltr'><strong>exercere?</strong></span> <span class='ocrx_word' id='word_1_238' title='bbox 961 1541 1072 1584; x_wconf 91' lang='lat' dir='ltr'><strong>Neque</strong></span> 
     </span>
     <span class='ocr_line' id='line_1_36' title="bbox 213 1584 1073 1628; baseline -0.005 -10"><span class='ocrx_word' id='word_1_239' title='bbox 213 1586 322 1625; x_wconf 86' lang='lat' dir='ltr'><strong>obest,</strong></span> <span class='ocrx_word' id='word_1_240' title='bbox 347 1587 367 1618; x_wconf 91' lang='lat' dir='ltr'><strong>fi</strong></span> <span class='ocrx_word' id='word_1_241' title='bbox 383 1586 485 1626; x_wconf 88' lang='lat' dir='ltr'><strong>forte,</strong></span> <span class='ocrx_word' id='word_1_242' title='bbox 509 1587 561 1628; x_wconf 92' lang='lat' dir='ltr'><strong>qui</strong></span> <span class='ocrx_word' id='word_1_243' title='bbox 580 1587 696 1619; x_wconf 88' lang='lat' dir='ltr'><strong>milites</strong></span> <span class='ocrx_word' id='word_1_244' title='bbox 715 1584 888 1623; x_wconf 86' lang='lat' dir='ltr'><strong>conducit,</strong></span> <span class='ocrx_word' id='word_1_245' title='bbox 911 1584 949 1616; x_wconf 90' lang='lat' dir='ltr'><strong>iis</strong></span> <span class='ocrx_word' id='word_1_246' title='bbox 966 1591 1073 1615; x_wconf 89' lang='lat' dir='ltr'><strong>utatur</strong></span> 
     </span>
     <span class='ocr_line' id='line_1_37' title="bbox 215 1625 1074 1668; baseline -0.005 -8"><span class='ocrx_word' id='word_1_247' title='bbox 215 1628 361 1660; x_wconf 78' lang='lat' dir='ltr'><strong>adversus</strong></span> <span class='ocrx_word' id='word_1_248' title='bbox 379 1628 463 1668; x_wconf 86' lang='lat' dir='ltr'><strong>ejus,</strong></span> <span class='ocrx_word' id='word_1_249' title='bbox 487 1629 517 1660; x_wconf 91' lang='lat' dir='ltr'><strong>in</strong></span> <span class='ocrx_word' id='word_1_250' title='bbox 538 1629 626 1668; x_wconf 90' lang='lat' dir='ltr'><strong>cujus</strong></span> <span class='ocrx_word' id='word_1_251' title='bbox 647 1627 781 1668; x_wconf 87' lang='lat' dir='ltr'><strong>Imperio</strong></span> <span class='ocrx_word' id='word_1_252' title='bbox 798 1625 973 1663; x_wconf 81' lang='lat' dir='ltr'><strong>conduxit,</strong></span> <span class='ocrx_word' id='word_1_253' title='bbox 1000 1625 1074 1656; x_wconf 91' lang='lat' dir='ltr'><strong>ami-</strong></span> 
     </span>
     <span class='ocr_line' id='line_1_38' title="bbox 214 1666 1075 1710; baseline -0.002 -9"><span class='ocrx_word' id='word_1_254' title='bbox 214 1680 271 1702; x_wconf 89' lang='lat' dir='ltr'><strong>cos</strong></span> <span class='ocrx_word' id='word_1_255' title='bbox 284 1693 293 1708; x_wconf 79' lang='grc'>,</span> <span class='ocrx_word' id='word_1_256' title='bbox 318 1679 391 1701; x_wconf 85' lang='lat' dir='ltr'><strong>cum</strong></span> <span class='ocrx_word' id='word_1_257' title='bbox 417 1669 530 1710; x_wconf 87' lang='lat' dir='ltr'><strong>quibus</strong></span> <span class='ocrx_word' id='word_1_258' title='bbox 555 1670 582 1700; x_wconf 91' lang='lat' dir='ltr'><strong>ei</strong></span> <span class='ocrx_word' id='word_1_259' title='bbox 603 1668 721 1700; x_wconf 85' lang='lat' dir='ltr'><strong>bellum</strong></span> <span class='ocrx_word' id='word_1_260' title='bbox 738 1667 803 1706; x_wconf 84' lang='lat' dir='ltr'><strong>est,</strong></span> <span class='ocrx_word' id='word_1_261' title='bbox 826 1666 914 1699; x_wconf 90' lang='lat' dir='ltr'><strong>forte</strong></span> <span class='ocrx_word' id='word_1_262' title='bbox 929 1666 1023 1698; x_wconf 87' lang='lat' dir='ltr'><strong>etiam</strong></span> <span class='ocrx_word' id='word_1_263' title='bbox 1044 1666 1075 1699; x_wconf 90' lang='lat' dir='ltr'><strong>in</strong></span> 
     </span>
     <span class='ocr_line' id='line_1_39' title="bbox 212 1707 1074 1754; baseline -0.003 -12"><span class='ocrx_word' id='word_1_264' title='bbox 212 1710 372 1754; x_wconf 86' lang='lat' dir='ltr'><strong>posterum</strong></span> <span class='ocrx_word' id='word_1_265' title='bbox 386 1710 494 1742; x_wconf 86' lang='lat' dir='ltr'><strong>usurus</strong></span> <span class='ocrx_word' id='word_1_266' title='bbox 511 1709 657 1742; x_wconf 84' lang='lat' dir='ltr'><strong>adversus</strong></span> <span class='ocrx_word' id='word_1_267' title='bbox 678 1708 802 1741; x_wconf 84' lang='lat' dir='ltr'><strong>nosmet</strong></span> <span class='ocrx_word' id='word_1_268' title='bbox 824 1707 927 1748; x_wconf 86' lang='lat' dir='ltr'><strong>ipsos,</strong></span> <span class='ocrx_word' id='word_1_269' title='bbox 952 1707 1074 1740; x_wconf 86' lang='lat' dir='ltr'><strong>constat</strong></span> 
     </span>
     <span class='ocr_line' id='line_1_40' title="bbox 214 1749 1073 1793; baseline -0.003 -10"><span class='ocrx_word' id='word_1_270' title='bbox 214 1753 297 1784; x_wconf 88' lang='lat' dir='ltr'><strong>enim</strong></span> <span class='ocrx_word' id='word_1_271' title='bbox 311 1776 319 1791; x_wconf 89' lang='lat'><strong>,</strong></span> <span class='ocrx_word' id='word_1_272' title='bbox 344 1752 429 1793; x_wconf 87' lang='lat' dir='ltr'><strong>quod</strong></span> <span class='ocrx_word' id='word_1_273' title='bbox 445 1752 481 1783; x_wconf 89' lang='lat' dir='ltr'><strong>ad</strong></span> <span class='ocrx_word' id='word_1_274' title='bbox 498 1752 627 1793; x_wconf 88' lang='lat' dir='ltr'><strong>primam</strong></span> <span class='ocrx_word' id='word_1_275' title='bbox 645 1750 800 1792; x_wconf 91' lang='lat' dir='ltr'><strong>speciem,</strong></span> <span class='ocrx_word' id='word_1_276' title='bbox 824 1750 985 1790; x_wconf 89' lang='lat' dir='ltr'><strong>utriusque</strong></span> <span class='ocrx_word' id='word_1_277' title='bbox 999 1749 1073 1780; x_wconf 92' lang='lat' dir='ltr'><strong>ami-</strong></span> 
     </span>
     <span class='ocr_line' id='line_1_41' title="bbox 215 1789 1073 1833; baseline -0.006 -7"><span class='ocrx_word' id='word_1_278' title='bbox 215 1804 255 1826; x_wconf 94' lang='lat' dir='ltr'><strong>co</strong></span> <span class='ocrx_word' id='word_1_279' title='bbox 276 1794 304 1825; x_wconf 70' lang='grc'><strong>8(</strong></span> <span class='ocrx_word' id='word_1_280' title='bbox 324 1792 402 1826; x_wconf 81' lang='lat' dir='ltr'><strong>hanc</strong></span> <span class='ocrx_word' id='word_1_281' title='bbox 419 1794 449 1825; x_wconf 68' lang='grc' dir='ltr'><strong>ὃς</strong></span> <span class='ocrx_word' id='word_1_282' title='bbox 465 1793 546 1825; x_wconf 88' lang='lat' dir='ltr'><strong>illam</strong></span> <span class='ocrx_word' id='word_1_283' title='bbox 566 1799 686 1833; x_wconf 84' lang='lat' dir='ltr'><strong>partem</strong></span> <span class='ocrx_word' id='word_1_284' title='bbox 703 1800 850 1832; x_wconf 88' lang='lat' dir='ltr'><strong>oportere</strong></span> <span class='ocrx_word' id='word_1_285' title='bbox 863 1789 973 1831; x_wconf 88' lang='lat' dir='ltr'><strong>justam</strong></span> <span class='ocrx_word' id='word_1_286' title='bbox 988 1790 1073 1822; x_wconf 90' lang='lat' dir='ltr'><strong>vide-</strong></span> 
     </span>
     <span class='ocr_line' id='line_1_42' title="bbox 214 1831 1072 1873; baseline -0.005 -6"><span class='ocrx_word' id='word_1_287' title='bbox 214 1836 251 1868; x_wconf 90' lang='lat' dir='ltr'><strong>ri.</strong></span> <span class='ocrx_word' id='word_1_288' title='bbox 295 1833 389 1873; x_wconf 86' lang='lat' dir='ltr'><strong>quue</strong></span> <span class='ocrx_word' id='word_1_289' title='bbox 413 1836 444 1865; x_wconf 92' lang='lat' dir='ltr'><strong>in</strong></span> <span class='ocrx_word' id='word_1_290' title='bbox 469 1832 684 1866; x_wconf 90' lang='lat' dir='ltr'><strong>instrumentis</strong></span> <span class='ocrx_word' id='word_1_291' title='bbox 706 1833 829 1864; x_wconf 90' lang='lat' dir='ltr'><strong>bellicis</strong></span> <span class='ocrx_word' id='word_1_292' title='bbox 856 1831 1072 1873; x_wconf 85' lang='lat' dir='ltr'><strong>comparandis</strong></span> 
     </span>
     <span class='ocr_line' id='line_1_43' title="bbox 213 1873 1072 1918; baseline -0.003 -11"><span class='ocrx_word' id='word_1_293' title='bbox 213 1876 311 1918; x_wconf 81' lang='lat' dir='ltr'><strong>vulgo</strong></span> <span class='ocrx_word' id='word_1_294' title='bbox 337 1875 515 1914; x_wconf 85' lang='lat' dir='ltr'><strong>servamus,</strong></span> <span class='ocrx_word' id='word_1_295' title='bbox 548 1882 582 1906; x_wconf 92' lang='lat' dir='ltr'><strong>ut</strong></span> <span class='ocrx_word' id='word_1_296' title='bbox 612 1883 647 1905; x_wconf 83' lang='grc'><strong>111</strong></span> <span class='ocrx_word' id='word_1_297' title='bbox 676 1874 759 1906; x_wconf 91' lang='lat' dir='ltr'><strong>enim</strong></span> <span class='ocrx_word' id='word_1_298' title='bbox 786 1884 821 1905; x_wconf 88' lang='lat' dir='ltr'><strong>ea</strong></span> <span class='ocrx_word' id='word_1_299' title='bbox 848 1873 885 1904; x_wconf 89' lang='lat' dir='ltr'><strong>ad</strong></span> <span class='ocrx_word' id='word_1_300' title='bbox 905 1882 1072 1914; x_wconf 88' lang='lat' dir='ltr'><strong>utrumque</strong></span> 
     </span>
     <span class='ocr_line' id='line_1_44' title="bbox 212 1914 1072 1954; baseline -0.006 -5"><span class='ocrx_word' id='word_1_301' title='bbox 212 1918 347 1949; x_wconf 88' lang='lat' dir='ltr'><strong>amicum</strong></span> <span class='ocrx_word' id='word_1_302' title='bbox 371 1926 436 1948; x_wconf 92' lang='lat' dir='ltr'><strong>non</strong></span> <span class='ocrx_word' id='word_1_303' title='bbox 464 1916 546 1948; x_wconf 67' lang='lat' dir='ltr'><strong>reste</strong></span> <span class='ocrx_word' id='word_1_304' title='bbox 566 1915 736 1954; x_wconf 86' lang='lat' dir='ltr'><strong>vehamus,</strong></span> <span class='ocrx_word' id='word_1_305' title='bbox 761 1914 823 1946; x_wconf 89' lang='lat' dir='ltr'><strong>fine</strong></span> <span class='ocrx_word' id='word_1_306' title='bbox 844 1914 953 1946; x_wconf 89' lang='lat' dir='ltr'><strong>fraude</strong></span> <span class='ocrx_word' id='word_1_307' title='bbox 969 1922 1072 1945; x_wconf 89' lang='lat' dir='ltr'><strong>tamen</strong></span> 
     </span>
     <span class='ocr_line' id='line_1_45' title="bbox 212 1955 1071 1998; baseline -0.001 -11"><span class='ocrx_word' id='word_1_308' title='bbox 212 1959 378 1990; x_wconf 86' lang='lat' dir='ltr'><strong>vendimus</strong></span> <span class='ocrx_word' id='word_1_309' title='bbox 402 1958 526 1998; x_wconf 89' lang='lat' dir='ltr'><strong>utrique</strong></span> <span class='ocrx_word' id='word_1_310' title='bbox 551 1958 677 1995; x_wconf 81' lang='lat' dir='ltr'><strong>amico,</strong></span> <span class='ocrx_word' id='word_1_311' title='bbox 700 1956 843 1998; x_wconf 89' lang='lat' dir='ltr'><strong>quamvis</strong></span> <span class='ocrx_word' id='word_1_312' title='bbox 857 1955 999 1988; x_wconf 89' lang='lat' dir='ltr'><strong>invicem</strong></span> <span class='ocrx_word' id='word_1_313' title='bbox 1017 1955 1071 1986; x_wconf 85' lang='lat' dir='ltr'><strong>ho-</strong></span> 
     </span>
     <span class='ocr_line' id='line_1_46' title="bbox 213 1997 1074 2038; baseline -0.005 -7"><span class='ocrx_word' id='word_1_314' title='bbox 213 1998 271 2037; x_wconf 87' lang='lat' dir='ltr'><strong>sti,</strong></span> <span class='ocrx_word' id='word_1_315' title='bbox 295 1999 325 2030; x_wconf 86' lang='lat'>&amp;</span> <span class='ocrx_word' id='word_1_316' title='bbox 354 1999 496 2038; x_wconf 91' lang='lat' dir='ltr'><strong>quamvis</strong></span> <span class='ocrx_word' id='word_1_317' title='bbox 523 1998 654 2030; x_wconf 90' lang='lat' dir='ltr'><strong>sciamus</strong></span> <span class='ocrx_word' id='word_1_318' title='bbox 670 2020 679 2036; x_wconf 92' lang='lat'><strong>,</strong></span> <span class='ocrx_word' id='word_1_319' title='bbox 703 1998 836 2029; x_wconf 89' lang='lat' dir='ltr'><strong>alterum</strong></span> <span class='ocrx_word' id='word_1_320' title='bbox 863 2004 974 2028; x_wconf 84' lang='lat' dir='ltr'><strong>contra</strong></span> <span class='ocrx_word' id='word_1_321' title='bbox 999 1997 1074 2028; x_wconf 91' lang='lat' dir='ltr'><strong>alte-</strong></span> 
     </span>
     <span class='ocr_line' id='line_1_47' title="bbox 213 2036 1073 2084; baseline -0.005 -12"><span class='ocrx_word' id='word_1_322' title='bbox 213 2049 283 2072; x_wconf 88' lang='lat' dir='ltr'><strong>rum</strong></span> <span class='ocrx_word' id='word_1_323' title='bbox 302 2039 349 2070; x_wconf 85' lang='lat' dir='ltr'><strong>his</strong></span> <span class='ocrx_word' id='word_1_324' title='bbox 371 2039 403 2070; x_wconf 91' lang='lat' dir='ltr'><strong>in</strong></span> <span class='ocrx_word' id='word_1_325' title='bbox 428 2039 512 2071; x_wconf 90' lang='lat' dir='ltr'><strong>bello</strong></span> <span class='ocrx_word' id='word_1_326' title='bbox 527 2039 590 2070; x_wconf 86' lang='lat' dir='ltr'><strong>effe</strong></span> <span class='ocrx_word' id='word_1_327' title='bbox 616 2037 750 2070; x_wconf 89' lang='lat' dir='ltr'><strong>usurum.</strong></span> <span class='ocrx_word' id='word_1_328' title='bbox 796 2037 893 2084; x_wconf 88' lang='lat' dir='ltr'><strong>Quod</strong></span> <span class='ocrx_word' id='word_1_329' title='bbox 911 2038 947 2068; x_wconf 86' lang='lat' dir='ltr'><strong>ad</strong></span> <span class='ocrx_word' id='word_1_330' title='bbox 966 2036 1073 2069; x_wconf 90' lang='lat' dir='ltr'><strong>secun-</strong></span> 
     </span>
     <span class='ocr_line' id='line_1_48' title="bbox 214 2077 1073 2120; baseline -0.003 -8"><span class='ocrx_word' id='word_1_331' title='bbox 214 2081 284 2112; x_wconf 87' lang='lat' dir='ltr'><strong>dam</strong></span> <span class='ocrx_word' id='word_1_332' title='bbox 304 2079 438 2120; x_wconf 88' lang='lat' dir='ltr'><strong>speciem</strong></span> <span class='ocrx_word' id='word_1_333' title='bbox 465 2080 580 2111; x_wconf 85' lang='lat' dir='ltr'><strong>attinet</strong></span> <span class='ocrx_word' id='word_1_334' title='bbox 602 2103 612 2118; x_wconf 92' lang='lat'><strong>‚</strong></span> <span class='ocrx_word' id='word_1_335' title='bbox 635 2085 767 2119; x_wconf 86' lang='lat' dir='ltr'><strong>oportet</strong></span> <span class='ocrx_word' id='word_1_336' title='bbox 793 2078 864 2110; x_wconf 89' lang='lat' dir='ltr'><strong>sane</strong></span> <span class='ocrx_word' id='word_1_337' title='bbox 889 2077 1073 2118; x_wconf 77' lang='lat' dir='ltr'><strong>praesentem</strong></span> 
     </span>
     <span class='ocr_line' id='line_1_49' title="bbox 214 2118 1072 2162; baseline -0.003 -9"><span class='ocrx_word' id='word_1_338' title='bbox 214 2120 414 2162; x_wconf 80' lang='lat' dir='ltr'><strong>Reipublicae</strong></span> <span class='ocrx_word' id='word_1_339' title='bbox 441 2119 554 2151; x_wconf 86' lang='lat' dir='ltr'><strong>statum</strong></span> <span class='ocrx_word' id='word_1_340' title='bbox 584 2120 715 2159; x_wconf 90' lang='lat' dir='ltr'><strong>intueri,</strong></span> <span class='ocrx_word' id='word_1_341' title='bbox 738 2128 798 2151; x_wconf 90' lang='lat' dir='ltr'><strong>nec</strong></span> <span class='ocrx_word' id='word_1_342' title='bbox 817 2126 938 2151; x_wconf 88' lang='lat' dir='ltr'><strong>tantum</strong></span> <span class='ocrx_word' id='word_1_343' title='bbox 955 2118 1072 2160; x_wconf 88' lang='lat' dir='ltr'><strong>prospi-</strong></span> 
     </span>
     <span class='ocr_line' id='line_1_50' title="bbox 214 2159 1077 2207; baseline -0.003 -13"><span class='ocrx_word' id='word_1_344' title='bbox 214 2172 287 2207; x_wconf 82' lang='lat' dir='ltr'><strong>cere</strong></span> <span class='ocrx_word' id='word_1_345' title='bbox 312 2162 344 2194; x_wconf 89' lang='lat' dir='ltr'><strong>in</strong></span> <span class='ocrx_word' id='word_1_346' title='bbox 364 2160 510 2193; x_wconf 86' lang='lat' dir='ltr'><strong>futurum</strong></span> <span class='ocrx_word' id='word_1_347' title='bbox 528 2183 538 2199; x_wconf 87' lang='lat'><strong>,</strong></span> <span class='ocrx_word' id='word_1_348' title='bbox 569 2170 670 2201; x_wconf 89' lang='lat' dir='ltr'><strong>neque</strong></span> <span class='ocrx_word' id='word_1_349' title='bbox 702 2160 784 2192; x_wconf 91' lang='lat' dir='ltr'><strong>enim</strong></span> <span class='ocrx_word' id='word_1_350' title='bbox 808 2159 946 2202; x_wconf 88' lang='lat' dir='ltr'><strong>Principi</strong></span> <span class='ocrx_word' id='word_1_351' title='bbox 973 2162 1077 2192; x_wconf 86' lang='lat' dir='ltr'><strong>amico</strong></span> 
     </span>
     <span class='ocr_line' id='line_1_51' title="bbox 214 2200 1076 2243; baseline -0.005 -7"><span class='ocrx_word' id='word_1_352' title='bbox 214 2202 432 2236; x_wconf 86' lang='lat' dir='ltr'><strong>interdicimus</strong></span> <span class='ocrx_word' id='word_1_353' title='bbox 454 2203 535 2243; x_wconf 90' lang='lat' dir='ltr'><strong>apud</strong></span> <span class='ocrx_word' id='word_1_354' title='bbox 559 2211 617 2234; x_wconf 90' lang='lat' dir='ltr'><strong>nos</strong></span> <span class='ocrx_word' id='word_1_355' title='bbox 637 2210 818 2242; x_wconf 89' lang='lat' dir='ltr'><strong>comparare</strong></span> <span class='ocrx_word' id='word_1_356' title='bbox 834 2202 996 2243; x_wconf 91' lang='lat' dir='ltr'><strong>pulverem</strong></span> <span class='ocrx_word' id='word_1_357' title='bbox 1013 2200 1076 2232; x_wconf 93' lang='lat' dir='ltr'><strong>bel-</strong></span> 
     </span>
     <span class='ocr_line' id='line_1_52' title="bbox 213 2242 1075 2284; baseline -0.005 -7"><span class='ocrx_word' id='word_1_358' title='bbox 213 2246 332 2284; x_wconf 84' lang='lat' dir='ltr'><strong>licum,</strong></span> <span class='ocrx_word' id='word_1_359' title='bbox 355 2253 439 2276; x_wconf 87' lang='lat' dir='ltr'><strong>arma</strong></span> <span class='ocrx_word' id='word_1_360' title='bbox 473 2243 631 2281; x_wconf 89' lang='lat' dir='ltr'><strong>militum,</strong></span> <span class='ocrx_word' id='word_1_361' title='bbox 656 2243 687 2275; x_wconf 73' lang='lat' dir='ltr'><strong>&lt;St</strong></span> <span class='ocrx_word' id='word_1_362' title='bbox 710 2242 853 2284; x_wconf 90' lang='lat' dir='ltr'><strong>reliqua,</strong></span> <span class='ocrx_word' id='word_1_363' title='bbox 882 2251 1014 2283; x_wconf 88' lang='lat' dir='ltr'><strong>quorum</strong></span> <span class='ocrx_word' id='word_1_364' title='bbox 1043 2242 1075 2273; x_wconf 91' lang='lat' dir='ltr'><strong>in</strong></span> 
     </span>
     <span class='ocr_line' id='line_1_53' title="bbox 215 2282 1076 2325; baseline -0.005 -7"><span class='ocrx_word' id='word_1_365' title='bbox 215 2287 303 2319; x_wconf 90' lang='lat' dir='ltr'><strong>bello</strong></span> <span class='ocrx_word' id='word_1_366' title='bbox 319 2284 389 2317; x_wconf 87' lang='lat' dir='ltr'><strong>usus</strong></span> <span class='ocrx_word' id='word_1_367' title='bbox 409 2283 464 2317; x_wconf 90' lang='lat' dir='ltr'><strong>est.</strong></span> <span class='ocrx_word' id='word_1_368' title='bbox 480 2284 586 2316; x_wconf 86' lang='lat' dir='ltr'><strong>Poffet</strong></span> <span class='ocrx_word' id='word_1_369' title='bbox 603 2284 711 2325; x_wconf 89' lang='lat' dir='ltr'><strong>utique</strong></span> <span class='ocrx_word' id='word_1_370' title='bbox 729 2283 782 2316; x_wconf 89' lang='lat' dir='ltr'><strong>ille</strong></span> <span class='ocrx_word' id='word_1_371' title='bbox 796 2282 947 2324; x_wconf 87' lang='lat' dir='ltr'><strong>Princeps</strong></span> <span class='ocrx_word' id='word_1_372' title='bbox 958 2305 968 2322; x_wconf 89' lang='lat'><strong>,</strong></span> <span class='ocrx_word' id='word_1_373' title='bbox 991 2292 1076 2315; x_wconf 89' lang='lat' dir='ltr'><strong>nune</strong></span> 
     </span>
     <span class='ocr_line' id='line_1_54' title="bbox 215 2324 1074 2367; baseline -0.005 -8"><span class='ocrx_word' id='word_1_374' title='bbox 215 2328 355 2365; x_wconf 77' lang='lat' dir='ltr'><strong>amicus,</strong></span> <span class='ocrx_word' id='word_1_375' title='bbox 380 2327 486 2367; x_wconf 80' lang='lat' dir='ltr'><strong>postea</strong></span> <span class='ocrx_word' id='word_1_376' title='bbox 508 2324 605 2358; x_wconf 91' lang='lat' dir='ltr'><strong>hostis</strong></span> <span class='ocrx_word' id='word_1_377' title='bbox 624 2349 633 2363; x_wconf 92' lang='lat'><strong>‚</strong></span> <span class='ocrx_word' id='word_1_378' title='bbox 658 2335 698 2357; x_wconf 94' lang='lat' dir='ltr'><strong>eo</strong></span> <span class='ocrx_word' id='word_1_379' title='bbox 727 2325 876 2365; x_wconf 84' lang='lat' dir='ltr'><strong>pulvere,</strong></span> <span class='ocrx_word' id='word_1_380' title='bbox 899 2324 938 2357; x_wconf 90' lang='lat' dir='ltr'><strong>iis</strong></span> <span class='ocrx_word' id='word_1_381' title='bbox 961 2324 1074 2362; x_wconf 89' lang='lat' dir='ltr'><strong>armis,</strong></span> 
     </span>
     <span class='ocr_line' id='line_1_55' title="bbox 213 2364 1075 2409; baseline -0.005 -9"><span class='ocrx_word' id='word_1_382' title='bbox 213 2369 344 2409; x_wconf 88' lang='lat' dir='ltr'><strong>aliisque</strong></span> <span class='ocrx_word' id='word_1_383' title='bbox 371 2366 582 2400; x_wconf 78' lang='lat' dir='ltr'><strong>instrumentis</strong></span> <span class='ocrx_word' id='word_1_384' title='bbox 605 2366 728 2399; x_wconf 87' lang='lat' dir='ltr'><strong>bellicis</strong></span> <span class='ocrx_word' id='word_1_385' title='bbox 752 2366 847 2398; x_wconf 83' lang='lat' dir='ltr'><strong>etiam</strong></span> <span class='ocrx_word' id='word_1_386' title='bbox 864 2366 895 2398; x_wconf 90' lang='lat' dir='ltr'><strong>in</strong></span> <span class='ocrx_word' id='word_1_387' title='bbox 920 2364 1075 2406; x_wconf 88' lang='lat' dir='ltr'><strong>posterum</strong></span> 
     </span>
     <span class='ocr_line' id='line_1_56' title="bbox 220 2405 1076 2448; baseline -0.005 -7"><span class='ocrx_word' id='word_1_388' title='bbox 220 2411 267 2441; x_wconf 89' lang='lat' dir='ltr'><strong>uti</strong></span> <span class='ocrx_word' id='word_1_389' title='bbox 291 2407 438 2441; x_wconf 85' lang='lat' dir='ltr'><strong>adversus</strong></span> <span class='ocrx_word' id='word_1_390' title='bbox 463 2407 587 2440; x_wconf 84' lang='lat' dir='ltr'><strong>nosmet</strong></span> <span class='ocrx_word' id='word_1_391' title='bbox 612 2407 718 2448; x_wconf 83' lang='lat' dir='ltr'><strong>ipsos,</strong></span> <span class='ocrx_word' id='word_1_392' title='bbox 744 2405 814 2447; x_wconf 88' lang='lat' dir='ltr'><strong>sed,</strong></span> <span class='ocrx_word' id='word_1_393' title='bbox 839 2415 874 2438; x_wconf 91' lang='lat' dir='ltr'><strong>ut</strong></span> <span class='ocrx_word' id='word_1_394' title='bbox 889 2407 975 2446; x_wconf 86' lang='lat' dir='ltr'><strong>dixi,</strong></span> <span class='ocrx_word' id='word_1_395' title='bbox 999 2416 1076 2447; x_wconf 87' lang='lat' dir='ltr'><strong>prae-</strong></span> 
     </span>
     <span class='ocr_line' id='line_1_57' title="bbox 218 2447 1079 2491; baseline -0.005 -9"><span class='ocrx_word' id='word_1_396' title='bbox 218 2450 287 2482; x_wconf 87' lang='lat' dir='ltr'><strong>sens</strong></span> <span class='ocrx_word' id='word_1_397' title='bbox 305 2449 499 2491; x_wconf 86' lang='lat' dir='ltr'><strong>Reipublicae</strong></span> <span class='ocrx_word' id='word_1_398' title='bbox 510 2449 606 2482; x_wconf 87' lang='lat' dir='ltr'><strong>status</strong></span> <span class='ocrx_word' id='word_1_399' title='bbox 621 2447 787 2480; x_wconf 85' lang='lat' dir='ltr'><strong>intuendus</strong></span> <span class='ocrx_word' id='word_1_400' title='bbox 801 2447 866 2487; x_wconf 85' lang='lat' dir='ltr'><strong>est,</strong></span> <span class='ocrx_word' id='word_1_401' title='bbox 883 2448 933 2488; x_wconf 70' lang='grc' dir='ltr'><strong>ἀ,</strong></span> <span class='ocrx_word' id='word_1_402' title='bbox 944 2447 1000 2480; x_wconf 91' lang='lat' dir='ltr'><strong>nifi</strong></span> <span class='ocrx_word' id='word_1_403' title='bbox 1015 2448 1079 2479; x_wconf 91' lang='lat' dir='ltr'><strong>hoc</strong></span> 
     </span>
     <span class='ocr_line' id='line_1_58' title="bbox 217 2488 1079 2532; baseline -0.003 -10"><span class='ocrx_word' id='word_1_404' title='bbox 217 2490 272 2523; x_wconf 85' lang='lat' dir='ltr'><strong>fiat</strong></span> <span class='ocrx_word' id='word_1_405' title='bbox 290 2515 298 2530; x_wconf 91' lang='lat'><strong>,</strong></span> <span class='ocrx_word' id='word_1_406' title='bbox 323 2500 426 2532; x_wconf 90' lang='lat' dir='ltr'><strong>neque</strong></span> <span class='ocrx_word' id='word_1_407' title='bbox 449 2491 532 2530; x_wconf 82' lang='lat' dir='ltr'><strong>leges</strong></span> <span class='ocrx_word' id='word_1_408' title='bbox 556 2490 705 2521; x_wconf 83' lang='lat' dir='ltr'><strong>amicitiae</strong></span> <span class='ocrx_word' id='word_1_409' title='bbox 732 2488 945 2529; x_wconf 88' lang='lat' dir='ltr'><strong>constabunt,</strong></span> <span class='ocrx_word' id='word_1_410' title='bbox 977 2497 1079 2529; x_wconf 87' lang='lat' dir='ltr'><strong>neque</strong></span> 
     </span>
     <span class='ocr_line' id='line_1_59' title="bbox 221 2529 1077 2604; baseline 0 -41"><span class='ocrx_word' id='word_1_411' title='bbox 221 2531 370 2604; x_wconf 51' lang='grc' dir='ltr'><strong>Ιῖῗόει-τι,</strong></span> <span class='ocrx_word' id='word_1_412' title='bbox 395 2540 462 2572; x_wconf 89' lang='lat' dir='ltr'><strong>quae</strong></span> <span class='ocrx_word' id='word_1_413' title='bbox 481 2532 565 2563; x_wconf 88' lang='lat' dir='ltr'><strong>inter</strong></span> <span class='ocrx_word' id='word_1_414' title='bbox 589 2531 754 2572; x_wconf 84' lang='lat' dir='ltr'><strong>plerosque</strong></span> <span class='ocrx_word' id='word_1_415' title='bbox 773 2529 798 2563; x_wconf 93' lang='lat' dir='ltr'>F</span> <span class='ocrx_word' id='word_1_416' title='bbox 800 2530 957 2564; x_wconf 88' lang='lat' dir='ltr'><strong>oederatos</strong></span> <span class='ocrx_word' id='word_1_417' title='bbox 984 2530 1077 2564; x_wconf 85' lang='lat' dir='ltr'><strong>inter-</strong></span> 
     </span>
     <span class='ocr_line' id='line_1_60' title="bbox 215 2580 343 2605; baseline -0.016 0"><span class='ocrx_word' id='word_1_418' title='bbox 215 2582 253 2605; x_wconf 86' lang='lat' dir='ltr'><strong>ce</strong></span> <span class='ocrx_word' id='word_1_419' title='bbox 277 2580 343 2604; x_wconf 89' lang='lat' dir='ltr'><strong>unt.</strong></span> 
     </span>
    </p>
   </div>
   <div class='ocr_carea' id='block_1_3' title="bbox 213 115 1040 154">
    <p class='ocr_par' dir='ltr' id='par_1_4' title="bbox 213 115 1040 154">
     <span class='ocr_line' id='line_1_61' title="bbox 213 115 1040 154; baseline -0.004 -10"><span class='ocrx_word' id='word_1_420' title='bbox 213 119 283 154; x_wconf 77' lang='lat'><strong>232</strong></span> <span class='ocrx_word' id='word_1_421' title='bbox 931 115 1040 142; x_wconf 64' lang='lat' dir='ltr'><strong>van</strong></span> 
     </span>
    </p>
   </div>
   <div class='ocr_carea' id='block_1_4' title="bbox 1112 104 1708 142">
    <p class='ocr_par' dir='ltr' id='par_1_5' title="bbox 1112 104 1708 142">
     <span class='ocr_line' id='line_1_62' title="bbox 1112 104 1708 142; baseline 0 -1"><span class='ocrx_word' id='word_1_422' title='bbox 1112 104 1708 142; x_wconf 83' lang='lat' dir='ltr'><strong>BYNKERSHOEK</strong></span> 
     </span>
    </p>
   </div>
   <div class='ocr_carea' id='block_1_5' title="bbox 1111 184 2008 2609">
    <p class='ocr_par' dir='ltr' id='par_1_6' title="bbox 1111 184 2008 673">
     <span class='ocr_line' id='line_1_63' title="bbox 1155 184 2005 233; baseline 0.005 -16"><span class='ocrx_word' id='word_1_423' title='bbox 1155 185 1250 233; x_wconf 89' lang='lat' dir='ltr'><strong>Quod</strong></span> <span class='ocrx_word' id='word_1_424' title='bbox 1274 186 1349 226; x_wconf 83' lang='lat' dir='ltr'><strong>J‘uris</strong></span> <span class='ocrx_word' id='word_1_425' title='bbox 1368 185 1413 218; x_wconf 87' lang='lat' dir='ltr'><strong>est</strong></span> <span class='ocrx_word' id='word_1_426' title='bbox 1433 185 1465 218; x_wconf 93' lang='lat' dir='ltr'><strong>in</strong></span> <span class='ocrx_word' id='word_1_427' title='bbox 1485 185 1698 219; x_wconf 89' lang='lat' dir='ltr'><strong>instrumentis</strong></span> <span class='ocrx_word' id='word_1_428' title='bbox 1719 185 1841 219; x_wconf 86' lang='lat' dir='ltr'><strong>bellicis</strong></span> <span class='ocrx_word' id='word_1_429' title='bbox 1857 211 1866 227; x_wconf 90' lang='lat'>‚</span> <span class='ocrx_word' id='word_1_430' title='bbox 1889 189 1968 226; x_wconf 83' lang='lat' dir='ltr'><strong>idem</strong></span> <span class='ocrx_word' id='word_1_431' title='bbox 1994 184 2005 223; x_wconf 73' lang='grc'><strong>’1</strong></span> 
     </span>
     <span class='ocr_line' id='line_1_64' title="bbox 1112 225 2008 271; baseline 0.004 -13"><span class='ocrx_word' id='word_1_432' title='bbox 1112 226 1174 258; x_wconf 76' lang='lat' dir='ltr'><strong>esse</strong></span> <span class='ocrx_word' id='word_1_433' title='bbox 1200 235 1278 268; x_wconf 85' lang='lat' dir='ltr'><strong>puto</strong></span> <span class='ocrx_word' id='word_1_434' title='bbox 1300 227 1332 259; x_wconf 87' lang='lat' dir='ltr'><strong>in</strong></span> <span class='ocrx_word' id='word_1_435' title='bbox 1358 227 1511 259; x_wconf 87' lang='lat' dir='ltr'><strong>militibus</strong></span> <span class='ocrx_word' id='word_1_436' title='bbox 1546 227 1626 268; x_wconf 87' lang='lat' dir='ltr'><strong>apud</strong></span> <span class='ocrx_word' id='word_1_437' title='bbox 1656 227 1790 259; x_wconf 84' lang='lat' dir='ltr'><strong>amicum</strong></span> <span class='ocrx_word' id='word_1_438' title='bbox 1819 228 1969 271; x_wconf 85' lang='lat' dir='ltr'><strong>Populum</strong></span> <span class='ocrx_word' id='word_1_439' title='bbox 1990 225 2008 253; x_wconf 76' lang='lat'><strong>&#39;³</strong></span> 
     </span>
     <span class='ocr_line' id='line_1_65' title="bbox 1112 267 1969 309; baseline 0.006 -10"><span class='ocrx_word' id='word_1_440' title='bbox 1112 268 1348 309; x_wconf 88' lang='lat' dir='ltr'><strong>comparandis,</strong></span> <span class='ocrx_word' id='word_1_441' title='bbox 1376 267 1431 300; x_wconf 91' lang='lat' dir='ltr'><strong>nifi</strong></span> <span class='ocrx_word' id='word_1_442' title='bbox 1458 269 1489 300; x_wconf 91' lang='lat' dir='ltr'><strong>in</strong></span> <span class='ocrx_word' id='word_1_443' title='bbox 1517 277 1595 309; x_wconf 91' lang='lat' dir='ltr'><strong>pace</strong></span> <span class='ocrx_word' id='word_1_444' title='bbox 1617 269 1802 300; x_wconf 89' lang='lat' dir='ltr'><strong>convenerit</strong></span> <span class='ocrx_word' id='word_1_445' title='bbox 1820 291 1830 308; x_wconf 90' lang='lat'><em>‚</em></span> <span class='ocrx_word' id='word_1_446' title='bbox 1861 280 1900 302; x_wconf 92' lang='lat' dir='ltr'><strong>ne</strong></span> <span class='ocrx_word' id='word_1_447' title='bbox 1919 274 1969 306; x_wconf 93' lang='lat' dir='ltr'><strong>vel</strong></span> 
     </span>
     <span class='ocr_line' id='line_1_66' title="bbox 1112 308 1969 350; baseline 0.007 -11"><span class='ocrx_word' id='word_1_448' title='bbox 1112 309 1164 340; x_wconf 91' lang='lat' dir='ltr'><strong>uni</strong></span> <span class='ocrx_word' id='word_1_449' title='bbox 1174 309 1225 341; x_wconf 91' lang='lat' dir='ltr'><strong>vel</strong></span> <span class='ocrx_word' id='word_1_450' title='bbox 1235 310 1359 350; x_wconf 85' lang='lat' dir='ltr'><strong>utrique</strong></span> <span class='ocrx_word' id='word_1_451' title='bbox 1370 310 1401 341; x_wconf 92' lang='lat' dir='ltr'><strong>id</strong></span> <span class='ocrx_word' id='word_1_452' title='bbox 1413 308 1518 340; x_wconf 86' lang='lat' dir='ltr'><strong>facere</strong></span> <span class='ocrx_word' id='word_1_453' title='bbox 1529 310 1650 341; x_wconf 90' lang='lat' dir='ltr'><strong>liceret.</strong></span> <span class='ocrx_word' id='word_1_454' title='bbox 1660 308 1711 340; x_wconf 90' lang='lat' dir='ltr'><strong>Sic</strong></span> <span class='ocrx_word' id='word_1_455' title='bbox 1722 308 1754 340; x_wconf 91' lang='lat' dir='ltr'><strong>in</strong></span> <span class='ocrx_word' id='word_1_456' title='bbox 1766 308 1895 343; x_wconf 84' lang='lat' dir='ltr'><strong>Foedere</strong></span> <span class='ocrx_word' id='word_1_457' title='bbox 1908 312 1969 345; x_wconf 93' lang='lat' dir='ltr'><strong>Ro-</strong></span> 
     </span>
     <span class='ocr_line' id='line_1_67' title="bbox 1111 349 1999 395; baseline 0.005 -14"><span class='ocrx_word' id='word_1_458' title='bbox 1111 359 1274 382; x_wconf 88' lang='lat' dir='ltr'><strong>manorum</strong></span> <span class='ocrx_word' id='word_1_459' title='bbox 1291 360 1363 382; x_wconf 92' lang='lat' dir='ltr'><strong>curn</strong></span> <span class='ocrx_word' id='word_1_460' title='bbox 1379 350 1541 382; x_wconf 87' lang='lat' dir='ltr'><strong>Antiocho</strong></span> <span class='ocrx_word' id='word_1_461' title='bbox 1553 350 1575 389; x_wconf 38' lang='lat'><strong>,*</strong></span> <span class='ocrx_word' id='word_1_462' title='bbox 1589 349 1750 381; x_wconf 88' lang='lat' dir='ltr'><strong>Antiocho</strong></span> <span class='ocrx_word' id='word_1_463' title='bbox 1776 350 1826 385; x_wconf 83' lang='lat' dir='ltr'><strong>lex</strong></span> <span class='ocrx_word' id='word_1_464' title='bbox 1849 352 1968 395; x_wconf 85' lang='lat' dir='ltr'><strong>impofi-</strong></span> <span class='ocrx_word' id='word_1_465' title='bbox 1997 371 1999 373; x_wconf 89' lang='lat'><em>-</em></span> 
     </span>
     <span class='ocr_line' id='line_1_68' title="bbox 1113 391 1970 436; baseline 0.006 -14"><span class='ocrx_word' id='word_1_466' title='bbox 1113 400 1161 430; x_wconf 89' lang='lat' dir='ltr'><strong>ta,</strong></span> <span class='ocrx_word' id='word_1_467' title='bbox 1186 392 1319 423; x_wconf 88' lang='lat' dir='ltr'><strong>militem</strong></span> <span class='ocrx_word' id='word_1_468' title='bbox 1338 392 1369 423; x_wconf 91' lang='lat' dir='ltr'><strong>in</strong></span> <span class='ocrx_word' id='word_1_469' title='bbox 1386 391 1522 433; x_wconf 90' lang='lat' dir='ltr'><strong>Imperio</strong></span> <span class='ocrx_word' id='word_1_470' title='bbox 1537 391 1684 423; x_wconf 91' lang='lat' dir='ltr'><strong>Romano</strong></span> <span class='ocrx_word' id='word_1_471' title='bbox 1706 400 1767 422; x_wconf 92' lang='lat' dir='ltr'><strong>con</strong></span> <span class='ocrx_word' id='word_1_472' title='bbox 1792 394 1900 426; x_wconf 91' lang='lat' dir='ltr'><strong>ucendi</strong></span> <span class='ocrx_word' id='word_1_473' title='bbox 1922 395 1970 436; x_wconf 81' lang='lat' dir='ltr'><strong>jus</strong></span> 
     </span>
     <span class='ocr_line' id='line_1_69' title="bbox 1112 431 1968 473; baseline 0.005 -10"><span class='ocrx_word' id='word_1_474' title='bbox 1112 442 1152 463; x_wconf 91' lang='lat' dir='ltr'><strong>ne</strong></span> <span class='ocrx_word' id='word_1_475' title='bbox 1167 432 1262 471; x_wconf 84' lang='lat' dir='ltr'><strong>ess&#39;et,</strong></span> <span class='ocrx_word' id='word_1_476' title='bbox 1289 440 1323 464; x_wconf 91' lang='lat' dir='ltr'><strong>ut</strong></span> <span class='ocrx_word' id='word_1_477' title='bbox 1344 431 1389 464; x_wconf 91' lang='lat' dir='ltr'><strong>est</strong></span> <span class='ocrx_word' id='word_1_478' title='bbox 1405 433 1486 473; x_wconf 85' lang='lat' dir='ltr'><strong>apud</strong></span> <span class='ocrx_word' id='word_1_479' title='bbox 1502 432 1631 464; x_wconf 87' lang='lat' dir='ltr'><strong>Livium</strong></span> <span class='ocrx_word' id='word_1_480' title='bbox 1656 431 1697 463; x_wconf 91' lang='lat' dir='ltr'><strong>L.</strong></span> <span class='ocrx_word' id='word_1_481' title='bbox 1717 432 1748 464; x_wconf 83' lang='lat' dir='ltr'>X</span> <span class='ocrx_word' id='word_1_482' title='bbox 1788 433 1908 467; x_wconf 85' lang='lat' dir='ltr'>XVIII.</span> <span class='ocrx_word' id='word_1_483' title='bbox 1934 437 1968 471; x_wconf 88' lang='lat' dir='ltr'><strong>C.</strong></span> 
     </span>
     <span class='ocr_line' id='line_1_70' title="bbox 1111 473 1968 515; baseline 0.004 -11"><span class='ocrx_word' id='word_1_484' title='bbox 1111 478 1163 515; x_wconf 83' lang='lat'><strong>38.</strong></span> <span class='ocrx_word' id='word_1_485' title='bbox 1189 474 1228 505; x_wconf 85' lang='lat'><strong>&amp;⁴</strong></span> <span class='ocrx_word' id='word_1_486' title='bbox 1240 473 1409 515; x_wconf 88' lang='lat' dir='ltr'><strong>Polybium</strong></span> <span class='ocrx_word' id='word_1_487' title='bbox 1445 474 1586 514; x_wconf 76' lang='lat' dir='ltr'><strong>Excerpr.</strong></span> <span class='ocrx_word' id='word_1_488' title='bbox 1615 473 1724 514; x_wconf 71' lang='lat' dir='ltr'><strong>Legat.</strong></span> <span class='ocrx_word' id='word_1_489' title='bbox 1761 474 1791 505; x_wconf 92' lang='lat' dir='ltr'><strong>C.</strong></span> <span class='ocrx_word' id='word_1_490' title='bbox 1825 474 1968 512; x_wconf 85' lang='lat' dir='ltr'>XXXV,</span> 
     </span>
     <span class='ocr_line' id='line_1_71' title="bbox 1112 514 1970 596; baseline 0.006 -9"><span class='ocrx_word' id='word_1_491' title='bbox 1112 515 1304 588; x_wconf 38' lang='lat'><strong>&amp;3333</strong></span> <span class='ocrx_word' id='word_1_492' title='bbox 1319 514 1712 596; x_wconf 57' lang='lat' dir='ltr'><strong>ssl³313³3ss33-&lt;{¹¹5{e³⁰ss⁹l1-1f?</strong></span> <span class='ocrx_word' id='word_1_493' title='bbox 1714 514 1799 587; x_wconf 57' lang='lat'><strong>‘¹333</strong></span> <span class='ocrx_word' id='word_1_494' title='bbox 1805 516 1970 592; x_wconf 49' lang='lat' dir='ltr'><strong>sssnloefiss‘</strong></span> 
     </span>
     <span class='ocr_line' id='line_1_72' title="bbox 1243 565 1968 673; baseline 0.006 -4.24"><span class='ocrx_word' id='word_1_495' title='bbox 1243 565 1968 673; x_wconf 50' lang='lat' dir='ltr'><strong>‘lenzenzssesif0sierenei*-</strong></span> 
     </span>
    </p>

    <p class='ocr_par' dir='ltr' id='par_1_7' title="bbox 1113 653 2008 875">
     <span class='ocr_line' id='line_1_73' title="bbox 1817 653 1968 674; baseline 0.02 -3"><span class='ocrx_word' id='word_1_496' title='bbox 1817 664 1824 671; x_wconf 91' lang='lat'><strong>.</strong></span> <span class='ocrx_word' id='word_1_497' title='bbox 1936 653 1968 674; x_wconf 84' lang='lat' dir='ltr'><strong>io</strong></span> 
     </span>
     <span class='ocr_line' id='line_1_74' title="bbox 1113 677 1969 718; baseline 0.006 -8"><span class='ocrx_word' id='word_1_498' title='bbox 1113 677 1253 710; x_wconf 87' lang='lat' dir='ltr'><strong>Foederis</strong></span> <span class='ocrx_word' id='word_1_499' title='bbox 1279 687 1492 718; x_wconf 85' lang='lat' dir='ltr'><strong>convenerat,</strong></span> <span class='ocrx_word' id='word_1_500' title='bbox 1525 689 1564 710; x_wconf 93' lang='lat' dir='ltr'><strong>ne</strong></span> <span class='ocrx_word' id='word_1_501' title='bbox 1589 680 1666 711; x_wconf 87' lang='lat' dir='ltr'><strong>alter</strong></span> <span class='ocrx_word' id='word_1_502' title='bbox 1697 678 1823 712; x_wconf 87' lang='lat' dir='ltr'><strong>alterius</strong></span> <span class='ocrx_word' id='word_1_503' title='bbox 1849 681 1969 716; x_wconf 84' lang='lat' dir='ltr'><strong>hostem</strong></span> 
     </span>
     <span class='ocr_line' id='line_1_75' title="bbox 1113 719 2008 801; baseline 0.003 -9"><span class='ocrx_word' id='word_1_504' title='bbox 1113 719 1582 801; x_wconf 50' lang='grc' dir='ltr'><strong>Εῗςωὶἓῧὸῑὲῃὶῗέἓὲῗ’ρὲῗέξῖ</strong></span> <span class='ocrx_word' id='word_1_505' title='bbox 1605 719 1894 794; x_wconf 48' lang='lat' dir='ltr'><strong>{gfficffigssgssgg</strong></span> <span class='ocrx_word' id='word_1_506' title='bbox 1912 723 1970 781; x_wconf 29' lang='lat' dir='ltr'><strong>‘sed</strong></span> <span class='ocrx_word' id='word_1_507' title='bbox 2007 720 2008 731; x_wconf 38' lang='lat'>¹</span> 
     </span>
     <span class='ocr_line' id='line_1_76' title="bbox 1113 770 1972 875; baseline 0.006 -43"><span class='ocrx_word' id='word_1_508' title='bbox 1113 801 1360 875; x_wconf 49' lang='lat' dir='ltr'><strong>lquodsalioquin</strong></span> <span class='ocrx_word' id='word_1_509' title='bbox 1387 801 1458 842; x_wconf 88' lang='lat' dir='ltr'><strong>Jure</strong></span> <span class='ocrx_word' id='word_1_510' title='bbox 1484 770 1637 834; x_wconf 57' lang='lat' dir='ltr'><strong>Gentilim</strong></span> <span class='ocrx_word' id='word_1_511' title='bbox 1657 783 1801 835; x_wconf 74' lang='lat' dir='ltr'><strong>oinnibus</strong></span> <span class='ocrx_word' id='word_1_512' title='bbox 1824 773 1972 848; x_wconf 49' lang='lat' dir='ltr'><strong>Prixegiegi,</strong></span> 
     </span>
     <span class='ocr_line' id='line_1_77' title="bbox 1137 852 1280 875; baseline 0 -1"><span class='ocrx_word' id='word_1_513' title='bbox 1137 853 1170 875; x_wconf 88' lang='lat' dir='ltr'><strong>us</strong></span> <span class='ocrx_word' id='word_1_514' title='bbox 1205 852 1280 875; x_wconf 89' lang='lat' dir='ltr'><strong>icet.</strong></span> 
     </span>
    </p>

    <p class='ocr_par' dir='ltr' id='par_1_8' title="bbox 1113 884 1975 1533">
     <span class='ocr_line' id='line_1_78' title="bbox 1156 884 1971 930; baseline 0.005 -14"><span class='ocrx_word' id='word_1_515' title='bbox 1156 884 1191 916; x_wconf 90' lang='lat' dir='ltr'><strong>In</strong></span> <span class='ocrx_word' id='word_1_516' title='bbox 1213 884 1383 930; x_wconf 84' lang='lat' dir='ltr'><strong>Hollandia</strong></span> <span class='ocrx_word' id='word_1_517' title='bbox 1398 893 1500 917; x_wconf 85' lang='lat' dir='ltr'><strong>tamen</strong></span> <span class='ocrx_word' id='word_1_518' title='bbox 1517 885 1546 917; x_wconf 88' lang='lat'>&amp;</span> <span class='ocrx_word' id='word_1_519' title='bbox 1565 885 1690 927; x_wconf 91' lang='lat' dir='ltr'><strong>reliquo</strong></span> <span class='ocrx_word' id='word_1_520' title='bbox 1701 885 1811 927; x_wconf 85' lang='lat' dir='ltr'><strong>Belgio</strong></span> <span class='ocrx_word' id='word_1_521' title='bbox 1830 886 1971 921; x_wconf 87' lang='lat' dir='ltr'><strong>Foedera-</strong></span> 
     </span>
     <span class='ocr_line' id='line_1_79' title="bbox 1114 926 1969 972; baseline 0.005 -15"><span class='ocrx_word' id='word_1_522' title='bbox 1114 933 1149 957; x_wconf 92' lang='lat' dir='ltr'><strong>to</strong></span> <span class='ocrx_word' id='word_1_523' title='bbox 1165 927 1194 958; x_wconf 86' lang='lat'>&amp;</span> <span class='ocrx_word' id='word_1_524' title='bbox 1211 926 1289 972; x_wconf 82' lang='lat' dir='ltr'><strong>olim</strong></span> <span class='ocrx_word' id='word_1_525' title='bbox 1310 926 1437 957; x_wconf 89' lang='lat' dir='ltr'><strong>videtur</strong></span> <span class='ocrx_word' id='word_1_526' title='bbox 1458 926 1626 959; x_wconf 80' lang='lat' dir='ltr'><strong>obtinuisse</strong></span> <span class='ocrx_word' id='word_1_527' title='bbox 1641 949 1651 965; x_wconf 89' lang='lat'><strong>,</strong></span> <span class='ocrx_word' id='word_1_528' title='bbox 1674 927 1703 959; x_wconf 69' lang='grc' dir='ltr'><strong>ἃ</strong></span> <span class='ocrx_word' id='word_1_529' title='bbox 1726 936 1810 959; x_wconf 90' lang='lat' dir='ltr'><strong>nunc</strong></span> <span class='ocrx_word' id='word_1_530' title='bbox 1828 928 1969 970; x_wconf 85' lang='lat' dir='ltr'><strong>obtinet,</strong></span> 
     </span>
     <span class='ocr_line' id='line_1_80' title="bbox 1113 967 1971 1007; baseline 0.006 -10"><span class='ocrx_word' id='word_1_531' title='bbox 1113 976 1152 997; x_wconf 88' lang='lat' dir='ltr'><strong>ne</strong></span> <span class='ocrx_word' id='word_1_532' title='bbox 1169 976 1256 1007; x_wconf 87' lang='lat' dir='ltr'><strong>quis,</strong></span> <span class='ocrx_word' id='word_1_533' title='bbox 1279 967 1394 1007; x_wconf 85' lang='lat' dir='ltr'><strong>absque</strong></span> <span class='ocrx_word' id='word_1_534' title='bbox 1411 968 1567 999; x_wconf 89' lang='lat' dir='ltr'><strong>Ordinum</strong></span> <span class='ocrx_word' id='word_1_535' title='bbox 1583 967 1753 1007; x_wconf 88' lang='lat' dir='ltr'><strong>consensu,</strong></span> <span class='ocrx_word' id='word_1_536' title='bbox 1778 969 1822 1000; x_wconf 89' lang='lat' dir='ltr'><strong>ibi</strong></span> <span class='ocrx_word' id='word_1_537' title='bbox 1839 969 1971 1003; x_wconf 89' lang='lat' dir='ltr'><strong>militem</strong></span> 
     </span>
     <span class='ocr_line' id='line_1_81' title="bbox 1113 1006 1972 1050; baseline 0.006 -12"><span class='ocrx_word' id='word_1_538' title='bbox 1113 1008 1206 1049; x_wconf 84' lang='lat' dir='ltr'><strong>legat.</strong></span> <span class='ocrx_word' id='word_1_539' title='bbox 1251 1006 1361 1039; x_wconf 75' lang='lat' dir='ltr'><strong>Exstat</strong></span> <span class='ocrx_word' id='word_1_540' title='bbox 1382 1009 1544 1050; x_wconf 83' lang='lat' dir='ltr'><strong>antiquum</strong></span> <span class='ocrx_word' id='word_1_541' title='bbox 1557 1009 1588 1040; x_wconf 92' lang='lat' dir='ltr'><strong>in</strong></span> <span class='ocrx_word' id='word_1_542' title='bbox 1610 1018 1676 1040; x_wconf 86' lang='lat' dir='ltr'><strong>eam</strong></span> <span class='ocrx_word' id='word_1_543' title='bbox 1691 1007 1875 1042; x_wconf 85' lang='lat' dir='ltr'><strong>sententiam</strong></span> <span class='ocrx_word' id='word_1_544' title='bbox 1899 1010 1972 1044; x_wconf 91' lang='lat' dir='ltr'><strong>Edi·</strong></span> 
     </span>
     <span class='ocr_line' id='line_1_82' title="bbox 1114 1049 1972 1095; baseline 0.005 -15"><span class='ocrx_word' id='word_1_545' title='bbox 1114 1049 1198 1095; x_wconf 70' lang='grc'><strong>6111111</strong></span> <span class='ocrx_word' id='word_1_546' title='bbox 1224 1053 1252 1083; x_wconf 89' lang='lat'><strong>8.</strong></span> <span class='ocrx_word' id='word_1_547' title='bbox 1273 1049 1347 1095; x_wconf 40' lang='lat' dir='ltr'><strong>Jan..</strong></span> <span class='ocrx_word' id='word_1_548' title='bbox 1368 1058 1456 1088; x_wconf 83' lang='lat'>1529.</span> <span class='ocrx_word' id='word_1_549' title='bbox 1482 1049 1550 1095; x_wconf 73' lang='lat'><strong>(5).</strong></span> <span class='ocrx_word' id='word_1_550' title='bbox 1596 1049 1638 1082; x_wconf 91' lang='lat' dir='ltr'><strong>Et</strong></span> <span class='ocrx_word' id='word_1_551' title='bbox 1658 1057 1755 1090; x_wconf 84' lang='lat' dir='ltr'><strong>quum</strong></span> <span class='ocrx_word' id='word_1_552' title='bbox 1775 1049 1878 1090; x_wconf 87' lang='lat' dir='ltr'><strong>Dani,</strong></span> <span class='ocrx_word' id='word_1_553' title='bbox 1899 1052 1972 1084; x_wconf 88' lang='lat' dir='ltr'><strong>Sue-</strong></span> 
     </span>
     <span class='ocr_line' id='line_1_83' title="bbox 1115 1090 1973 1134; baseline 0.005 -14"><span class='ocrx_word' id='word_1_554' title='bbox 1115 1099 1146 1120; x_wconf 81' lang='lat' dir='ltr'><strong>cr</strong></span> <span class='ocrx_word' id='word_1_555' title='bbox 1170 1090 1200 1122; x_wconf 65' lang='grc' dir='ltr'><strong>ὃς</strong></span> <span class='ocrx_word' id='word_1_556' title='bbox 1219 1090 1348 1121; x_wconf 85' lang='lat' dir='ltr'><strong>Moschi</strong></span> <span class='ocrx_word' id='word_1_557' title='bbox 1373 1090 1435 1122; x_wconf 85' lang='lat' dir='ltr'><strong>fine</strong></span> <span class='ocrx_word' id='word_1_558' title='bbox 1457 1090 1611 1122; x_wconf 83' lang='lat' dir='ltr'><strong>Ordinum</strong></span> <span class='ocrx_word' id='word_1_559' title='bbox 1629 1090 1780 1123; x_wconf 88' lang='lat' dir='ltr'><strong>consensu</strong></span> <span class='ocrx_word' id='word_1_560' title='bbox 1806 1092 1838 1124; x_wconf 92' lang='lat' dir='ltr'><strong>in</strong></span> <span class='ocrx_word' id='word_1_561' title='bbox 1860 1093 1973 1134; x_wconf 86' lang='lat' dir='ltr'><strong>Belgio</strong></span> 
     </span>
     <span class='ocr_line' id='line_1_84' title="bbox 1114 1130 1975 1169; baseline 0.006 -8"><span class='ocrx_word' id='word_1_562' title='bbox 1114 1130 1280 1162; x_wconf 86' lang='lat' dir='ltr'><strong>Foederato</strong></span> <span class='ocrx_word' id='word_1_563' title='bbox 1305 1131 1424 1162; x_wconf 86' lang='lat' dir='ltr'><strong>milites</strong></span> <span class='ocrx_word' id='word_1_564' title='bbox 1449 1131 1682 1169; x_wconf 88' lang='lat' dir='ltr'><strong>conducerent,</strong></span> <span class='ocrx_word' id='word_1_565' title='bbox 1712 1131 1848 1165; x_wconf 88' lang='lat' dir='ltr'><strong>Ordines</strong></span> <span class='ocrx_word' id='word_1_566' title='bbox 1873 1132 1975 1166; x_wconf 84' lang='lat' dir='ltr'><strong>Gene-</strong></span> 
     </span>
     <span class='ocr_line' id='line_1_85' title="bbox 1114 1171 1974 1220; baseline 0.006 -18"><span class='ocrx_word' id='word_1_567' title='bbox 1114 1172 1193 1202; x_wconf 83' lang='lat' dir='ltr'><strong>rales</strong></span> <span class='ocrx_word' id='word_1_568' title='bbox 1215 1181 1242 1203; x_wconf 94' lang='lat'><strong>1.</strong></span> <span class='ocrx_word' id='word_1_569' title='bbox 1260 1171 1336 1211; x_wconf 85' lang='lat' dir='ltr'><strong>Aug.</strong></span> <span class='ocrx_word' id='word_1_570' title='bbox 1359 1172 1623 1204; x_wconf 81' lang='lat' dir='ltr'><strong>1612.edixerunt</strong></span> <span class='ocrx_word' id='word_1_571' title='bbox 1633 1172 1710 1212; x_wconf 85' lang='lat'><strong>(6),</strong></span> <span class='ocrx_word' id='word_1_572' title='bbox 1733 1182 1773 1204; x_wconf 90' lang='lat' dir='ltr'><strong>ne</strong></span> <span class='ocrx_word' id='word_1_573' title='bbox 1790 1173 1974 1220; x_wconf 86' lang='lat' dir='ltr'><strong>quisquam,</strong></span> 
     </span>
     <span class='ocr_line' id='line_1_86' title="bbox 1115 1210 1974 1251; baseline 0.006 -9"><span class='ocrx_word' id='word_1_574' title='bbox 1115 1212 1145 1243; x_wconf 71' lang='grc' dir='ltr'>ἃ</span> <span class='ocrx_word' id='word_1_575' title='bbox 1166 1212 1352 1243; x_wconf 88' lang='lat' dir='ltr'><strong>nominatim</strong></span> <span class='ocrx_word' id='word_1_576' title='bbox 1379 1210 1506 1250; x_wconf 78' lang='lat' dir='ltr'><strong>Dauus,</strong></span> <span class='ocrx_word' id='word_1_577' title='bbox 1530 1212 1666 1251; x_wconf 88' lang='lat' dir='ltr'><strong>Suecus,</strong></span> <span class='ocrx_word' id='word_1_578' title='bbox 1697 1213 1850 1246; x_wconf 87' lang='lat' dir='ltr'><strong>Moschus</strong></span> <span class='ocrx_word' id='word_1_579' title='bbox 1872 1216 1904 1246; x_wconf 89' lang='lat' dir='ltr'><strong>id</strong></span> <span class='ocrx_word' id='word_1_580' title='bbox 1928 1215 1974 1247; x_wconf 88' lang='lat' dir='ltr'><strong>fe-</strong></span> 
     </span>
     <span class='ocr_line' id='line_1_87' title="bbox 1114 1251 1972 1293; baseline 0.005 -9"><span class='ocrx_word' id='word_1_581' title='bbox 1114 1252 1189 1284; x_wconf 84' lang='lat' dir='ltr'><strong>ciss&#39;e</strong></span> <span class='ocrx_word' id='word_1_582' title='bbox 1201 1253 1320 1284; x_wconf 87' lang='lat' dir='ltr'><strong>vellent</strong></span> <span class='ocrx_word' id='word_1_583' title='bbox 1331 1274 1342 1291; x_wconf 88' lang='lat'><strong>,</strong></span> <span class='ocrx_word' id='word_1_584' title='bbox 1351 1251 1406 1284; x_wconf 89' lang='lat' dir='ltr'><strong>nifi</strong></span> <span class='ocrx_word' id='word_1_585' title='bbox 1422 1252 1532 1284; x_wconf 89' lang='lat' dir='ltr'><strong>habito</strong></span> <span class='ocrx_word' id='word_1_586' title='bbox 1549 1251 1667 1293; x_wconf 85' lang='lat' dir='ltr'><strong>scripto</strong></span> <span class='ocrx_word' id='word_1_587' title='bbox 1677 1253 1828 1285; x_wconf 89' lang='lat' dir='ltr'><strong>Ordinum</strong></span> <span class='ocrx_word' id='word_1_588' title='bbox 1838 1254 1972 1288; x_wconf 90' lang='lat' dir='ltr'><strong>consen-</strong></span> 
     </span>
     <span class='ocr_line' id='line_1_88' title="bbox 1115 1292 1973 1334; baseline 0.006 -9"><span class='ocrx_word' id='word_1_589' title='bbox 1115 1293 1169 1332; x_wconf 82' lang='lat' dir='ltr'><strong>su,</strong></span> <span class='ocrx_word' id='word_1_590' title='bbox 1192 1294 1240 1332; x_wconf 85' lang='lat'><strong>&amp;,</strong></span> <span class='ocrx_word' id='word_1_591' title='bbox 1256 1293 1277 1326; x_wconf 90' lang='lat' dir='ltr'><strong>fi</strong></span> <span class='ocrx_word' id='word_1_592' title='bbox 1294 1294 1345 1325; x_wconf 90' lang='lat' dir='ltr'><strong>vel</strong></span> <span class='ocrx_word' id='word_1_593' title='bbox 1363 1292 1512 1334; x_wconf 85' lang='lat' dir='ltr'><strong>scripturn</strong></span> <span class='ocrx_word' id='word_1_594' title='bbox 1530 1293 1700 1332; x_wconf 87' lang='lat' dir='ltr'><strong>haberent,</strong></span> <span class='ocrx_word' id='word_1_595' title='bbox 1726 1303 1766 1325; x_wconf 88' lang='lat' dir='ltr'><strong>ne</strong></span> <span class='ocrx_word' id='word_1_596' title='bbox 1783 1295 1904 1328; x_wconf 85' lang='lat' dir='ltr'><strong>vellent</strong></span> <span class='ocrx_word' id='word_1_597' title='bbox 1920 1305 1973 1330; x_wconf 84' lang='lat' dir='ltr'><strong>ex-</strong></span> 
     </span>
     <span class='ocr_line' id='line_1_89' title="bbox 1116 1333 1974 1376; baseline 0.003 -10"><span class='ocrx_word' id='word_1_598' title='bbox 1116 1335 1244 1367; x_wconf 87' lang='lat' dir='ltr'><strong>tendere</strong></span> <span class='ocrx_word' id='word_1_599' title='bbox 1255 1335 1292 1365; x_wconf 89' lang='lat' dir='ltr'><strong>ad</strong></span> <span class='ocrx_word' id='word_1_600' title='bbox 1301 1333 1384 1376; x_wconf 91' lang='lat' dir='ltr'><strong>ipsos</strong></span> <span class='ocrx_word' id='word_1_601' title='bbox 1394 1334 1550 1366; x_wconf 88' lang='lat' dir='ltr'><strong>Ordinum</strong></span> <span class='ocrx_word' id='word_1_602' title='bbox 1562 1334 1679 1366; x_wconf 87' lang='lat' dir='ltr'><strong>milites</strong></span> <span class='ocrx_word' id='word_1_603' title='bbox 1694 1344 1711 1365; x_wconf 87' lang='lat' dir='ltr'><strong>a</strong></span> <span class='ocrx_word' id='word_1_604' title='bbox 1722 1334 1813 1376; x_wconf 85' lang='lat' dir='ltr'><strong>fignis</strong></span> <span class='ocrx_word' id='word_1_605' title='bbox 1824 1335 1885 1368; x_wconf 91' lang='lat' dir='ltr'><strong>suis</strong></span> <span class='ocrx_word' id='word_1_606' title='bbox 1901 1347 1974 1370; x_wconf 86' lang='lat' dir='ltr'><strong>avo-</strong></span> 
     </span>
     <span class='ocr_line' id='line_1_90' title="bbox 1115 1374 1972 1418; baseline 0.005 -11"><span class='ocrx_word' id='word_1_607' title='bbox 1115 1376 1249 1414; x_wconf 91' lang='lat' dir='ltr'><strong>candos,</strong></span> <span class='ocrx_word' id='word_1_608' title='bbox 1272 1374 1403 1414; x_wconf 86' lang='lat' dir='ltr'><strong>statuta,</strong></span> <span class='ocrx_word' id='word_1_609' title='bbox 1421 1375 1442 1407; x_wconf 91' lang='lat' dir='ltr'><strong>fi</strong></span> <span class='ocrx_word' id='word_1_610' title='bbox 1457 1375 1525 1418; x_wconf 89' lang='lat' dir='ltr'><strong>quis</strong></span> <span class='ocrx_word' id='word_1_611' title='bbox 1534 1383 1646 1407; x_wconf 83' lang='lat' dir='ltr'><strong>contra</strong></span> <span class='ocrx_word' id='word_1_612' title='bbox 1659 1374 1760 1415; x_wconf 85' lang='lat' dir='ltr'><strong>faxit,</strong></span> <span class='ocrx_word' id='word_1_613' title='bbox 1771 1377 1885 1418; x_wconf 87' lang='lat' dir='ltr'><strong>capitis</strong></span> <span class='ocrx_word' id='word_1_614' title='bbox 1900 1379 1972 1411; x_wconf 81' lang='lat' dir='ltr'><strong>alia-</strong></span> 
     </span>
     <span class='ocr_line' id='line_1_91' title="bbox 1115 1415 1972 1457; baseline 0.006 -9"><span class='ocrx_word' id='word_1_615' title='bbox 1115 1427 1156 1449; x_wconf 91' lang='lat' dir='ltr'><strong>ve</strong></span> <span class='ocrx_word' id='word_1_616' title='bbox 1170 1416 1332 1448; x_wconf 88' lang='lat' dir='ltr'><strong>arbitraria</strong></span> <span class='ocrx_word' id='word_1_617' title='bbox 1349 1426 1452 1457; x_wconf 88' lang='lat' dir='ltr'><strong>poena.</strong></span> <span class='ocrx_word' id='word_1_618' title='bbox 1497 1415 1580 1456; x_wconf 87' lang='lat' dir='ltr'><strong>Cum</strong></span> <span class='ocrx_word' id='word_1_619' title='bbox 1597 1417 1653 1448; x_wconf 91' lang='lat' dir='ltr'><strong>illo</strong></span> <span class='ocrx_word' id='word_1_620' title='bbox 1669 1416 1783 1449; x_wconf 70' lang='lat' dir='ltr'><strong>Edicto</strong></span> <span class='ocrx_word' id='word_1_621' title='bbox 1795 1418 1865 1450; x_wconf 86' lang='lat' dir='ltr'><strong>anni</strong></span> <span class='ocrx_word' id='word_1_622' title='bbox 1880 1423 1972 1454; x_wconf 80' lang='lat'>1612.</span> 
     </span>
     <span class='ocr_line' id='line_1_92' title="bbox 1116 1455 1975 1533; baseline 0.005 -44"><span class='ocrx_word' id='word_1_623' title='bbox 1116 1459 1312 1531; x_wconf 45' lang='lat' dir='ltr'><strong>ginvlffliugt</strong></span> <span class='ocrx_word' id='word_1_624' title='bbox 1318 1458 1396 1530; x_wconf 43' lang='lat'><strong>3:133</strong></span> <span class='ocrx_word' id='word_1_625' title='bbox 1404 1457 1559 1531; x_wconf 47' lang='lat' dir='ltr'><strong>Ogdirsslgrci</strong></span> <span class='ocrx_word' id='word_1_626' title='bbox 1573 1455 1922 1533; x_wconf 49' lang='lat' dir='ltr'><strong>CiesneraliunssfIEdietag</strong></span> <span class='ocrx_word' id='word_1_627' title='bbox 1930 1459 1975 1493; x_wconf 89' lang='lat' dir='ltr'><strong>fa-</strong></span> 
     </span>
    </p>

    <p class='ocr_par' dir='ltr' id='par_1_9' title="bbox 1114 1508 1975 1952">
     <span class='ocr_line' id='line_1_93' title="bbox 1148 1508 1972 1534; baseline 0.005 -4"><span class='ocrx_word' id='word_1_628' title='bbox 1148 1510 1165 1531; x_wconf 89' lang='lat' dir='ltr'><strong>a</strong></span> <span class='ocrx_word' id='word_1_629' title='bbox 1269 1509 1275 1515; x_wconf 94' lang='lat'>·</span> <span class='ocrx_word' id='word_1_630' title='bbox 1457 1523 1464 1530; x_wconf 93' lang='lat'><em>.</em></span> <span class='ocrx_word' id='word_1_631' title='bbox 1561 1523 1568 1530; x_wconf 89' lang='lat'><strong>.</strong></span> <span class='ocrx_word' id='word_1_632' title='bbox 1633 1508 1736 1531; x_wconf 82' lang='lat'>22..</span> <span class='ocrx_word' id='word_1_633' title='bbox 1799 1508 1972 1534; x_wconf 86' lang='lat' dir='ltr'><strong>art.12.</strong></span> 
     </span>
     <span class='ocr_line' id='line_1_94' title="bbox 1116 1508 1972 1583; baseline 0.001 -11"><span class='ocrx_word' id='word_1_634' title='bbox 1116 1551 1167 1582; x_wconf 80' lang='lat'><strong>30.</strong></span> <span class='ocrx_word' id='word_1_635' title='bbox 1191 1508 1407 1581; x_wconf 77' lang='lat' dir='ltr'><strong>Mart.p1646.</strong></span> <span class='ocrx_word' id='word_1_636' title='bbox 1434 1549 1483 1572; x_wconf 85' lang='lat'><strong>21.</strong></span> <span class='ocrx_word' id='word_1_637' title='bbox 1509 1539 1569 1580; x_wconf 85' lang='lat' dir='ltr'><strong>Jul.</strong></span> <span class='ocrx_word' id='word_1_638' title='bbox 1584 1543 1674 1581; x_wconf 85' lang='lat'><strong>1648.</strong></span> <span class='ocrx_word' id='word_1_639' title='bbox 1701 1509 1752 1581; x_wconf 53' lang='lat'><strong>37.</strong></span> <span class='ocrx_word' id='word_1_640' title='bbox 1776 1540 1854 1582; x_wconf 81' lang='lat' dir='ltr'><strong>Maj.</strong></span> <span class='ocrx_word' id='word_1_641' title='bbox 1882 1510 1972 1583; x_wconf 54' lang='lat'>1652).</span> 
     </span>
     <span class='ocr_line' id='line_1_95' title="bbox 1118 1581 1974 1623; baseline 0.004 -10"><span class='ocrx_word' id='word_1_642' title='bbox 1118 1592 1168 1614; x_wconf 82' lang='lat'><strong>20.</strong></span> <span class='ocrx_word' id='word_1_643' title='bbox 1193 1581 1257 1622; x_wconf 84' lang='lat' dir='ltr'><strong>Jan.</strong></span> <span class='ocrx_word' id='word_1_644' title='bbox 1286 1585 1378 1621; x_wconf 84' lang='lat'>1652.</span> <span class='ocrx_word' id='word_1_645' title='bbox 1403 1582 1433 1613; x_wconf 88' lang='lat'>&amp;</span> <span class='ocrx_word' id='word_1_646' title='bbox 1460 1585 1506 1615; x_wconf 88' lang='lat'><strong>18.</strong></span> <span class='ocrx_word' id='word_1_647' title='bbox 1518 1581 1614 1613; x_wconf 87' lang='lat' dir='ltr'><strong>Mart.</strong></span> <span class='ocrx_word' id='word_1_648' title='bbox 1644 1585 1735 1622; x_wconf 84' lang='lat'>1658.</span> <span class='ocrx_word' id='word_1_649' title='bbox 1751 1581 1818 1623; x_wconf 82' lang='lat'><strong>(7).</strong></span> <span class='ocrx_word' id='word_1_650' title='bbox 1841 1582 1974 1616; x_wconf 80' lang='lat' dir='ltr'><strong>Ordines</strong></span> 
     </span>
     <span class='ocr_line' id='line_1_96' title="bbox 1117 1622 1975 1663; baseline 0.003 -9"><span class='ocrx_word' id='word_1_651' title='bbox 1117 1624 1212 1655; x_wconf 88' lang='lat' dir='ltr'><strong>etiam</strong></span> <span class='ocrx_word' id='word_1_652' title='bbox 1226 1622 1409 1655; x_wconf 83' lang='lat' dir='ltr'><strong>Hollandiae</strong></span> <span class='ocrx_word' id='word_1_653' title='bbox 1422 1622 1541 1654; x_wconf 70' lang='lat' dir='ltr'><strong>Ediffis</strong></span> <span class='ocrx_word' id='word_1_654' title='bbox 1561 1631 1611 1663; x_wconf 83' lang='lat'><strong>27.</strong></span> <span class='ocrx_word' id='word_1_655' title='bbox 1635 1622 1735 1655; x_wconf 86' lang='lat' dir='ltr'><strong>Mart.</strong></span> <span class='ocrx_word' id='word_1_656' title='bbox 1763 1627 1854 1663; x_wconf 88' lang='lat'>1652.</span> <span class='ocrx_word' id='word_1_657' title='bbox 1878 1624 1908 1656; x_wconf 90' lang='lat'>&amp;</span> <span class='ocrx_word' id='word_1_658' title='bbox 1925 1627 1975 1658; x_wconf 85' lang='lat'><strong>16.</strong></span> 
     </span>
     <span class='ocr_line' id='line_1_97' title="bbox 1117 1662 1975 1704; baseline 0.002 -8"><span class='ocrx_word' id='word_1_659' title='bbox 1117 1664 1216 1698; x_wconf 87' lang='lat' dir='ltr'><strong>Mart.</strong></span> <span class='ocrx_word' id='word_1_660' title='bbox 1245 1667 1333 1704; x_wconf 85' lang='lat'>1656.</span> <span class='ocrx_word' id='word_1_661' title='bbox 1348 1663 1408 1704; x_wconf 87' lang='lat'><strong>(8)</strong></span> <span class='ocrx_word' id='word_1_662' title='bbox 1424 1663 1445 1695; x_wconf 91' lang='lat' dir='ltr'><strong>fi</strong></span> <span class='ocrx_word' id='word_1_663' title='bbox 1459 1663 1527 1704; x_wconf 88' lang='lat' dir='ltr'><strong>quis</strong></span> <span class='ocrx_word' id='word_1_664' title='bbox 1543 1663 1576 1695; x_wconf 86' lang='lat' dir='ltr'><strong>in</strong></span> <span class='ocrx_word' id='word_1_665' title='bbox 1592 1662 1765 1696; x_wconf 87' lang='lat' dir='ltr'><strong>Hollandia</strong></span> <span class='ocrx_word' id='word_1_666' title='bbox 1780 1664 1896 1696; x_wconf 88' lang='lat' dir='ltr'><strong>milites</strong></span> <span class='ocrx_word' id='word_1_667' title='bbox 1911 1665 1975 1698; x_wconf 87' lang='lat' dir='ltr'><strong>fine</strong></span> 
     </span>
     <span class='ocr_line' id='line_1_98' title="bbox 1118 1704 1975 1746; baseline 0.001 -9"><span class='ocrx_word' id='word_1_668' title='bbox 1118 1704 1238 1746; x_wconf 86' lang='lat' dir='ltr'><strong>scripto</strong></span> <span class='ocrx_word' id='word_1_669' title='bbox 1254 1705 1409 1737; x_wconf 89' lang='lat' dir='ltr'><strong>Ordinum</strong></span> <span class='ocrx_word' id='word_1_670' title='bbox 1419 1704 1598 1736; x_wconf 82' lang='lat' dir='ltr'><strong>Hollandiae</strong></span> <span class='ocrx_word' id='word_1_671' title='bbox 1614 1714 1766 1738; x_wconf 88' lang='lat' dir='ltr'><strong>eorumve</strong></span> <span class='ocrx_word' id='word_1_672' title='bbox 1776 1704 1975 1738; x_wconf 82' lang='lat' dir='ltr'><strong>Confiliario-</strong></span> 
     </span>
     <span class='ocr_line' id='line_1_99' title="bbox 1116 1745 1973 1786; baseline 0.002 -8"><span class='ocrx_word' id='word_1_673' title='bbox 1116 1756 1186 1778; x_wconf 88' lang='lat' dir='ltr'><strong>rum</strong></span> <span class='ocrx_word' id='word_1_674' title='bbox 1203 1746 1355 1778; x_wconf 85' lang='lat' dir='ltr'><strong>consensu</strong></span> <span class='ocrx_word' id='word_1_675' title='bbox 1373 1745 1591 1785; x_wconf 80' lang='lat' dir='ltr'><strong>conduxiffet‚</strong></span> <span class='ocrx_word' id='word_1_676' title='bbox 1607 1755 1668 1778; x_wconf 90' lang='lat' dir='ltr'><strong>non</strong></span> <span class='ocrx_word' id='word_1_677' title='bbox 1686 1746 1898 1786; x_wconf 89' lang='lat' dir='ltr'><strong>arbitrariam,</strong></span> <span class='ocrx_word' id='word_1_678' title='bbox 1921 1746 1973 1780; x_wconf 89' lang='lat' dir='ltr'><strong>sed</strong></span> 
     </span>
     <span class='ocr_line' id='line_1_100' title="bbox 1116 1786 1973 1831; baseline 0.001 -12"><span class='ocrx_word' id='word_1_679' title='bbox 1116 1787 1300 1829; x_wconf 76' lang='lat' dir='ltr'><strong>simpliciter</strong></span> <span class='ocrx_word' id='word_1_680' title='bbox 1316 1788 1346 1819; x_wconf 90' lang='lat'>&amp;</span> <span class='ocrx_word' id='word_1_681' title='bbox 1356 1787 1487 1819; x_wconf 91' lang='lat' dir='ltr'><strong>omnino</strong></span> <span class='ocrx_word' id='word_1_682' title='bbox 1497 1786 1621 1827; x_wconf 80' lang='lat' dir='ltr'><strong>(fimder</strong></span> <span class='ocrx_word' id='word_1_683' title='bbox 1629 1789 1729 1830; x_wconf 83' lang='lat' dir='ltr'><strong>eenige</strong></span> <span class='ocrx_word' id='word_1_684' title='bbox 1737 1787 1875 1831; x_wconf 84' lang='lat' dir='ltr'><strong>genade)</strong></span> <span class='ocrx_word' id='word_1_685' title='bbox 1889 1797 1973 1820; x_wconf 87' lang='lat' dir='ltr'><strong>mor-</strong></span> 
     </span>
     <span class='ocr_line' id='line_1_101' title="bbox 1116 1828 1975 1869; baseline 0.001 -9"><span class='ocrx_word' id='word_1_686' title='bbox 1116 1830 1156 1860; x_wconf 90' lang='lat' dir='ltr'><strong>tis</strong></span> <span class='ocrx_word' id='word_1_687' title='bbox 1172 1838 1296 1869; x_wconf 84' lang='lat' dir='ltr'><strong>poenam</strong></span> <span class='ocrx_word' id='word_1_688' title='bbox 1311 1828 1497 1861; x_wconf 90' lang='lat' dir='ltr'><strong>statuerunt.</strong></span> <span class='ocrx_word' id='word_1_689' title='bbox 1521 1828 1627 1860; x_wconf 86' lang='lat' dir='ltr'><strong>Habes</strong></span> <span class='ocrx_word' id='word_1_690' title='bbox 1644 1839 1679 1861; x_wconf 82' lang='lat' dir='ltr'><strong>ea</strong></span> <span class='ocrx_word' id='word_1_691' title='bbox 1693 1831 1731 1861; x_wconf 90' lang='lat' dir='ltr'><strong>de</strong></span> <span class='ocrx_word' id='word_1_692' title='bbox 1744 1839 1777 1862; x_wconf 89' lang='lat' dir='ltr'><strong>re</strong></span> <span class='ocrx_word' id='word_1_693' title='bbox 1794 1828 1975 1861; x_wconf 87' lang='lat' dir='ltr'><strong>sententiam</strong></span> 
     </span>
     <span class='ocr_line' id='line_1_102' title="bbox 1116 1868 1975 1913; baseline 0 -11"><span class='ocrx_word' id='word_1_694' title='bbox 1116 1870 1292 1913; x_wconf 82' lang='lat' dir='ltr'><strong>Ordinum,</strong></span> <span class='ocrx_word' id='word_1_695' title='bbox 1320 1879 1392 1901; x_wconf 90' lang='lat' dir='ltr'><strong>cum</strong></span> <span class='ocrx_word' id='word_1_696' title='bbox 1419 1868 1621 1902; x_wconf 89' lang='lat' dir='ltr'><strong>Generalium</strong></span> <span class='ocrx_word' id='word_1_697' title='bbox 1637 1894 1647 1910; x_wconf 89' lang='lat'><strong>,</strong></span> <span class='ocrx_word' id='word_1_698' title='bbox 1679 1878 1746 1902; x_wconf 91' lang='lat' dir='ltr'><strong>tum</strong></span> <span class='ocrx_word' id='word_1_699' title='bbox 1771 1869 1975 1910; x_wconf 84' lang='lat' dir='ltr'><strong>Hollandiae,</strong></span> 
     </span>
     <span class='ocr_line' id='line_1_103' title="bbox 1114 1909 1816 1952; baseline 0 -9"><span class='ocrx_word' id='word_1_700' title='bbox 1114 1912 1166 1943; x_wconf 90' lang='lat' dir='ltr'><strong>cui</strong></span> <span class='ocrx_word' id='word_1_701' title='bbox 1182 1920 1280 1942; x_wconf 89' lang='lat' dir='ltr'><strong>meam</strong></span> <span class='ocrx_word' id='word_1_702' title='bbox 1291 1935 1300 1951; x_wconf 94' lang='lat'><strong>,</strong></span> <span class='ocrx_word' id='word_1_703' title='bbox 1312 1919 1347 1944; x_wconf 84' lang='lat' dir='ltr'><strong>ut</strong></span> <span class='ocrx_word' id='word_1_704' title='bbox 1364 1920 1419 1952; x_wconf 89' lang='lat' dir='ltr'><strong>par</strong></span> <span class='ocrx_word' id='word_1_705' title='bbox 1435 1909 1480 1942; x_wconf 88' lang='lat' dir='ltr'><strong>est</strong></span> <span class='ocrx_word' id='word_1_706' title='bbox 1491 1934 1501 1949; x_wconf 89' lang='lat'>‚</span> <span class='ocrx_word' id='word_1_707' title='bbox 1526 1911 1636 1943; x_wconf 90' lang='lat' dir='ltr'><strong>lubens</strong></span> <span class='ocrx_word' id='word_1_708' title='bbox 1655 1909 1816 1944; x_wconf 89' lang='lat' dir='ltr'><strong>submitto.</strong></span> 
     </span>
    </p>

    <p class='ocr_par' dir='ltr' id='par_1_10' title="bbox 1115 1952 1977 2609">
     <span class='ocr_line' id='line_1_104' title="bbox 1157 1952 1974 1993; baseline 0.001 -9"><span class='ocrx_word' id='word_1_709' title='bbox 1157 1952 1219 1985; x_wconf 92' lang='lat' dir='ltr'><strong>His</strong></span> <span class='ocrx_word' id='word_1_710' title='bbox 1232 1952 1326 1990; x_wconf 89' lang='lat' dir='ltr'><strong>adde,</strong></span> <span class='ocrx_word' id='word_1_711' title='bbox 1351 1962 1419 1993; x_wconf 83' lang='lat' dir='ltr'><strong>quae</strong></span> <span class='ocrx_word' id='word_1_712' title='bbox 1438 1960 1519 1983; x_wconf 89' lang='lat' dir='ltr'><strong>anno</strong></span> <span class='ocrx_word' id='word_1_713' title='bbox 1539 1954 1628 1983; x_wconf 86' lang='lat'>1666.</span> <span class='ocrx_word' id='word_1_714' title='bbox 1653 1952 1735 1983; x_wconf 88' lang='lat' dir='ltr'><strong>inter</strong></span> <span class='ocrx_word' id='word_1_715' title='bbox 1754 1952 1888 1985; x_wconf 88' lang='lat' dir='ltr'><strong>Ordines</strong></span> <span class='ocrx_word' id='word_1_716' title='bbox 1909 1952 1974 1985; x_wconf 87' lang='lat' dir='ltr'><strong>Ge-</strong></span> 
     </span>
     <span class='ocr_line' id='line_1_105' title="bbox 1115 1991 1976 2035; baseline 0.001 -10"><span class='ocrx_word' id='word_1_717' title='bbox 1115 1994 1235 2026; x_wconf 89' lang='lat' dir='ltr'><strong>nerales</strong></span> <span class='ocrx_word' id='word_1_718' title='bbox 1257 1993 1286 2024; x_wconf 73' lang='grc' dir='ltr'>ἃ</span> <span class='ocrx_word' id='word_1_719' title='bbox 1306 1992 1467 2024; x_wconf 84' lang='lat' dir='ltr'><strong>Praefidem</strong></span> <span class='ocrx_word' id='word_1_720' title='bbox 1493 1991 1592 2032; x_wconf 85' lang='lat' dir='ltr'><strong>Belgii</strong></span> <span class='ocrx_word' id='word_1_721' title='bbox 1614 1991 1777 2034; x_wconf 89' lang='lat' dir='ltr'><strong>Hispanici</strong></span> <span class='ocrx_word' id='word_1_722' title='bbox 1801 1993 1868 2025; x_wconf 69' lang='lat' dir='ltr'><strong>asta</strong></span> <span class='ocrx_word' id='word_1_723' title='bbox 1891 1994 1976 2035; x_wconf 86' lang='lat' dir='ltr'><strong>gesta</strong></span> 
     </span>
     <span class='ocr_line' id='line_1_106' title="bbox 1117 2032 1977 2076; baseline 0 -9"><span class='ocrx_word' id='word_1_724' title='bbox 1117 2035 1187 2067; x_wconf 89' lang='lat' dir='ltr'><strong>sunt</strong></span> <span class='ocrx_word' id='word_1_725' title='bbox 1209 2032 1276 2074; x_wconf 82' lang='lat'>(9).</span> <span class='ocrx_word' id='word_1_726' title='bbox 1322 2033 1373 2065; x_wconf 91' lang='lat' dir='ltr'><strong>Illi</strong></span> <span class='ocrx_word' id='word_1_727' title='bbox 1400 2032 1478 2073; x_wconf 89' lang='lat' dir='ltr'><strong>apud</strong></span> <span class='ocrx_word' id='word_1_728' title='bbox 1505 2032 1590 2063; x_wconf 85' lang='lat' dir='ltr'><strong>hunc</strong></span> <span class='ocrx_word' id='word_1_729' title='bbox 1613 2032 1711 2074; x_wconf 88' lang='lat' dir='ltr'><strong>questi</strong></span> <span class='ocrx_word' id='word_1_730' title='bbox 1735 2032 1827 2072; x_wconf 75' lang='lat' dir='ltr'><strong>sunt,</strong></span> <span class='ocrx_word' id='word_1_731' title='bbox 1844 2033 1977 2076; x_wconf 89' lang='lat' dir='ltr'><strong>Episco-</strong></span> 
     </span>
     <span class='ocr_line' id='line_1_107' title="bbox 1115 2072 1977 2156; baseline 0 -7"><span class='ocrx_word' id='word_1_732' title='bbox 1115 2072 1486 2155; x_wconf 54' lang='lat' dir='ltr'><strong>islsssellffffiaii‘iilssfflecss&#39;</strong></span> <span class='ocrx_word' id='word_1_733' title='bbox 1495 2073 1870 2156; x_wconf 53' lang='grc' dir='ltr'><strong>ἰῃῖἰέῗὲἒῐὲοἳῗέἓὲἓὲἳ</strong></span> <span class='ocrx_word' id='word_1_734' title='bbox 1887 2084 1977 2149; x_wconf 62' lang='lat'><strong>‘²332’</strong></span> 
     </span>
     <span class='ocr_line' id='line_1_108' title="bbox 1118 2139 1974 2200; baseline 0.001 -11"><span class='ocrx_word' id='word_1_735' title='bbox 1118 2139 1248 2200; x_wconf 51' lang='lat' dir='ltr'><strong>spondi?</strong></span> <span class='ocrx_word' id='word_1_736' title='bbox 1267 2155 1382 2188; x_wconf 80' lang='lat' dir='ltr'><strong>Praeses</strong></span> <span class='ocrx_word' id='word_1_737' title='bbox 1401 2155 1465 2195; x_wconf 88' lang='lat' dir='ltr'><strong>ejus</strong></span> <span class='ocrx_word' id='word_1_738' title='bbox 1482 2155 1602 2196; x_wconf 84' lang='lat' dir='ltr'><strong>Belgii,</strong></span> <span class='ocrx_word' id='word_1_739' title='bbox 1626 2154 1657 2186; x_wconf 89' lang='lat' dir='ltr'><strong>se</strong></span> <span class='ocrx_word' id='word_1_740' title='bbox 1680 2156 1747 2196; x_wconf 86' lang='lat' dir='ltr'><strong>ejus</strong></span> <span class='ocrx_word' id='word_1_741' title='bbox 1768 2157 1814 2189; x_wconf 88' lang='lat' dir='ltr'><strong>rei</strong></span> <span class='ocrx_word' id='word_1_742' title='bbox 1841 2156 1974 2199; x_wconf 81' lang='lat' dir='ltr'><strong>potesta-</strong></span> 
     </span>
     <span class='ocr_line' id='line_1_109' title="bbox 1119 2195 1973 2241; baseline 0.001 -11"><span class='ocrx_word' id='word_1_743' title='bbox 1119 2207 1183 2230; x_wconf 91' lang='lat' dir='ltr'><strong>tem</strong></span> <span class='ocrx_word' id='word_1_744' title='bbox 1199 2207 1263 2230; x_wconf 92' lang='lat' dir='ltr'><strong>non</strong></span> <span class='ocrx_word' id='word_1_745' title='bbox 1280 2196 1415 2234; x_wconf 86' lang='lat' dir='ltr'><strong>dediffe,</strong></span> <span class='ocrx_word' id='word_1_746' title='bbox 1439 2197 1488 2235; x_wconf 86' lang='lat'><strong>&amp;‚</strong></span> <span class='ocrx_word' id='word_1_747' title='bbox 1511 2195 1532 2228; x_wconf 91' lang='lat' dir='ltr'><strong>fi</strong></span> <span class='ocrx_word' id='word_1_748' title='bbox 1548 2195 1699 2241; x_wconf 77' lang='lat' dir='ltr'><strong>dedisset,</strong></span> <span class='ocrx_word' id='word_1_749' title='bbox 1723 2196 1803 2229; x_wconf 90' lang='lat' dir='ltr'><strong>nihil</strong></span> <span class='ocrx_word' id='word_1_750' title='bbox 1829 2198 1973 2240; x_wconf 83' lang='lat' dir='ltr'><strong>prohibe-</strong></span> 
     </span>
     <span class='ocr_line' id='line_1_110' title="bbox 1118 2236 1975 2281; baseline 0.001 -10"><span class='ocrx_word' id='word_1_751' title='bbox 1118 2250 1171 2278; x_wconf 83' lang='lat' dir='ltr'><strong>re,</strong></span> <span class='ocrx_word' id='word_1_752' title='bbox 1201 2238 1367 2281; x_wconf 88' lang='lat' dir='ltr'><strong>quominus</strong></span> <span class='ocrx_word' id='word_1_753' title='bbox 1397 2237 1467 2269; x_wconf 82' lang='lat' dir='ltr'><strong>darc</strong></span> <span class='ocrx_word' id='word_1_754' title='bbox 1497 2236 1668 2278; x_wconf 74' lang='lat' dir='ltr'><strong>potuisset,</strong></span> <span class='ocrx_word' id='word_1_755' title='bbox 1696 2238 1767 2280; x_wconf 89' lang='lat' dir='ltr'><strong>quia</strong></span> <span class='ocrx_word' id='word_1_756' title='bbox 1797 2247 1975 2273; x_wconf 87' lang='lat' dir='ltr'><strong>neutrarum</strong></span> 
     </span>
     <span class='ocr_line' id='line_1_111' title="bbox 1118 2277 1976 2322; baseline 0.001 -10"><span class='ocrx_word' id='word_1_757' title='bbox 1118 2281 1251 2322; x_wconf 91' lang='lat' dir='ltr'><strong>partium</strong></span> <span class='ocrx_word' id='word_1_758' title='bbox 1267 2287 1331 2311; x_wconf 89' lang='lat' dir='ltr'><strong>erat</strong></span> <span class='ocrx_word' id='word_1_759' title='bbox 1349 2279 1416 2310; x_wconf 85' lang='lat' dir='ltr'><strong>Rex</strong></span> <span class='ocrx_word' id='word_1_760' title='bbox 1432 2277 1612 2320; x_wconf 75' lang='lat' dir='ltr'><strong>Hispaniae,</strong></span> <span class='ocrx_word' id='word_1_761' title='bbox 1635 2287 1729 2320; x_wconf 90' lang='lat' dir='ltr'><strong>atque</strong></span> <span class='ocrx_word' id='word_1_762' title='bbox 1749 2279 1821 2311; x_wconf 89' lang='lat' dir='ltr'><strong>ideo</strong></span> <span class='ocrx_word' id='word_1_763' title='bbox 1845 2281 1875 2312; x_wconf 88' lang='lat'>&amp;</span> <span class='ocrx_word' id='word_1_764' title='bbox 1896 2280 1976 2313; x_wconf 83' lang='lat' dir='ltr'><strong>firni-</strong></span> 
     </span>
     <span class='ocr_line' id='line_1_112' title="bbox 1119 2318 1973 2362; baseline -0.002 -8"><span class='ocrx_word' id='word_1_765' title='bbox 1119 2323 1183 2354; x_wconf 87' lang='lat' dir='ltr'><strong>lem</strong></span> <span class='ocrx_word' id='word_1_766' title='bbox 1205 2319 1392 2362; x_wconf 83' lang='lat' dir='ltr'><strong>potestatem</strong></span> <span class='ocrx_word' id='word_1_767' title='bbox 1420 2319 1450 2352; x_wconf 88' lang='lat' dir='ltr'><strong>sc</strong></span> <span class='ocrx_word' id='word_1_768' title='bbox 1484 2318 1632 2351; x_wconf 85' lang='lat' dir='ltr'><strong>obtulisse</strong></span> <span class='ocrx_word' id='word_1_769' title='bbox 1661 2320 1766 2362; x_wconf 85' lang='lat' dir='ltr'><strong>Belgis</strong></span> <span class='ocrx_word' id='word_1_770' title='bbox 1791 2319 1973 2353; x_wconf 84' lang='lat' dir='ltr'><strong>Foederatis.</strong></span> 
     </span>
     <span class='ocr_line' id='line_1_113' title="bbox 1119 2359 1974 2403; baseline -0.002 -8"><span class='ocrx_word' id='word_1_771' title='bbox 1119 2363 1180 2395; x_wconf 88' lang='lat' dir='ltr'><strong>Sed</strong></span> <span class='ocrx_word' id='word_1_772' title='bbox 1204 2362 1278 2403; x_wconf 89' lang='lat' dir='ltr'><strong>quid</strong></span> <span class='ocrx_word' id='word_1_773' title='bbox 1303 2361 1397 2393; x_wconf 88' lang='lat' dir='ltr'><strong>liceat</strong></span> <span class='ocrx_word' id='word_1_774' title='bbox 1420 2360 1483 2392; x_wconf 88' lang='lat' dir='ltr'><strong>fine</strong></span> <span class='ocrx_word' id='word_1_775' title='bbox 1510 2360 1662 2400; x_wconf 88' lang='lat' dir='ltr'><strong>ejusmodi</strong></span> <span class='ocrx_word' id='word_1_776' title='bbox 1680 2359 1848 2399; x_wconf 89' lang='lat' dir='ltr'><strong>consensu,</strong></span> <span class='ocrx_word' id='word_1_777' title='bbox 1880 2361 1927 2400; x_wconf 74' lang='grc' dir='ltr'><strong>δι,</strong></span> <span class='ocrx_word' id='word_1_778' title='bbox 1951 2359 1974 2393; x_wconf 92' lang='lat' dir='ltr'><strong>fi</strong></span> 
     </span>
     <span class='ocr_line' id='line_1_114' title="bbox 1119 2399 1974 2446; baseline -0.002 -11"><span class='ocrx_word' id='word_1_779' title='bbox 1119 2411 1261 2446; x_wconf 88' lang='lat' dir='ltr'><strong>petatur,</strong></span> <span class='ocrx_word' id='word_1_780' title='bbox 1284 2412 1322 2434; x_wconf 84' lang='lat' dir='ltr'><strong>an</strong></span> <span class='ocrx_word' id='word_1_781' title='bbox 1342 2401 1446 2443; x_wconf 82' lang='lat' dir='ltr'><strong>negari</strong></span> <span class='ocrx_word' id='word_1_782' title='bbox 1466 2401 1578 2442; x_wconf 84' lang='lat' dir='ltr'><strong>poffit,</strong></span> <span class='ocrx_word' id='word_1_783' title='bbox 1603 2402 1634 2433; x_wconf 94' lang='lat' dir='ltr'><strong>id</strong></span> <span class='ocrx_word' id='word_1_784' title='bbox 1653 2402 1778 2442; x_wconf 87' lang='lat' dir='ltr'><strong>proprie</strong></span> <span class='ocrx_word' id='word_1_785' title='bbox 1790 2399 1836 2446; x_wconf 79' lang='lat' dir='ltr'><strong>est</strong></span> <span class='ocrx_word' id='word_1_786' title='bbox 1847 2400 1974 2442; x_wconf 89' lang='lat' dir='ltr'><strong>,dequo</strong></span> 
     </span>
     <span class='ocr_line' id='line_1_115' title="bbox 1121 2440 1975 2486; baseline -0.002 -10"><span class='ocrx_word' id='word_1_787' title='bbox 1121 2445 1306 2486; x_wconf 65' lang='lat' dir='ltr'><strong>quaerimus,</strong></span> <span class='ocrx_word' id='word_1_788' title='bbox 1343 2443 1373 2475; x_wconf 90' lang='lat'>&amp;</span> <span class='ocrx_word' id='word_1_789' title='bbox 1397 2442 1528 2484; x_wconf 88' lang='lat' dir='ltr'><strong>proinde</strong></span> <span class='ocrx_word' id='word_1_790' title='bbox 1543 2464 1555 2480; x_wconf 93' lang='lat'><strong>,</strong></span> <span class='ocrx_word' id='word_1_791' title='bbox 1585 2451 1622 2474; x_wconf 87' lang='lat' dir='ltr'><strong>an</strong></span> <span class='ocrx_word' id='word_1_792' title='bbox 1643 2441 1725 2473; x_wconf 70' lang='lat' dir='ltr'><strong>reste</strong></span> <span class='ocrx_word' id='word_1_793' title='bbox 1747 2440 1922 2483; x_wconf 85' lang='lat' dir='ltr'><strong>Episcopus</strong></span> <span class='ocrx_word' id='word_1_794' title='bbox 1943 2443 1975 2474; x_wconf 88' lang='lat' dir='ltr'><strong>in</strong></span> 
     </span>
     <span class='ocr_line' id='line_1_116' title="bbox 1121 2481 1973 2525; baseline -0.004 -8"><span class='ocrx_word' id='word_1_795' title='bbox 1121 2485 1232 2525; x_wconf 64' lang='lat' dir='ltr'><strong>Belgio</strong></span> <span class='ocrx_word' id='word_1_796' title='bbox 1259 2483 1432 2525; x_wconf 89' lang='lat' dir='ltr'><strong>Hispanico</strong></span> <span class='ocrx_word' id='word_1_797' title='bbox 1462 2483 1596 2515; x_wconf 87' lang='lat' dir='ltr'><strong>militem</strong></span> <span class='ocrx_word' id='word_1_798' title='bbox 1617 2482 1746 2522; x_wconf 88' lang='lat' dir='ltr'><strong>legerit,</strong></span> <span class='ocrx_word' id='word_1_799' title='bbox 1779 2481 1801 2514; x_wconf 90' lang='lat' dir='ltr'><strong>fi</strong></span> <span class='ocrx_word' id='word_1_800' title='bbox 1817 2481 1879 2514; x_wconf 86' lang='lat' dir='ltr'><strong>fine</strong></span> <span class='ocrx_word' id='word_1_801' title='bbox 1897 2492 1973 2515; x_wconf 90' lang='lat' dir='ltr'><strong>con-</strong></span> 
     </span>
     <span class='ocr_line' id='line_1_117' title="bbox 1121 2516 1973 2565; baseline -0.001 -7"><span class='ocrx_word' id='word_1_802' title='bbox 1121 2516 1208 2559; x_wconf 68' lang='lat' dir='ltr'><strong>sensu</strong></span> <span class='ocrx_word' id='word_1_803' title='bbox 1227 2525 1366 2557; x_wconf 86' lang='lat' dir='ltr'><strong>Praefidis</strong></span> <span class='ocrx_word' id='word_1_804' title='bbox 1383 2522 1527 2565; x_wconf 78' lang='lat' dir='ltr'><strong>legisset?</strong></span> <span class='ocrx_word' id='word_1_805' title='bbox 1551 2521 1602 2554; x_wconf 87' lang='lat' dir='ltr'><strong>De</strong></span> <span class='ocrx_word' id='word_1_806' title='bbox 1623 2531 1663 2552; x_wconf 91' lang='lat' dir='ltr'><strong>eo</strong></span> <span class='ocrx_word' id='word_1_807' title='bbox 1679 2531 1759 2555; x_wconf 89' lang='lat' dir='ltr'><strong>nunc</strong></span> <span class='ocrx_word' id='word_1_808' title='bbox 1782 2522 1847 2564; x_wconf 88' lang='lat' dir='ltr'><strong>ipse</strong></span> <span class='ocrx_word' id='word_1_809' title='bbox 1868 2523 1973 2564; x_wconf 84' lang='lat' dir='ltr'><strong>judica</strong></span> 
     </span>
     <span class='ocr_line' id='line_1_118' title="bbox 1121 2561 1872 2609; baseline -0.011 -6"><span class='ocrx_word' id='word_1_810' title='bbox 1121 2578 1161 2603; x_wconf 83' lang='lat' dir='ltr'><strong>ex</strong></span> <span class='ocrx_word' id='word_1_811' title='bbox 1181 2567 1240 2608; x_wconf 87' lang='lat' dir='ltr'><strong>iis,</strong></span> <span class='ocrx_word' id='word_1_812' title='bbox 1266 2576 1336 2609; x_wconf 81' lang='lat' dir='ltr'><strong>quae</strong></span> <span class='ocrx_word' id='word_1_813' title='bbox 1355 2565 1435 2599; x_wconf 69' lang='lat' dir='ltr'><strong>dicta</strong></span> <span class='ocrx_word' id='word_1_814' title='bbox 1453 2562 1549 2596; x_wconf 89' lang='lat' dir='ltr'><strong>modo</strong></span> <span class='ocrx_word' id='word_1_815' title='bbox 1567 2562 1598 2594; x_wconf 73' lang='grc' dir='ltr'><strong>ὅ(</strong></span> <span class='ocrx_word' id='word_1_816' title='bbox 1614 2561 1769 2604; x_wconf 86' lang='lat' dir='ltr'><strong>disputata</strong></span> <span class='ocrx_word' id='word_1_817' title='bbox 1792 2563 1872 2598; x_wconf 89' lang='lat' dir='ltr'><strong>sunt.</strong></span> 
     </span>
    </p>
   </div>
   <div class='ocr_carea' id='block_1_6' title="bbox 786 2671 1432 2714">
    <p class='ocr_par' dir='ltr' id='par_1_11' title="bbox 786 2671 1432 2714">
     <span class='ocr_line' id='line_1_119' title="bbox 786 2671 1432 2714; baseline -0.011 -2"><span class='ocrx_word' id='word_1_818' title='bbox 786 2676 1139 2714; x_wconf 92' lang='lat' dir='ltr'><strong>CAPUT</strong></span> <span class='ocrx_word' id='word_1_819' title='bbox 1214 2671 1432 2710; x_wconf 86' lang='lat' dir='ltr'>XXIII.</span> 
     </span>
    </p>
   </div>
   <div class='ocr_carea' id='block_1_7' title="bbox 526 2756 1670 2810">
    <p class='ocr_par' dir='ltr' id='par_1_12' title="bbox 526 2756 1670 2810">
     <span class='ocr_line' id='line_1_120' title="bbox 526 2756 1670 2810; baseline -0.008 -9"><span class='ocrx_word' id='word_1_820' title='bbox 526 2764 578 2801; x_wconf 87' lang='lat' dir='ltr'><strong>An</strong></span> <span class='ocrx_word' id='word_1_821' title='bbox 597 2762 738 2810; x_wconf 77' lang='lat' dir='ltr'><strong>singulis</strong></span> <span class='ocrx_word' id='word_1_822' title='bbox 763 2762 871 2810; x_wconf 82' lang='lat' dir='ltr'><strong>Belgii</strong></span> <span class='ocrx_word' id='word_1_823' title='bbox 895 2765 1054 2800; x_wconf 80' lang='lat' dir='ltr'><strong>Foederati</strong></span> <span class='ocrx_word' id='word_1_824' title='bbox 1081 2763 1265 2801; x_wconf 83' lang='lat' dir='ltr'><strong>Provinciis</strong></span> <span class='ocrx_word' id='word_1_825' title='bbox 1284 2761 1342 2806; x_wconf 85' lang='lat' dir='ltr'><strong>jus</strong></span> <span class='ocrx_word' id='word_1_826' title='bbox 1358 2756 1404 2803; x_wconf 67' lang='lat' dir='ltr'><strong>fir</strong></span> <span class='ocrx_word' id='word_1_827' title='bbox 1430 2758 1506 2794; x_wconf 86' lang='lat' dir='ltr'><strong>belli</strong></span> <span class='ocrx_word' id='word_1_828' title='bbox 1527 2757 1670 2804; x_wconf 81' lang='lat' dir='ltr'><strong>gerendi.</strong></span> 
     </span>
    </p>
   </div>
   <div class='ocr_carea' id='block_1_8' title="bbox 289 2859 1075 2943">
    <p class='ocr_par' dir='ltr' id='par_1_13' title="bbox 289 2859 1075 2943">
     <span class='ocr_line' id='line_1_121' title="bbox 289 2859 1075 2902; baseline -0.003 -8"><span class='ocrx_word' id='word_1_829' title='bbox 289 2871 310 2894; x_wconf 80' lang='lat' dir='ltr'>x</span> <span class='ocrx_word' id='word_1_830' title='bbox 326 2862 497 2894; x_wconf 85' lang='lat' dir='ltr'><strong>Annalibus</strong></span> <span class='ocrx_word' id='word_1_831' title='bbox 520 2861 649 2902; x_wconf 88' lang='lat' dir='ltr'><strong>aliisque</strong></span> <span class='ocrx_word' id='word_1_832' title='bbox 669 2859 755 2892; x_wconf 70' lang='lat' dir='ltr'><strong>Attis</strong></span> <span class='ocrx_word' id='word_1_833' title='bbox 775 2860 911 2902; x_wconf 88' lang='lat' dir='ltr'><strong>publicis</strong></span> <span class='ocrx_word' id='word_1_834' title='bbox 928 2861 1020 2902; x_wconf 91' lang='lat' dir='ltr'><strong>plena</strong></span> <span class='ocrx_word' id='word_1_835' title='bbox 1041 2860 1075 2892; x_wconf 89' lang='lat' dir='ltr'><strong>fi-</strong></span> 
     </span>
     <span class='ocr_line' id='line_1_122' title="bbox 301 2901 1073 2943; baseline -0.004 -8"><span class='ocrx_word' id='word_1_836' title='bbox 301 2904 340 2935; x_wconf 90' lang='lat' dir='ltr'><strong>de</strong></span> <span class='ocrx_word' id='word_1_837' title='bbox 365 2903 504 2942; x_wconf 88' lang='lat' dir='ltr'><strong>constat,</strong></span> <span class='ocrx_word' id='word_1_838' title='bbox 528 2912 596 2935; x_wconf 89' lang='lat' dir='ltr'><strong>eam</strong></span> <span class='ocrx_word' id='word_1_839' title='bbox 623 2909 768 2933; x_wconf 87' lang='lat' dir='ltr'><strong>veterum</strong></span> <span class='ocrx_word' id='word_1_840' title='bbox 794 2901 958 2943; x_wconf 85' lang='lat' dir='ltr'><strong>Belgarum</strong></span> <span class='ocrx_word' id='word_1_841' title='bbox 981 2901 1073 2933; x_wconf 86' lang='lat' dir='ltr'><strong>fuiss&#39;e</strong></span> 
     </span>
    </p>
   </div>
   <div class='ocr_carea' id='block_1_9' title="bbox 1117 2852 1977 2941">
    <p class='ocr_par' dir='ltr' id='par_1_14' title="bbox 1117 2852 1977 2941">
     <span class='ocr_line' id='line_1_123' title="bbox 1117 2852 1977 2901; baseline -0.002 -10"><span class='ocrx_word' id='word_1_842' title='bbox 1117 2858 1276 2901; x_wconf 89' lang='lat' dir='ltr'><strong>Populus,</strong></span> <span class='ocrx_word' id='word_1_843' title='bbox 1303 2864 1404 2897; x_wconf 90' lang='lat' dir='ltr'><strong>neque</strong></span> <span class='ocrx_word' id='word_1_844' title='bbox 1427 2854 1473 2887; x_wconf 92' lang='lat' dir='ltr'><strong>Po</strong></span> <span class='ocrx_word' id='word_1_845' title='bbox 1497 2854 1569 2886; x_wconf 88' lang='lat' dir='ltr'><strong>ulus</strong></span> <span class='ocrx_word' id='word_1_846' title='bbox 1585 2861 1726 2892; x_wconf 86' lang='lat' dir='ltr'><strong>tantum,</strong></span> <span class='ocrx_word' id='word_1_847' title='bbox 1748 2852 1800 2886; x_wconf 92' lang='lat' dir='ltr'><strong>sed</strong></span> <span class='ocrx_word' id='word_1_848' title='bbox 1824 2853 1855 2887; x_wconf 90' lang='lat'>&amp;</span> <span class='ocrx_word' id='word_1_849' title='bbox 1873 2854 1977 2889; x_wconf 68' lang='lat' dir='ltr'><strong>Urbes</strong></span> 
     </span>
     <span class='ocr_line' id='line_1_124' title="bbox 1118 2894 1973 2941; baseline -0.002 -9"><span class='ocrx_word' id='word_1_850' title='bbox 1118 2898 1280 2941; x_wconf 86' lang='lat' dir='ltr'><strong>&amp;oppida</strong></span> <span class='ocrx_word' id='word_1_851' title='bbox 1307 2896 1360 2929; x_wconf 90' lang='lat' dir='ltr'><strong>suo</strong></span> <span class='ocrx_word' id='word_1_852' title='bbox 1383 2906 1443 2928; x_wconf 84' lang='lat' dir='ltr'><strong>aere</strong></span> <span class='ocrx_word' id='word_1_853' title='bbox 1480 2904 1517 2926; x_wconf 90' lang='lat' dir='ltr'><strong>ua</strong></span> <span class='ocrx_word' id='word_1_854' title='bbox 1550 2895 1633 2927; x_wconf 90' lang='lat' dir='ltr'><strong>bella</strong></span> <span class='ocrx_word' id='word_1_855' title='bbox 1680 2894 1818 2927; x_wconf 83' lang='lat' dir='ltr'><strong>ess‘erint.</strong></span> <span class='ocrx_word' id='word_1_856' title='bbox 1863 2895 1909 2928; x_wconf 93' lang='lat' dir='ltr'><strong>Ut</strong></span> <span class='ocrx_word' id='word_1_857' title='bbox 1923 2905 1973 2930; x_wconf 88' lang='lat' dir='ltr'><strong>au.-</strong></span> 
     </span>
    </p>
   </div>
   <div class='ocr_carea' id='block_1_10' title="bbox 214 2935 1974 2985">
    <p class='ocr_par' dir='ltr' id='par_1_15' title="bbox 214 2935 1974 2985">
     <span class='ocr_line' id='line_1_125' title="bbox 214 2935 1974 2985; baseline -0.005 -9"><span class='ocrx_word' id='word_1_858' title='bbox 214 2945 411 2983; x_wconf 79' lang='lat' dir='ltr'><strong>libertatem,</strong></span> <span class='ocrx_word' id='word_1_859' title='bbox 443 2952 479 2975; x_wconf 89' lang='lat' dir='ltr'><strong>ut</strong></span> <span class='ocrx_word' id='word_1_860' title='bbox 501 2953 566 2977; x_wconf 91' lang='lat' dir='ltr'><strong>non</strong></span> <span class='ocrx_word' id='word_1_861' title='bbox 594 2943 746 2975; x_wconf 84' lang='lat' dir='ltr'><strong>duntaxat</strong></span> <span class='ocrx_word' id='word_1_862' title='bbox 769 2942 938 2985; x_wconf 90' lang='lat' dir='ltr'><strong>Princeps,</strong></span> <span class='ocrx_word' id='word_1_863' title='bbox 968 2942 1019 2976; x_wconf 90' lang='lat' dir='ltr'><strong>scd.</strong></span> <span class='ocrx_word' id='word_1_864' title='bbox 1042 2942 1072 2975; x_wconf 84' lang='lat'>&amp;</span> <span class='ocrx_word' id='word_1_865' title='bbox 1115 2948 1178 2974; x_wconf 89' lang='lat' dir='ltr'><strong>tem</strong></span> <span class='ocrx_word' id='word_1_866' title='bbox 1195 2937 1402 2981; x_wconf 89' lang='lat' dir='ltr'><strong>posteriorum</strong></span> <span class='ocrx_word' id='word_1_867' title='bbox 1427 2936 1591 2969; x_wconf 90' lang='lat' dir='ltr'><strong>Comitum</strong></span> <span class='ocrx_word' id='word_1_868' title='bbox 1607 2936 1642 2970; x_wconf 89' lang='lat' dir='ltr'><strong>in</strong></span> <span class='ocrx_word' id='word_1_869' title='bbox 1690 2935 1774 2978; x_wconf 84' lang='lat' dir='ltr'><strong>elgio</strong></span> <span class='ocrx_word' id='word_1_870' title='bbox 1797 2937 1902 2969; x_wconf 85' lang='lat' dir='ltr'><strong>crevit</strong></span> <span class='ocrx_word' id='word_1_871' title='bbox 1921 2945 1974 2978; x_wconf 91' lang='lat' dir='ltr'><strong>po-</strong></span> 
     </span>
    </p>
   </div>
   <div class='ocr_carea' id='block_1_11' title="bbox 246 3062 866 3219">
    <p class='ocr_par' dir='ltr' id='par_1_16' title="bbox 249 3062 866 3139">
     <span class='ocr_line' id='line_1_126' title="bbox 255 3062 866 3101; baseline 0.008 -9"><span class='ocrx_word' id='word_1_872' title='bbox 255 3064 313 3101; x_wconf 81' lang='lat'><strong>(2)</strong></span> <span class='ocrx_word' id='word_1_873' title='bbox 335 3066 450 3096; x_wconf 83' lang='lat' dir='ltr'><strong>Exstant</strong></span> <span class='ocrx_word' id='word_1_874' title='bbox 470 3066 546 3096; x_wconf 85' lang='lat' dir='ltr'><strong>Plac.</strong></span> <span class='ocrx_word' id='word_1_875' title='bbox 566 3066 603 3095; x_wconf 89' lang='lat'><strong>11.</strong></span> <span class='ocrx_word' id='word_1_876' title='bbox 623 3073 652 3101; x_wconf 76' lang='grc'><strong>4.</strong></span> <span class='ocrx_word' id='word_1_877' title='bbox 675 3072 718 3100; x_wconf 82' lang='grc'><strong>13.</strong></span> <span class='ocrx_word' id='word_1_878' title='bbox 738 3062 776 3101; x_wconf 59' lang='grc' dir='ltr'><strong>ὅ)</strong></span> <span class='ocrx_word' id='word_1_879' title='bbox 794 3066 866 3097; x_wconf 78' lang='lat' dir='ltr'><strong>alibi.</strong></span> 
     </span>
     <span class='ocr_line' id='line_1_127' title="bbox 249 3102 660 3139; baseline 0.007 -10"><span class='ocrx_word' id='word_1_880' title='bbox 249 3102 308 3138; x_wconf 87' lang='lat'><strong>(3)</strong></span> <span class='ocrx_word' id='word_1_881' title='bbox 328 3103 428 3133; x_wconf 80' lang='lat' dir='ltr'><strong>Ibidem</strong></span> <span class='ocrx_word' id='word_1_882' title='bbox 448 3105 498 3134; x_wconf 90' lang='lat'>111.</span> <span class='ocrx_word' id='word_1_883' title='bbox 521 3114 544 3134; x_wconf 87' lang='grc'><strong>1.</strong></span> <span class='ocrx_word' id='word_1_884' title='bbox 568 3111 594 3139; x_wconf 88' lang='lat'><strong>7.</strong></span> <span class='ocrx_word' id='word_1_885' title='bbox 616 3111 660 3138; x_wconf 87' lang='grc'><strong>13.</strong></span> 
     </span>
    </p>

    <p class='ocr_par' dir='ltr' id='par_1_17' title="bbox 247 3139 636 3178">
     <span class='ocr_line' id='line_1_128' title="bbox 247 3139 636 3178; baseline 0.01 -12"><span class='ocrx_word' id='word_1_886' title='bbox 247 3141 307 3175; x_wconf 86' lang='lat'><strong>(4)</strong></span> <span class='ocrx_word' id='word_1_887' title='bbox 329 3139 404 3168; x_wconf 76' lang='lat' dir='ltr'><strong>Plac.</strong></span> <span class='ocrx_word' id='word_1_888' title='bbox 424 3143 474 3170; x_wconf 86' lang='lat'>111.</span> <span class='ocrx_word' id='word_1_889' title='bbox 497 3151 521 3172; x_wconf 87' lang='lat'><strong>1.</strong></span> <span class='ocrx_word' id='word_1_890' title='bbox 543 3149 569 3177; x_wconf 70' lang='lat'><strong>7·</strong></span> <span class='ocrx_word' id='word_1_891' title='bbox 592 3150 636 3178; x_wconf 88' lang='lat'><strong>14.</strong></span> 
     </span>
    </p>

    <p class='ocr_par' dir='ltr' id='par_1_18' title="bbox 246 3177 800 3219">
     <span class='ocr_line' id='line_1_129' title="bbox 246 3177 800 3219; baseline 0.011 -13"><span class='ocrx_word' id='word_1_892' title='bbox 246 3177 306 3215; x_wconf 84' lang='lat'><strong>(5)</strong></span> <span class='ocrx_word' id='word_1_893' title='bbox 325 3177 430 3215; x_wconf 72' lang='lat' dir='ltr'><strong>Repert.</strong></span> <span class='ocrx_word' id='word_1_894' title='bbox 449 3179 532 3209; x_wconf 79' lang='lat' dir='ltr'><strong>Curioe</strong></span> <span class='ocrx_word' id='word_1_895' title='bbox 551 3180 627 3211; x_wconf 73' lang='lat' dir='ltr'><strong>Heu.</strong></span> <span class='ocrx_word' id='word_1_896' title='bbox 654 3188 683 3219; x_wconf 82' lang='lat' dir='ltr'><strong>p.</strong></span> <span class='ocrx_word' id='word_1_897' title='bbox 699 3187 746 3211; x_wconf 81' lang='lat'><strong>20.</strong></span> <span class='ocrx_word' id='word_1_898' title='bbox 761 3181 800 3213; x_wconf 73' lang='grc' dir='ltr'><strong>Δ.</strong></span> 
     </span>
    </p>
   </div>
   <div class='ocr_carea' id='block_1_12' title="bbox 1863 2976 1970 3017">
    <p class='ocr_par' dir='ltr' id='par_1_19' title="bbox 1863 2976 1970 3017">
     <span class='ocr_line' id='line_1_130' title="bbox 1863 2976 1970 3017; baseline 0.009 -7"><span class='ocrx_word' id='word_1_899' title='bbox 1863 2976 1970 3017; x_wconf 77' lang='lat' dir='ltr'><strong>testas,</strong></span> 
     </span>
    </p>
   </div>
   <div class='ocr_carea' id='block_1_13' title="bbox 1152 3059 1736 3214">
    <p class='ocr_par' dir='ltr' id='par_1_20' title="bbox 1153 3059 1573 3098">
     <span class='ocr_line' id='line_1_131' title="bbox 1153 3059 1573 3098; baseline -0.002 -8"><span class='ocrx_word' id='word_1_900' title='bbox 1153 3060 1213 3098; x_wconf 88' lang='lat'><strong>(6)</strong></span> <span class='ocrx_word' id='word_1_901' title='bbox 1234 3059 1309 3088; x_wconf 84' lang='lat' dir='ltr'><strong>Plac.</strong></span> <span class='ocrx_word' id='word_1_902' title='bbox 1328 3060 1365 3089; x_wconf 85' lang='lat'><strong>11.</strong></span> <span class='ocrx_word' id='word_1_903' title='bbox 1385 3069 1411 3096; x_wconf 84' lang='lat'><strong>4.</strong></span> <span class='ocrx_word' id='word_1_904' title='bbox 1434 3067 1476 3095; x_wconf 85' lang='lat'><strong>13.</strong></span> <span class='ocrx_word' id='word_1_905' title='bbox 1499 3067 1525 3095; x_wconf 82' lang='lat'><strong>3.</strong></span> <span class='ocrx_word' id='word_1_906' title='bbox 1548 3068 1573 3089; x_wconf 85' lang='lat'><strong>1.</strong></span> 
     </span>
    </p>

    <p class='ocr_par' dir='ltr' id='par_1_21' title="bbox 1152 3098 1599 3135">
     <span class='ocr_line' id='line_1_132' title="bbox 1152 3098 1599 3135; baseline 0 -9"><span class='ocrx_word' id='word_1_907' title='bbox 1152 3099 1212 3135; x_wconf 88' lang='lat'><strong>(7)</strong></span> <span class='ocrx_word' id='word_1_908' title='bbox 1232 3098 1330 3126; x_wconf 72' lang='lat' dir='ltr'><strong>Ibidem</strong></span> <span class='ocrx_word' id='word_1_909' title='bbox 1350 3099 1385 3127; x_wconf 83' lang='grc' dir='ltr'><strong>Π.</strong></span> <span class='ocrx_word' id='word_1_910' title='bbox 1406 3106 1433 3133; x_wconf 84' lang='grc'><strong>4.</strong></span> <span class='ocrx_word' id='word_1_911' title='bbox 1458 3105 1500 3132; x_wconf 83' lang='lat'><strong>13.</strong></span> <span class='ocrx_word' id='word_1_912' title='bbox 1522 3105 1549 3132; x_wconf 86' lang='lat'><strong>3.</strong></span> <span class='ocrx_word' id='word_1_913' title='bbox 1568 3099 1599 3126; x_wconf 57' lang='lat' dir='ltr'><strong>zi</strong></span> 
     </span>
    </p>

    <p class='ocr_par' dir='ltr' id='par_1_22' title="bbox 1153 3136 1536 3174">
     <span class='ocr_line' id='line_1_133' title="bbox 1153 3136 1536 3174; baseline -0.008 -7"><span class='ocrx_word' id='word_1_914' title='bbox 1153 3138 1215 3174; x_wconf 88' lang='lat'><strong>(8)</strong></span> <span class='ocrx_word' id='word_1_915' title='bbox 1236 3136 1335 3165; x_wconf 82' lang='lat' dir='ltr'><strong>Ibidem</strong></span> <span class='ocrx_word' id='word_1_916' title='bbox 1355 3138 1390 3165; x_wconf 88' lang='lat'><strong>11.</strong></span> <span class='ocrx_word' id='word_1_917' title='bbox 1412 3145 1439 3171; x_wconf 88' lang='lat'><strong>4.</strong></span> <span class='ocrx_word' id='word_1_918' title='bbox 1463 3143 1486 3171; x_wconf 88' lang='grc'><strong>7.</strong></span> <span class='ocrx_word' id='word_1_919' title='bbox 1508 3144 1536 3171; x_wconf 85' lang='grc'><strong>4.</strong></span> 
     </span>
    </p>

    <p class='ocr_par' dir='ltr' id='par_1_23' title="bbox 1153 3171 1736 3214">
     <span class='ocr_line' id='line_1_134' title="bbox 1153 3171 1736 3214; baseline -0.005 -9"><span class='ocrx_word' id='word_1_920' title='bbox 1153 3175 1211 3214; x_wconf 88' lang='lat'><strong>(9)</strong></span> <span class='ocrx_word' id='word_1_921' title='bbox 1230 3174 1360 3205; x_wconf 80' lang='lat' dir='ltr'><strong>Aitzema</strong></span> <span class='ocrx_word' id='word_1_922' title='bbox 1379 3174 1414 3206; x_wconf 86' lang='lat' dir='ltr'><strong>L.</strong></span> <span class='ocrx_word' id='word_1_923' title='bbox 1426 3174 1531 3204; x_wconf 73' lang='lat' dir='ltr'>XLVI.</span> <span class='ocrx_word' id='word_1_924' title='bbox 1551 3171 1635 3203; x_wconf 75' lang='lat' dir='ltr'><strong>variis</strong></span> <span class='ocrx_word' id='word_1_925' title='bbox 1655 3171 1736 3202; x_wconf 69' lang='lat' dir='ltr'><strong>locis:</strong></span> 
     </span>
    </p>
   </div>
  </div>
 </body>
</html>
