2008 3436
290 101 704 142 PRAETERM.
755 102 851 138 AD
901 101 1027 136 L.11.
1077 102 1168 138 DE
1217 101 1426 141 onio.
1479 107 1636 154 JUR.

80 188 230 225 ficatione
246 186 439 228 componendi.
484 182 542 217 Illa
563 191 668 216 autem
692 181 863 227 verbaQut
877 186 942 222 pos-

79 235 141 272 sent
160 233 255 271 Leges
279 230 406 271 apertius
427 228 563 268 percipi,
591 235 659 267 quae
678 222 740 256 fine
760 230 943 269 Vitio-mor-

71 270 164 309 ’bove
179 274 239 305 cii‘e
261 271 354 304 ausim
382 267 552 310 spondere,
575 267 712 303 vellem,
734 273 774 296 ne
791 262 944 311 ⁴CuJacius

82 320 239 350 Commeat.
256 311 327 355 post.
349 312 386 343 acl
407 311 428 343 l.
442 319 472 352 7.
497 310 533 345 {¹2²
555 314 583 345 8.
602 307 643 350 ff.
664 308 697 338 de
721 305 882 346 Jurzsdzct.
902 315 943 337 cx

77 354 164 394 fiotis
223 355 303 388 male
331 352 498 386 intellectis
517 375 527 391 ,
562 358 632 382 nata
651 346 794 390 putasset.
840 345 945 393 Notas

79 382 205 444 quidei’n
220 395 298 444 ipsas
313 404 377 427 non
396 391 519 430 adfert,
530 391 580 424 sed
597 397 794 432 quaecunque
803 386 943 435 suerint,

80 453 119 476 ex
138 441 198 474 ,oni
232 438 318 480 jubet
333 458 344 475 ,
375 435 448 466 unde
476 434 510 464 de
534 433 624 474 plano
647 431 720 462 recte
747 431 807 471 legt
822 429 943 471 poffent.

78 454 142 519 Seii
167 491 205 515 nc
235 478 358 521 quidem
374 498 386 515 ,
409 483 444 506 ut
459 474 567 512 vides,
597 473 695 518 litei-:e
712 471 850 504 initiales
867 480 941 517 con-

78 526 237 559 veniunt3
268 526 303 551 ut
329 515 442 550 frustra
471 514 544 554 fini,
578 514 600 547 si
623 514 703 546 ierio
730 513 760 546 dt
777 513 860 544 bona
880 512 943 544 nde

76 567 144 600 haec
163 570 350 605 oppugnem.
700 598 706 603 ²

119 607 204 640 Duos
219 604 295 635 alios
312 602 349 633 ad
366 600 477 631 easdem
499 598 625 630 Tabulas
655 599 835 641 adjecerunt.
879 595 942 628 Co-

75 650 137 682 dex
157 655 242 680 nicus
257 643 328 677 MS.
360 641 449 681 cujus
474 640 526 672 liic
551 639 701 678 memini,
724 640 828 670 eisdem
847 637 941 669 Tabu-

75 693 111 724 lis
127 690 318 732 adjecerunt,
336 683 426 716 nullo
446 680 645 721 discrimine,
670 688 764 722 atque
780 680 858 712 adeo
873 678 942 712 nul-

78 734 107 767 la
126 728 264 764 mutandi
282 725 381 758 causa.

78 770 81 771 ⁷
120 773 173 806 Ex
189 769 356 803 <reficientia
373 767 523 808 appellatae
536 764 610 808 sunt
634 764 729 807 Leges
746 763 822 810 XII.
849 762 939 809 Tabb.

76 815 173 849 Recte
197 811 250 844 alii
279 809 470 852 probarunt,
495 817 532 840 ex
554 808 719 838 accidentia
741 806 811 837 latis
827 804 939 850 Latine

75 857 138 890 dici
162 864 221 898 pro
247 862 284 884 ex
314 851 470 882 accidenti.
503 848 606 891 quod,
639 847 781 920 quamvis
800 846 939 878 usitatius

76 899 132 938 sit,
167 905 230 929 non
262 893 381 925 idcirco
406 899 508 924 tamen
530 899 606 922 mox
628 888 673 921 et
696 887 909 930 reponendum
928 896 937 925 ;

122 938 184 972 tuit
198 936 261 968 alio
287 934 337 966 uiri
357 945 375 965 a
391 932 486 965 facile
508 931 605 972 repeti
626 940 666 962 ex
686 928 827 971 sequenti
842 929 938 969 appel-

77 949 153 1013 ffrae.
178 979 250 1011 Ant.
286 975 367 1007 'aber
383 975 414 1006 in
431 974 552 1006 Ration.
581 971 702 1003 mavult
721 980 758 1002 ex
776 971 939 1001 accedenti-

78 1025 150 1061 bus,
169 1021 200 1052 id
215 1017 281 1056 est,
297 1021 412 1057 propter
430 1025 498 1053 eas,
529 1024 589 1060 qicae
602 1012 796 1059 accefferunn
829 1011 897 1057 Sed·
909 1011 938 1044 &

79 1064 130 1096 liic
155 1060 231 1093 nihil
255 1056 468 1095 mutaverim,
500 1065 576 1097 quin
600 1054 712 1087 nullibi
721 1078 731 1094 ,
765 1053 822 1086 nisi
838 1062 938 1093 major

79 1104 159 1138 ratio
174 1102 221 1135 fit.

415 1181 468 1215 Aa
510 1180 539 1223 ς.
560 1180 602 1214 V.

116 1270 178 1304 His
198 1269 328 1312 Legibus
346 1266 435 1305 latis,
468 1267 570 1307 coepit,
593 1272 625 1297 ut
643 1265 821 1297 naturaliter
839 1265 937 1296 eveni-

71 1324 101 1346 re
141 1313 196 1344 olet
218 1334 228 1349 ,
256 1316 289 1341 ut
315 1309 516 1350 interpretatio
548 1305 720 1347 desideraret
744 1307 937 1338 Prudentium

73 1356 125 1387 aut
140 1355 244 1386 oritate
263 1349 449 1392 neceffariam
466 1348 515 1390 effe
528 1348 763 1391 Diypzitationem
771 1348 847 1389 fori.
861 1347 936 1379 Ver·

72 1397 112 1428 ba
125 1396 193 1428 haec
211 1393 356 1426 nonnihil
379 1391 501 1423 turbata
527 1391 589 1423 ess'e
613 1390 732 1432 liquet;
760 1391 789 1422 &
807 1388 877 1421 inde
899 1388 936 1421 ad

71 1447 108 1470 ea
122 1435 311 1470 restituenda
327 1433 405 1465 varii
426 1430 599 1475 symbolam
615 1432 832 1464 contulerunt.
856 1430 935 1463 Cha-

71 1479 185 1512 rondas
199 1486 240 1509 ex
262 1475 381 1509 Codice
396 1474 468 1508 MS.
494 1474 625 1506 exhibet
635 1496 647 1514 ,
669 1472 871 1505 auctoritatem
885 1482 934 1504 rie-

71 1520 220 1595 ffariam
243 1528 257 1550 e
290 1516 496 1559 Disputatione
517 1516 595 1557 fori.
648 1514 820 1547 Goveanus
844 1514 885 1547 L.
909 1513 932 1546 I.

107 1572 151 1594 ar.
176 1559 259 1594 Leet.
285 1559 318 1591 C.
340 1568 390 1599 24.
415 1557 460 1590 ita
489 1558 566 1600 legit
581 1557 611 1590 &
629 1557 849 1600 interpungit:
873 1555 934 1589 His

72 1605 206 1647 Legibus
223 1602 308 1640 latis,
328 1601 412 1641 caepit
441 1599 460 1641 ζ
469 1605 502 1631 ut
520 1599 699 1631 naturaliter
717 1600 832 1631 evenire
840 1598 934 1640 filet,

70 1644 316 1686 utinterpretatio
333 1640 470 1681 desideret
493 1641 690 1673 Prudentium
714 1640 934 1683 auetoritatem)

68 1686 224 1728 necoffizria
238 1685 288 1727 effe
307 1683 476 1726 Disputatio
488 1683 565 1724 fori.
575 1692 668 1725 quam
683 1681 934 1715 emendationem

68 1728 197 1771 plurimi
215 1726 358 1769 probant.
412 1724 483 1767 Ego
510 1725 619 1766 potius
636 1723 666 1757 se
689 1734 747 1756 uor
766 1723 934 1756 lectionem

67 1769 230 1810 utriusque
252 1767 462 1808 Manuscripti
487 1766 576 1806 mei,
607 1734 800 1808 eandemque
818 1764 932 1807 Vulga-

68 1819 149 1851 tam,
182 1810 235 1841 ubi
263 1809 308 1841 ita
329 1808 390 1841 est:
426 1807 488 1840 His
504 1808 637 1851 Legibus
653 1807 742 1847 latis,
765 1807 850 1848 coepit
867 1829 879 1846 ,
900 1813 934 1839 ut

67 1852 243 1885 naturaliter
258 1852 375 1882 evenire
384 1850 481 1892 fhlet,
496 1856 529 1881 ut
546 1854 624 1881 inter
644 1851 747 1881 retatio
764 1848 934 1888 desideraret

68 1894 262 1928 Pmdentium
277 1892 500 1931 aict'toritatem,
534 1855 774 1933 necefflriamque
793 1890 933 1931 Disputa-

66 1938 172 1968 tionem
180 1935 256 1976 fori.
300 1934 365 1966 Alii
385 1933 416 1965 id
434 1933 637 1974 protulerunt
664 1941 810 1975 tanquam
825 1941 866 1964 ex
902 1941 932 1964 e-

65 1987 108 2010 nu
126 1975 192 2009 suo.
235 1975 410 2017 Stephanus
427 1984 555 2016 quoque
571 1975 615 2006 ita
629 1974 748 2013 edidit,
774 1971 824 2006 sed
835 1941 935 2013 addit,

66 2019 116 2060 effe
129 2041 139 2054 ,
158 2017 395 2059 rzeceffitriamque
416 2017 466 2058 effie
484 2016 718 2057 Disputationem
725 2016 791 2056 fori
798 2039 809 2055 ,
822 2015 930 2055 credo,

66 2068 103 2091 ut
119 2060 221 2091 minus
239 2059 400 2090 recedatur
421 2068 439 2090 a
459 2057 611 2099 scriptura
635 2056 830 2089 Fici-emina.
874 2056 930 2089 At-

67 2110 127 2142 que
152 2100 219 2132 haec
243 2098 306 2140 ipsa
333 2100 427 2132 restio
452 2098 516 2138 est,
545 2108 637 2142 quam
652 2107 693 2130 ex
707 2098 809 2130 veteri
831 2097 931 2130 Libro

68 2141 178 2174 attulit
192 2140 374 2172 Taurellius
397 2141 430 2173 in
450 2141 612 2173 Adnotatis
632 2151 642 2172 .·
661 2139 748 2182 quod
764 2146 869 2172 autem
886 2139 930 2171 ibi

67 2183 134 2222 ait,
168 2181 339 2214 Florentiae
362 2182 445 2223 legi,
474 2181 700 2223 Disputatione,
730 2180 863 2213 omnino
884 2180 930 2213 vi-

67 2224 183 2256 tiosum
202 2222 256 2254 est.
301 2223 449 2255 Muretus
465 2223 559 2254 etiam
576 2223 744 2265 Vulgatain
767 2220 929 2263 sequitur,

66 2265 119 2299 sed
137 2265 258 2297 mavult
278 2264 309 2295 in
327 2263 409 2303 fine,
443 2264 652 2306 necelsariaque
677 2263 742 2305 effet
758 2263 929 2306 Dglputatio

60 2308 136 2349 fori.
166 2306 250 2346 quod
279 2304 426 2344 Cuiacius
442 2327 453 2344 ,
481 2305 555 2337 dum
569 2306 613 2337 ita
629 2306 780 2344 exhibet,
803 2304 930 2336 videtur

63 2349 206 2391 probare.
251 2346 430 2379 Bacliovius
447 2346 484 2377 ad
500 2354 527 2375 n
537 2352 588 2377 zm
599 2347 696 2378 etiam
711 2345 857 2379 nonnihil
875 2355 928 2377 co-

65 2397 177 2428 natur,
212 2386 263 2420 sed
279 2410 289 2425 ‚
322 2397 361 2419 ne
384 2397 477 2428 quem
503 2396 617 2420 tei-reat
634 2411 645 2427 ,
675 2387 850 2420 monstrum
864 2396 929 2420 non

65 2430 212 2474 profligo.
255 2428 476 2461 Gothofredus
497 2430 528 2462 in
548 2429 623 2462 Not.
641 2428 824 2471 simpliciter
842 2428 928 2460 delet

64 2473 135 2515 effi,
166 2471 217 2504 sed
247 2470 400 2503 sententia
427 2471 519 2511 hujus
548 2471 613 2502 loci
630 2470 835 2502 nihilominus
851 2477 928 2501 tunc

65 2522 212 2547 contorta
236 2513 296 2544 erit
314 2523 324 2551 ;
355 2512 377 2544 fi
398 2511 443 2544 ita
461 2512 597 2551 sederet,
623 2512 730 2553 potius
747 2512 883 2552 legerem
897 2510 928 2543 ὃς

63 2557 333 2597 interpungerem:
355 2559 387 2585 ut
408 2555 610 2594 interpretatio
637 2552 830 2592 defideraret‚
850 2552 927 2584 Pru-

63 2599 193 2629 dentium
219 2595 388 2626 auetoritate
411 2595 586 2668 necehfflzrz'cz,
619 2595 856 2636 Disputationem
875 2593 926 2634 fo-

63 2641 99 2671 ri.
126 2637 176 2669 sed
188 2659 200 2675 ,
220 2645 256 2668 ut
269 2636 355 2675 dixi,
378 2636 457 2668 bene
494 2637 567 2668 abet
582 2636 729 2679 Vulgata.

109 2679 200 2712 Datis
212 2679 336 2718 propriis
353 2679 514 2709 nominibus
528 2679 638 2709 caeteris
655 2678 801 2719 partibor.
847 2673 926 2708 Non

65 2722 132 2756 sum
153 2728 217 2751 tam
233 2717 392 2757 morosus,
421 2726 457 2750 ut
483 2719 551 2751 haec
570 2719 685 2759 verba,
712 2728 781 2761 quae
798 2717 927 2751 Floren-

65 2763 119 2796 tiae
133 2759 255 2792 exstant
272 2781 284 2798 ,
309 2759 339 2791 ὅ(
364 2760 489 2832 quidem
512 2770 577 2792 non
600 2760 861 2802 circumscripta,
890 2766 926 2790 ut

62 2811 223 2847 perperam
239 2800 292 2832 alii
308 2808 364 2831 cen
379 2808 452 2841 ent,
475 2802 528 2833 vel
547 2802 699 2842 ejicienda
720 2809 850 2844 putem,
873 2800 928 2832 vel

63 2841 262 2878 adscribenda
281 2839 477 2876 Gloffemati.
519 2843 609 2885 Saepe
623 2842 696 2884 JCti
712 2852 858 2882 veteres,
872 2840 925 2874 sae·

63 2884 170 2929 pealii
190 2882 342 2915 Auctores
398 2892 413 2914 r
440 2885 471 2914 id
495 2882 555 2925 est,
576 2884 711 2916 aliamve
725 2884 897 2917 formulam
913 2906 924 2923 ‚

65 2928 118 2959 vel
147 2922 327 2969 etiam-fine
369 2924 489 2969 ormula
501 2947 514 2964 ,
536 2924 666 2967 seipsos
681 2926 866 2968 explicant,
889 2933 925 2957 ut

61 2969 111 3002 bis
129 2966 211 2998 idem
225 2963 335 2996 dixisse
352 2963 536 3010 Videantur3
559 2966 702 3009 idemque
715 2977 774 3000 nos
791 2966 927 3000 facimus

63 3007 231 3052 quotidie,
265 3014 324 3037 nec
346 3013 461 3046 opinor
485 3015 671 3049 quemquam
683 3008 767 3049 effe,
789 3009 842 3040 cui
860 3018 926 3041 non

66 3049 198 3094 geminae
233 3046 414 3079 locutiones
439 3044 520 3088 saepe
542 3048 728 3082 exciderint.
785 3050 860 3083 Scio
880 3058 924 3082 ta-

67 3102 137 3126 men
149 3113 158 3128 ‚
183 3089 214 3120 ὅ(
228 3088 394 3129 indignor,
426 3086 495 3119 haec
513 3097 578 3121 non
591 3087 667 3122 ferri
685 3090 719 3123 in
736 3090 927 3129 Veteribus,

67 3134 98 3166 ὅ(
113 3132 180 3164 fere
199 3129 337 3161 solemne
363 3127 442 3167 effe,
473 3137 509 3160 ea
523 3130 628 3162 omnia
645 3129 762 3164 Gloffis
774 3132 925 3173 interpre-

67 3183 134 3206 turn
159 3169 342 3203 adscribere.
377 3168 429 3202 sed
459 3170 600 3205 nondum
615 3171 693 3204 mihi
715 3181 751 3204 ea
765 3173 848 3206 ratio
861 3173 927 3215 pla-

65 3223 137 3247 cei-e
156 3212 273 3255 potuit.

1792 117 1856 153 311

1021 179 1091 227 ‘Sed
1119 183 1263 213 communi
1291 185 1407 229 nornine
1439 187 1605 227 appellatur
1633 187 1690 229 Jus
1712 186 1862 226 civite.

987 221 1044 254 Ait
1062 246 1088 269 ,⁴
1104 221 1258 263 JCcorum
1286 222 1529 265 Dilputationcs
1545 252 1555 268 ,
1589 229 1653 261 sive
1684 230 1738 270 Jus
1761 240 1802 262 ex
1827 230 1864 262 iis

987 263 1197 310 *constitutum
1211 288 1222 304 ,
1256 274 1312 306 pei·
1335 267 1540 301 eminentiam
1565 270 1628 301 dici
1653 271 1714 311 Jus
1737 272 1834 304 Civile
1850 293 1861 311 ‚

988 305 1196 352 idqueiplum
1215 306 1320 339 denuo
1345 310 1463 350 repetit
1495 310 1524 350 §.
1546 314 1576 342 6.
1604 311 1634 343 δε
1662 321 1710 344 12.
1755 313 1861 354 Atque

988 355 1034 379 ita
1053 347 1116 388 Jus
1136 348 1238 394 Civile·
1251 348 1397 394 intelligo
1413 360 1468 391 pei·
1492 354 1764 393 interpretationem
1782 355 1858 386 Pru·

987 390 1120 420 dentium
1150 399 1182 421 in
1207 389 1331 423 difficili
1357 391 1422 423 alio
1449 393 1500 424 uin
1519 393 1594 424 loco
1613 393 1701 426 Pauli
1727 395 1860 427 Senttizt„

987 430 1028 462 L.
1052 430 1107 462 IV.
1137 430 1171 463 T.
1190 430 1276 462 VIII.
1303 431 1382 506 §.fg
1470 433 1555 466 ursus
1580 433 1747 467 Ciceronis
1765 437 1860 468 Com-

986 481 1163 512 mentator,
1188 481 1281 519 quem
1310 474 1337 505 A
1355 475 1483 507 conium
1513 484 1652 516 vocant,
1675 476 1861 518 Disputatio-

985 523 1051 545 nem
1069 514 1219 561 JCtorum
1233 513 1333 555 dixit,
1356 516 1386 548 &
1405 516 1466 558 Jus
1486 517 1585 549 Civile
1606 518 1859 558 intellexit,Na—

987 556 1081 587 turali
1100 564 1142 596 op
1165 555 1279 588 ofituin
1290 580 1300 596 ,
1325 557 1365 590 lic
1380 558 1463 590 enim
1481 559 1624 601 loquitur
1637 559 1674 591 ad
1692 561 1860 592 Veri-lim&

985 597 1112 644 Rrgetur.
1173 599 1217 628 rb.
1236 603 1270 638 p.
1292 610 1329 630 m.
1353 610 1404 637 99.
1450 600 1741 642 ,ll1aleficiasponte‚
1756 602 1859 637 &non

985 639 1181 680 disputatione
1202 639 1368 680 JCtorum,
1383 641 1439 682 fi’d
1456 643 1590 674 naturali
1614 645 1858 684 interpretatione

977 679 1231 722 fugieridaficrzt,
1255 687 1286 712 ut
1301 682 1495 724 vel-uficiufn,
1517 686 1732 725 pcir·ricidiu11i,
1760 685 1857 720 &caer

984 727 1047 753 terit
1057 745 1069 761 ,
1091 732 1151 764 qim
1166 724 1255 754 etiam
1271 725 1349 756 millo
1364 727 1535 766 prohibente
1556 728 1699 759 evitanda
1708 728 1792 769 sitiit.

1308 807 1360 839 Ao
1404 809 1433 851 ς.
1458 808 1513 842 vi.

1024 889 1119 932 Legis
1139 889 1284 930 (teriones,
1310 892 1340 922 iil
1354 890 1417 933 est,
1440 893 1580 936 legitime
1593 895 1730 928 ustiones.
1776 896 1855 928 Rur⁴

982 929 1032 963 sus
1061 933 1239 971 ἔμηνεν-[μιᾶς
1255 955 1265 971 ,
1300 942 1334 965 ut
1359 935 1396 966 ad
1414 937 1538 975 praeced.
1563 935 1590 1008 ξ.
1613 938 1689 969 dixi.
1737 938 1857 970 Iterum

982 974 1063 1020 male
1084 975 1110 1002 π’
1126 974 1293 1012 benamarim
1304 983 1470 1017 ,tanquam
1488 975 1565 1009 (3101
1581 978 1628 1010 Lim
1638 1001 1650 1018 ,
1668 986 1856 1023 expungunt

980 1015 1104 1055 Zalius,
1129 1016 1300 1055 Muretus,
1325 1018 1390 1049 alii.

1028 1058 1170 1088 Omnium
1197 1063 1294 1088 tamen
1318 1059 1439 1098 harum,
1477 1059 1513 1094 &⁹
1531 1061 1746 1102 interpretandi
1762 1063 1855 1103 scien-

981 1099 1044 1136 tia,
1068 1098 1104 1134 &2⁹
1121 1098 1256 1130 actiones.
1302 1099 1482 1132 probarum
1500 1100 1651 1141 CuJ'acius
1676 1099 1851 1137 LXVIII.

983 1140 1107 1181 Objer‘v.
1133 1140 1166 1172 C.
1192 1148 1242 1172 11.
1267 1140 1345 1182 legit
1371 1141 1446 1173 XII.
1475 1141 1564 1175 Tabb.
1590 1145 1723 1177 omnino
1747 1155 1854 1187 pei-pe-

979 1190 1065 1221 ram,
1090 1190 1148 1213 nec
1164 1179 1232 1212 sere
1250 1180 1379 1214 felicius
1394 1183 1461 1215 haec
1477 1185 1612 1225 exponit
1633 1187 1664 1218 in
1687 1188 1794 1219 Comm.
1816 1189 1853 1220 ad

979 1224 1007 1255 b.
1031 1223 1061 1264 §.
1105 1221 1160 1254 Est
1179 1221 1250 1254 sane
1269 1223 1321 1255 hic
1340 1224 1460 1266 aliquid
1482 1235 1547 1258 non
1569 1225 1642 1260 satis
1660 1229 1852 1270 rotundum,

977 1265 1001 1298 si
1019 1265 1194 1306 legeretur,
1218 1265 1338 1304 horum,
1361 1275 1438 1298 mox
1465 1266 1660 1310 dissiparetur
1687 1271 1854 1304 nubecula.

1308 1349 1362 1382 Aa
1405 1349 1434 1392 §.
1458 1349 1529 1385 vn.

1021 1429 1126 1474 Postea
1150 1441 1215 1465 cum
1240 1432 1357 1474 Appius
1387 1435 1525 1468 Claudius
1542 1439 1729 1481 propcfietffet
1758 1439 1794 1476 &⁹
1812 1441 1851 1472 ad

970 1473 1103 1515 formam
1117 1475 1268 1517 redegiffet
1293 1476 1346 1507 has
1371 1477 1507 1510 actiones.
1552 1479 1669 1520 Recte,
1689 1482 1850 1524 propositis⁴

967 1522 1037 1558 μί,
1061 1517 1124 1549 hoc
1143 1516 1208 1556 est,
1232 1517 1430 1558 compilasset
1446 1519 1477 1551 ἃ
1490 1519 1656 1561 digeffiffet
1672 1532 1713 1554 eo
1729 1523 1828 1556 Libro
1839 1546 1850 1563 ‚

975 1567 1170 1605 quem0mox
1186 1557 1303 1605 Cnaeus
1326 1556 1455 1592 Flavius
1472 1586 1483 1602 ,
1523 1563 1622 1596 sci-iba
1640 1563 1725 1605 ejus,
1751 1563 1849 1599 subri⁴

976 1609 1056 1644 pult.
1102 1600 1181 1633 Non
1197 1601 1294 1642 igitur
1321 1602 1469 1634 mutanda
1495 1603 1541 1636 est
1557 1614 1592 1636 ea
1609 1616 1677 1639 vox
1694 1608 1726 1640 in
1743 1617 1851 1652 compo«

967 1642 1093 1686 sufflet,
1126 1650 1163 1689 iit
1187 1642 1325 1675 mutavit
1350 1643 1511 1677 Muretus.
1542 1645 1594 1678 sed
1620 1648 1653 1680 id
1677 1649 1741 1690 jam
1758 1651 1850 1694 supra

976 1693 1135 1726 occupav1
1160 1684 1199 1715 ad
1225 1683 1253 1725 §.
1275 1693 1306 1724 4.
1339 1683 1445 1717 Forma
1471 1695 1578 1720 autem
1595 1698 1668 1722 cum
1686 1691 1755 1731 bic,
1780 1701 1849 1726 tuni

973 1726 1008 1760 'in
1039 1726 1070 1767 ὃ.
1098 1734 1147 1758 12.
1181 1724 1226 1757 est
1248 1724 1361 1757 modus
1388 1726 1419 1758 &
1440 1728 1519 1760 ordo
1538 1730 1729 1772 verborum,
1755 1744 1849 1775 quem

975 1767 1098 1809 Appius
1113 1766 1265 1800 Claudius
1281 1765 1490 1813 praescripsit,
1514 1771 1543 1802 ὅ(
1561 1773 1726 1805 continere
1742 1777 1849 1809 voluit

958 1833 960 1835 .
976 1808 1086 1851 agendi
1104 1809 1254 1850 regulam.
1281 1807 1430 1848 Cujaeius
1447 1810 1606 1845 existimat
1616 1814 1850 1857 ,Pomponium

969 1851 1051 1892 forte
1072 1848 1221 1892 scripsiffe
1240 1851 1278 1881 ad
1288 1850 1473 1891 formulam,
1497 1852 1549 1885 sed
1571 1854 1601 1886 id
1626 1857 1757 1889 inutaffe
1775 1858 1849 1891 Tri.

977 1892 1172 1938 bonianumn,
1196 1891 1268 1938 quia
1284 1891 1443 1937 Formulce
1454 1903 1472 1925 a
1489 1893 1699 1930 Constantino
1716 1897 1847 1933 sublatae

976 1932 1058 1966 sunt.
1105 1932 1190 1972 Alii,
1212 1942 1265 1973 qui
1286 1931 1455 1978 Cujacmm
1477 1934 1728 1980 exscripserunt,
1754 1951 1790 1973 ea
1807 1943 1848 1974 de

974 1984 1009 2007 re
1025 1984 1065 2007 ne
1078 1974 1225 2006 dubitant
1262 1973 1374 2005 uidem.
1420 1976 1481 2008 Sed
1503 1987 1613 2010 eorum
1633 1978 1789 2015 sententia
1812 1994 1846 2015 u-

975 2016 1105 2048 tendum
1130 2025 1194 2048 non
1216 2017 1247 2048 el
1271 2027 1278 2046 :
1311 2024 1382 2060 nam
1402 2016 1505 2057 forma
1530 2019 1559 2052 δε
1577 2020 1712 2060 formula
1738 2023 1795 2056 hac
1810 2024 1845 2058 fi·

974 2057 1180 2100 gnificatione
1208 2066 1274 2090 non
1292 2055 1445 2090 disterunt
1456 2082 1467 2099 ,
1504 2067 1540 2092 ut
1555 2061 1656 2102 liquet
1672 2073 1714 2095 ex
1730 2065 1844 2098 Sueto-

973 2100 1029 2131 nio
1058 2099 1091 2131 i'n
1120 2096 1251 2145 Augusto
1284 2098 1315 2130 C.
1345 2108 1396 2139 49.
1431 2100 1462 2132 δε
1489 2100 1527 2133 A.
1551 2101 1661 2135 Gellio
1684 2105 1841 2141 LXIII.

977 2141 1010 2172 C.
1037 2150 1086 2181 14.
1103 2140 1156 2186 ᾇ,
1180 2145 1203 2172 11
1216 2138 1381 2187 differrent
1395 2163 1407 2180 ‚
1440 2150 1498 2174 cui·
1507 2143 1657 2183 formulas
1675 2145 1845 2182 sustuliffet

972 2181 1190 2214 Tribonianus
1213 2191 1246 2214 in
1275 2181 1454 2222 Pomponio
1469 2206 1481 2223 ,
1510 2185 1563 2217 hic
1578 2195 1737 2229 occupato
1751 2190 1783 2223 in
1798 2191 1844 2223 hi-

973 2223 1068 2256 storia
1081 2222 1147 2255 anti
1172 2222 1204 2254 ui
1216 2222 1321 2264 juris?
1340 2224 1500 2266 magisque
1518 2227 1551 2259 id
1573 2227 1716 2269 ineptum
1731 2230 1777 2263 est
1821 2231 1844 2266 fi

964 2265 1129 2306 formulam
1149 2232 1208 2311 ciiic
1232 2264 1294 2311 effe
1316 2263 1421 2304 dicas,
1443 2274 1480 2298 ut
1495 2265 1567 2300 sunt
1585 2270 1639 2310 qui
1656 2255 1796 2312 dicunt,’
1813 2284 1844 2305 a*

973 2306 1114 2343 &ionem3
1144 2315 1214 2347 quis
1237 2315 1322 2339 enim
1344 2305 1470 2339 aeiones
1496 2309 1533 2341 ad
1550 2309 1678 2342 adimes
1695 2313 1841 2355 redigat?

971 2349 1005 2379 in
1014 2348 1147 2388 formam
1162 2348 1293 2379 rectinere
1312 2346 1358 2378 est
1376 2348 1407 2379 ὅ(
1418 2348 1499 2390 apud
1516 2350 1688 2392 Ulpianum
1706 2354 1738 2386 in
1755 2355 1776 2387 l.
1786 2366 1839 2398 39.

972 2388 1000 2431 §.
1024 2390 1079 2435 ult.
1098 2388 1140 2429 ff.
1161 2389 1195 2420 de
1215 2371 1326 2431 Legat.
1348 2387 1374 2421 1.
1403 2389 1433 2422 ἀ
1462 2391 1563 2431 proba
1581 2392 1664 2425 reeta
1679 2395 1724 2428 est
1738 2405 1774 2428 ea
1791 2399 1838 2430 lo‹

970 2438 1070 2462 cutm.

1013 2471 1096 2503 Adeo
1118 2478 1241 2519 gratum
1257 2471 1326 2512 fuit
1349 2473 1381 2504 id
1407 2483 1510 2506 munus
1526 2475 1656 2518 Populo,
1679 2486 1712 2511 ut
1735 2479 1839 2513 Tribu-

969 2523 1024 2545 nus
1043 2513 1138 2554 plebis
1155 2514 1243 2560 fieret
1257 2535 1269 2552 ‚
1301 2513 1337 2550 ἐξ
1360 2515 1504 2555 Senator,
1529 2517 1566 2553 &2⁹
1585 2519 1701 2552 AEdilis
1718 2523 1836 2554 curulis.

969 2555 1050 2586 Sunt
1065 2563 1106 2586 ex
1122 2554 1338 2596 scriptoribus
1358 2556 1404 2588 rei
1420 2556 1589 2600 Romanae,
1615 2562 1667 2602 qui
1690 2563 1840 2595 videntur

967 2595 1053 2628 velle
1070 2618 1082 2635 ,
1114 2595 1261 2628 Flavium
1279 2596 1342 2638 jam
1365 2606 1439 2631 ante
1461 2599 1709 2639 publicationem
1731 2604 1838 2636 Aetio-

967 2646 1044 2683 num
1061 2638 1091 2670 ἀ
1105 2636 1270 2670 Fastorum
1294 2637 1313 2680 ζ
1321 2647 1393 2672 nam
1411 2639 1493 2672 Fasti
1532 2651 1580 2674 ars
1596 2653 1685 2676 erant
1702 2645 1795 2687 Legis
1806 2655 1836 2677 a-

968 2678 1139 2726 ctionum.)
1168 2679 1352 2713 aedilitatem
1374 2650 1567 2722 obtinuiffe,
1595 2685 1625 2717 ὃς
1643 2684 1732 2725 sunt,
1756 2696 1836 2727 quos

968 2719 1021 2765 hic
1037 2718 1175 2762 sequitui·
1193 2720 1408 2763 Pomponius,
1439 2723 1492 2764 qui
1507 2723 1653 2758 Flavium
1671 2736 1711 2758 ex
1726 2736 1762 2758 ea
1779 2736 1836 2768 pu-

968 2761 1142 2794 blicatione
1159 2761 1239 2795 hanc
1257 2763 1444 2805 dignitatern
1460 2765 1604 2797 meruiss'e
1616 2766 1766 2800 scribunt.
1791 2768 1835 2801 Et

969 2803 1075 2835 verius
1092 2802 1154 2843 est,
1171 2803 1332 2837 hominem
1347 2803 1534 2845 obscurum,
1554 2807 1584 2837 δε
1601 2804 1753 2847 scribam,
1770 2818 1835 2843 non

968 2844 1025 2877 nifi
1038 2854 1112 2877 aura
1126 2845 1292 2886 populari,
1316 2854 1409 2886 quam
1425 2854 1497 2877 ante
1514 2847 1647 2886 meruit,
1673 2848 1704 2880 in
1729 2850 1835 2883 lucem

967 2884 1060 2918 fuisse
1082 2885 1285 2928 protraCtum.
1339 2884 1392 2917 Ne
1415 2895 1454 2917 ue
1469 2886 1567 2927 igitur
1583 2896 1623 2919 eo
1640 2889 1768 2922 nomine
1783 2901 1834 2924 ne-

965 2927 1090 2973 gotium
1103 2925 1148 2958 est
1166 2925 1378 2958 faceffendum
1424 2927 1577 2968 omponio
1590 2951 1601 2968 ,
1624 2939 1725 2971 neque
1740 2932 1836 2966 etiam

966 2968 1045 3008 iilo,
1070 2967 1155 3008 quod
1175 2967 1343 2999 Senatorem
1361 2966 1453 2998 fuiss'e
1470 2968 1608 3009 dixerit,
1633 2972 1719 3012 quod
1739 2983 1834 3006 nemo

967 3009 1046 3041 alius
1060 3008 1163 3046 dixit3
1187 3007 1239 3039 sed
1256 3017 1351 3048 quum
1368 3016 1463 3040 nemo
1477 3009 1558 3041 alius
1573 3013 1754 3054 negaverit,
1779 3025 1836 3048 cur

966 3049 1060 3082 fidem
1080 3048 1299 3089 abrogabimus
1315 3047 1520 3090 Pomponio?
1544 3052 1596 3083 vel
1615 3062 1689 3086 cum
1705 3054 1835 3089 Coraflo

966 3089 1113 3166 {legium
1142 3090 1260 3121 Senatu
1287 3089 1487 3123 movebimus
1501 3091 1518 3123 ἱ)
1552 3092 1637 3126 delet
1649 3096 1733 3128 enim
1750 3096 1806 3130 ille
1821 3122 1833 3138 ‚

1046 3136 1157 3162 ertator.

1013 3169 1096 3217 ῼμία
1121 3173 1242 3203 deerant
1261 3173 1389 3212 quodam
1411 3181 1521 3216 genera
1537 3177 1646 3220 agendi
1666 3202 1674 3210 .
1698 3202 1705 3210 .
1729 3203 1736 3211 .
1761 3178 1832 3212 Sex-

968 3221 1015 3244 tus
1030 3213 1132 3246 AElius
1149 3212 1226 3246 altas
1241 3215 1367 3247 actiones
1385 3215 1546 3257 composuit.
1590 3218 1719 3252 Pessima
1738 3221 1834 3253 letho

1789 3261 1839 3294 est
