2008 3436
402 113 805 150 CORNELII

150 201 218 242 agit
230 224 238 235 ,
262 200 311 233 sed
330 201 481 242 repulsam
497 203 570 235 tulit
582 201 660 243 apud
673 200 797 242 Judices
812 197 1019 231 Amsterdam-

152 242 294 281 menses,
317 244 367 285 qui
385 243 424 274 de
439 243 714 276 affecurationibus
732 240 948 282 cognoscunt,
972 248 1020 269 us-

154 285 290 324 quedum
319 284 478 326 proferret
504 286 593 326 ipsius
618 283 749 315 Domini
775 281 1021 314 declarationem

152 326 285 365 juratam
299 349 308 364 ,
333 326 380 364 se,
405 334 568 365 antequam
590 324 775 356 affeeuratio
795 324 903 361 fieret,
935 331 1019 353 man-

153 366 236 397 dasse
275 366 379 406 Consti.
407 368 443 399 B.
472 367 506 398 T.
526 366 576 398 ΙΙΙ.
607 364 707 405 Consti.
732 374 779 406 17.
804 373 896 405 atque
915 363 957 394 ita
975 362 1022 392 vi-

153 408 268 440 dentur
284 409 418 440 voluisse
432 432 442 446 ,
467 417 566 448 neque
581 407 834 439 ratihabitionem
861 404 1022 440 sufficere,

154 448 207 480 sed
224 451 296 491 quia
315 451 346 482 in
362 449 508 482 formulis
524 448 750 488 fidejuffionum
761 447 957 479 nauticarum
971 454 1023 475 ex-

154 492 321 532 primitur,
345 501 408 522 non
430 500 550 521 tantum
574 492 622 529 ci,
648 490 700 530 qui
726 488 947 528 fidejuffionem
971 495 1023 517 cu-

153 540 224 572 rat,
249 533 299 564 sed
325 533 353 564 ὅ(
375 532 544 569 omnibus,
567 531 604 562 ad
628 539 705 572 quos
730 539 766 560 ea
788 539 836 561 res
861 528 1022 570 pertinet,

155 574 336 614 fidejubffl,
361 573 438 605 nibil
459 572 523 613 ipse
541 572 730 610 desiderem,
754 580 846 611 quam
863 568 1024 601 affecurati

155 616 367 647 testiinonium
386 615 539 653 juratum,
561 623 625 645 rem
641 613 727 644 forte
752 612 790 643 ad
813 612 938 644 Titium
955 620 1022 650 per-

155 657 303 695 tinuiss'e,
328 656 348 688 ii
366 656 472 687 'l'itius
493 655 692 695 probaverit,
718 652 768 685 sua
792 660 914 684 tantum
933 653 1023 683 inter·

153 698 268 737 fuiss'e,
291 705 441 738 quantum
461 706 570 727 revera
587 695 792 727 all'eeuratuzn
810 694 865 726 est.
911 693 976 726 Cur
987 692 1024 724 ad

154 740 412 771 ail'eeurationem
448 738 625 770 mandatum
656 736 791 777 spetiale
821 736 1025 775 requiratur,

156 779 280 813 caulam
306 789 370 811 non
396 779 513 817 video,
535 788 635 819 neque
654 788 790 818 unquam
813 778 845 809 id
862 777 915 808 libi
936 775 1023 807 exbi-

156 822 223 854 beri
255 821 411 863 postulant
444 819 676 851 assecuratorcs.
734 819 838 850 Etiam
869 817 1027 858 generales

156 863 340 895 mandatarii
373 862 424 893 vel
458 862 640 902 cognitores
658 883 668 899 ,
700 860 887 902 generaliter
919 867 1027 890 curare

157 905 224 945 julii
237 929 248 943 ,
270 903 355 945 quod
373 913 413 934 ex
426 912 458 933 re
474 903 592 934 domini
612 903 776 940 videatur,
797 902 828 933 in
844 901 924 932 hanc
942 909 1027 937 rem,

156 946 303 978 videntur
328 944 469 978 sufficere
484 969 494 984 ‚
522 943 693 985 praesertim
721 953 816 984 quum
843 941 1027 980 &ipsorum

157 987 299 1025 interfit,
322 996 387 1024 res,
408 986 446 1016 de
462 985 573 1027 quibus
590 986 708 1026 agitur,
734 983 834 1015 salvas
849 982 920 1014 esse.
968 982 1028 1013 Ad-

158 1028 297 1061 miserim
318 1028 414 1059 etiam
440 1036 494 1059 eos
512 1027 670 1063 homines,
696 1035 774 1066 quos
798 1024 933 1056 Fatioors
949 1023 1026 1056 sole-

158 1081 227 1103 mus
245 1070 416 1111 appellare.
444 1069 519 1109 quin
544 1068 595 1105 ἃ,
619 1067 703 1106 quod
729 1066 825 1106 magis
845 1064 908 1103 est,
932 1064 1028 1096 etiam

159 1113 363 1153 negotiorum
375 1109 530 1150 gestorem
545 1107 737 1145 admiserim,
761 1107 835 1149 quid
852 1107 936 1138 enim
952 1106 977 1137 is
996 1106 1027 1136 in

157 1162 193 1185 re
218 1152 308 1184 amici
339 1150 383 1182 sui
405 1160 468 1182 non
489 1149 628 1181 versetur
653 1159 688 1179 ca
713 1148 878 1189 prudentia
895 1171 904 1185 ,
936 1155 1029 1187 quam

159 1194 264 1226 affiiui
283 1191 520 1234 patresfamilias
545 1191 693 1221 adhibent
719 1191 750 1220 in
771 1188 851 1220 sua?
883 1188 903 1219 fi
930 1187 1028 1227 negli-

159 1244 233 1277 gat,
257 1244 322 1267 non
340 1234 433 1264 auiim
454 1242 523 1263 curn
536 1241 554 1261 a
571 1232 664 1271 culpa
685 1229 835 1260 levissima
855 1228 1027 1260 absolvere.

160 1276 259 1323 Quod
274 1284 377 1307 autem
394 1274 545 1304 sancitum
559 1270 671 1310 est,ne
688 1271 758 1311 quis
775 1271 855 1302 ultra
871 1269 1006 1311 pretium
1018 1291 1028 1305 ,

159 1326 213 1350 aut
241 1317 328 1357 supra
346 1324 436 1355 quam
456 1313 604 1344 dominus
629 1311 695 1350 cst,
727 1311 940 1350 affecuretur,
965 1319 1029 1341 non

162 1360 255 1391 aliam
281 1357 374 1387 babet
399 1356 552 1386 rationem
569 1377 578 1392 ‚
611 1364 703 1396 quam
722 1361 757 1384 ut
776 1352 861 1385 fraus
879 1351 1028 1383 excluda-

161 1409 233 1438 tur,
259 1399 288 1429 ἃ*
303 1407 363 1435 ne,
387 1406 459 1428 cum
480 1396 613 1427 neminis
632 1394 772 1433 interfit,
794 1395 940 1425 damnum
965 1391 1031 1424 sen-

160 1442 220 1473 tiat
247 1439 446 1471 all'eeurator.
493 1437 588 1480 Quod
613 1435 811 1468 manifestum
832 1434 877 1466 est
896 1433 1031 1472 cess'are,

160 1483 213 1515 ubi
233 1490 354 1513 tantum
378 1480 535 1511 bonorum
551 1479 662 1519 periit,
682 1486 833 1518 quantum
856 1475 960 1508 damni
975 1475 1032 1506 do-

160 1524 264 1557 minus
281 1521 379 1563 pulsus
396 1520 450 1552 est.

203 1565 368 1603 Philippus
388 1562 424 1594 ll.
444 1562 483 1593 de
503 1561 780 1594 affecurationibus
797 1560 897 1592 multa
913 1557 1027 1591 consti-

162 1607 227 1639 tuit
261 1605 320 1636 Tit.
347 1603 418 1636 VII.
449 1604 522 1635 LL.
557 1604 682 1636 Naum.
714 1606 806 1644 1563.
835 1611 904 1642 quae
929 1599 1030 1631 rursus

162 1647 302 1680 mutavit
331 1646 362 1677 in
394 1645 506 1677 Edicto
536 1654 624 1686 1570.
673 1643 720 1676 Ex
744 1643 773 1685 §.
792 1648 822 1678 8.
845 1643 873 1674 d.
903 1642 938 1674 T.
957 1640 1029 1672 Vll.

162 1689 335 1722 affecurare
353 1687 429 1720 licet
448 1694 557 1718 contra
576 1687 708 1728 piratas,
733 1685 784 1717 sed
799 1694 902 1716 rerum
918 1693 935 1715 a
952 1683 1031 1724 pira-

161 1732 226 1769 tis,
256 1738 310 1761 aut
332 1738 370 1761 ex
395 1728 633 1760 detentionibus
657 1728 831 1759 amicorum
850 1749 859 1764 ,
886 1735 950 1757 non
975 1724 1030 1755 lio-

161 1772 257 1805 stium
269 1795 278 1809 ,
303 1770 537 1811 redemptorum
551 1769 669 1812 lytrum
686 1769 723 1800 ab
740 1767 950 1799 affecuratore
965 1765 1032 1807 peti

162 1823 227 1846 non
252 1811 337 1853 poffe
358 1835 367 1846 ,
391 1811 544 1843 sententia
567 1810 612 1843 est
636 1809 663 1852 §.
683 1819 731 1851 27.
759 1809 816 1841 Ed.
841 1809 879 1841 P.
905 1808 927 1840 fi
950 1806 1033 1840 reste

162 1853 322 1895 disputavi
347 1852 386 1884 L.
414 1852 436 1885 I.
466 1849 573 1900 Qoeft-
600 1852 671 1893 Jitr.
705 1851 792 1883 Publ.
821 1851 852 1882 C.
877 1859 927 1891 25.
951 1859 982 1880 n.
1001 1858 1030 1890 3.

164 1906 205 1926 eo
224 1895 309 1927 enim
329 1893 356 1936 §.
378 1902 428 1935 27.
447 1893 609 1931 statuitur,
635 1902 682 1925 res
697 1902 714 1924 a
731 1892 837 1933 piratis
853 1893 882 1924 δι
899 1901 964 1922 non
979 1889 1035 1921 ho-

164 1937 262 1969 stibus
281 1944 386 1976 captas
404 1935 524 1975 exJure
540 1933 693 1966 Gentium
711 1942 763 1965 aut
779 1933 876 1976 pastis
893 1932 955 1964 effe
966 1940 1034 1973 per-

164 1978 373 2019 sequendum,
397 1976 550 2017 promissis
580 1975 705 2016 insuper
721 1975 912 2017 Legatorum
929 1981 1034 2015 patro-

164 2020 274 2056 cinio,
297 2018 499 2058 repmffaliis,
521 2017 652 2057 aliisque
676 2016 828 2058 legitimis
852 2017 883 2048 ἃ.
898 2013 1036 2046 honestis

164 2059 329 2097 remediis}
353 2059 375 2090 fi
394 2059 463 2099 quis
484 2059 569 2091 secus
590 2058 727 2096 feeerit,
752 2067 815 2090 non
835 2057 931 2089 modo
945 2056 1035 2087 amis-

165 2102 289 2139 surum,
314 2100 398 2141 quod
426 2100 458 2131 in
483 2100 604 2141 lytrum
627 2099 802 2141 impendit,
818 2097 878 2135 ¹sed
897 2099 927 2130 &
950 2104 1038 2128 extra

166 2143 310 2174 ordinem
331 2141 509 2172 coercitum
535 2140 573 2172 iri
591 2163 602 2179 ,
633 2148 668 2172 ut
690 2140 744 2180 qui
765 2139 908 2180 piraticae
934 2138 1038 2170 conti-

165 2182 299 2217 nuandae
328 2181 525 2213 occasionem
548 2180 737 2223 praebuisset.
790 2179 881 2212 Nihil
912 2179 1038 2221 quidem

165 2226 280 2257 horum
301 2223 461 2255 invenitur
480 2223 511 2254 in
523 2222 660 2264 Legibus
674 2220 1016 2254 Amsterdammenfium
1028 2243 1037 2259 ,

168 2264 507 2298 Rotterdammenfium
544 2264 574 2295 ὃς
604 2262 950 2304 Middelburgenfium,
980 2271 1039 2293 nec

169 2315 274 2339 tamen
299 2305 370 2338 ideo
396 2305 510 2336 inutile
531 2305 689 2343 dicamus,
713 2304 734 2336 s1
752 2314 787 2335 ea
805 2304 841 2336 fit
856 2303 1040 2343 Principum

169 2347 267 2380 animi
286 2346 491 2387 magnitudo,
515 2355 584 2387 quae
603 2344 665 2377 effe
683 2345 815 2378 debebat
840 2344 877 2376 ad
897 2344 1040 2384 injuriam

170 2389 254 2423 suam
272 2386 461 2428 suorumque
478 2386 718 2426 vindicandam,
740 2387 770 2419 δὲ
787 2395 855 2428 quae
872 2384 959 2417 forte
974 2392 1042 2416 erat

170 2429 388 2470 Hispanorum
415 2429 453 2460 iis
480 2428 680 2469 temporibus.
726 2428 758 2460 Si
782 2437 847 2460 non
871 2427 926 2466 fit,
950 2426 1042 2458 valde

170 2471 293 2503 inutilis
313 2469 358 2501 est
379 2470 432 2502 illa
453 2468 589 2508 sanstiO,
614 2469 644 2501 ὅς
666 2469 799 2507 dubito,
824 2478 861 2500 an
880 2467 1041 2506 moribus,

171 2512 227 2553 qui
244 2521 327 2543 nunc
344 2511 432 2550 sunt,
456 2510 603 2542 obtinere
620 2510 723 2552 poffit.
767 2511 839 2551 Jure
857 2509 1002 2541 Romano
1024 2518 1041 2540 a

172 2554 282 2595 piratis
303 2552 456 2582 redimere
474 2552 591 2583 licebat
608 2552 630 2584 l.
647 2561 675 2583 2.
697 2551 726 2593 §.
746 2562 776 2594 3.
789 2551 830 2593 ff.
848 2552 882 2582 de
893 2550 1038 2582 L.Rh0d.

173 2596 209 2626 de
226 2592 312 2634 Jaei.
356 2592 416 2624 Sed
440 2592 592 2624 Hollandi
616 2591 808 2633 distinguunt
832 2593 865 2624 in
881 2592 994 2624 Edicto
1009 2603 1039 2634 3.

174 2636 257 2668 Mai.
283 2636 374 2665 1621.
398 2633 479 2674 (12)
502 2640 654 2673 quatenus
680 2633 797 2672 liceat,
835 2633 889 2664 vel
917 2642 981 2664 non
1005 2635 1040 2665 li-

176 2684 249 2707 ceat
269 2698 279 2713 ,
311 2683 343 2705 at
369 2683 447 2705 vero
474 2673 556 2705 inter
583 2682 675 2706 veros
694 2672 796 2706 hostes
820 2675 851 2708 &
870 2672 982 2714 piratas
1001 2674 1043 2705 ibi

175 2726 241 2750 non
263 2714 478 2756 distinguunt,
500 2714 551 2747 sed
574 2713 727 2747 habentur
747 2724 804 2756 pro
831 2716 917 2754 unis,
942 2716 973 2748 ἃ·
991 2715 1043 2747 iis-

153 118 225 159 428
879 117 988 146 νΛΝ

218 2815 301 2855 (12)
320 2814 399 2846 Flac.
419 2814 443 2844 1.
464 2821 492 2845 2.
511 2820 558 2845 21.

1063 102 1666 143 BYNKERSHOEK

1064 194 1146 226 dem.
1191 193 1242 227 Ne
1267 202 1369 225 tamen
1393 199 1484 233 putes
1505 215 1514 230 ,
1545 191 1630 223 illam
1660 190 1844 224 sanctionem
1868 194 1927 234 Jam

1064 235 1126 267 esse
1146 235 1323 277 abrogatam
1353 244 1389 266 ex
1419 233 1554 273 <generali
1582 233 1727 264 mandato
1750 243 1850 266 rerum
1870 235 1928 269 ser-

1064 277 1254 315 vandarum,
1276 276 1362 317 quod
1382 266 1613 313 instrumentis,
1636 283 1703 314 quse
1725 275 1763 306 de
1784 275 1928 311 affeci-tra-

1066 318 1202 350 tionibus
1217 317 1312 356 fiunt,
1336 317 1416 350 solet
1433 315 1542 354 inseri,
1564 324 1633 346 nam
1657 315 1686 346 ὃς
1704 316 1785 347 idem
1806 319 1927 352 manda-

1067 367 1132 391 tum
1152 358 1299 390 insertum
1314 357 1358 389 est
1374 357 1541 396 formulae,
1568 366 1661 397 quam
1679 357 1808 389 exhibet
1829 358 1859 400 §.
1874 368 1928 403 35.

1066 402 1095 432 d.
1121 400 1179 431 Ed.
1205 400 1244 431 P.
1290 397 1669 439 CaeterumAlgerienses,
1691 398 1927 442 Tripolitanos,

1066 441 1268 478 Tunitanos,
1302 440 1458 472 Zalienses
1476 449 1538 471 non
1561 448 1619 480 pro
1645 439 1774 479 piratis,
1798 440 1850 472 sed
1872 452 1928 484 pro

1065 483 1154 524 Justis
1175 481 1312 513 hostibus
1329 481 1391 513 effe
1407 481 1565 513 habendos
1578 480 1649 512 satis
1664 480 1774 513 videor
1791 483 1930 522 probasse

1066 525 1106 556 L.
1121 523 1264 570 LQJQst-
1289 523 1361 564 Jur.
1387 523 1474 555 chbl.
1503 523 1535 555 C.
1558 532 1606 562 17.

1111 566 1286 612 Quaeiitum
1305 564 1368 602 est,
1391 574 1428 596 an
1447 564 1552 596 civilis
1576 564 1701 596 libertas
1716 566 1799 598 recte
1817 566 1928 600 assecu-

1067 617 1153 639 retur
1171 608 1188 639 ἱ)
1213 615 1248 638 ut
1273 615 1346 646 puta
1363 614 1433 637 cum
1449 613 1572 637 tantum
1588 606 1639 636 vel
1664 615 1783 639 tanturn
1803 609 1932 649 promit·

1068 656 1152 680 tatur
1166 649 1203 680 ad
1222 648 1470 687 redemptionem
1485 672 1493 679 .
1519 647 1540 678 si
1568 648 1635 686 quis
1655 648 1795 688 capiatur
1813 659 1830 681 a
1848 649 1932 682 Tur-

1068 691 1122 722 cis.
1169 690 1211 722 Et
1234 688 1301 727 est,
1325 690 1376 729 qui
1398 687 1501 727 Consti.
1520 688 1557 719 B.
1579 688 1614 719 T.
1635 688 1675 719 ΙΙ.
1699 690 1777 731 Confi
1800 700 1866 732 170.
1886 690 1929 725 A.

1068 731 1261 772 respondet,
1293 729 1523 770 promissionem
1550 730 1654 761 valere
1669 753 1680 769 ,
1712 727 1798 763 milla
1820 733 1931 775 quippe

1069 773 1138 814 lege
1168 773 1310 804 vetitam.
1358 772 1451 812 Ego,
1480 780 1517 802 an
1533 771 1655 808 valeat,
1678 772 1846 812 dubitem3
1877 783 1930 806 ex-

1070 814 1167 856 preffa
1185 814 1308 854 quidem
1331 813 1419 854 lege,
1444 822 1512 853 quae
1528 812 1682 852 ejusmodi
1697 812 1932 850 ass'ecurationes

1070 855 1242 895 rescindit,
1270 853 1491 892 destituimur,
1523 853 1573 885 sed
1597 863 1660 886 non
1677 854 1931 889 destituimurra-

1072 897 1207 929 tionibus
1227 898 1256 929 ἃ
1279 895 1470 937 argumentis
1485 918 1494 934 ‚
1518 904 1586 936 quae
1606 895 1638 927 in
1660 896 1728 927 aliis
1750 896 1845 929 causis
1863 907 1933 940 pro-

1072 938 1218 970 hibitioni
1236 940 1341 971 locum
1364 936 1533 975 dederunt,
1559 937 1588 968 &
1609 937 1661 968 hic
1682 938 1863 970 tantundem
1881 947 1934 971 va-

1070 981 1145 1012 lent.
1193 979 1297 1012 Variis
1322 979 1442 1019 legibus
1465 985 1610 1010 vetantur
1634 977 1794 1011 affecurari
1820 989 1936 1012 merce-

1071 1021 1124 1052 des
1146 1028 1308 1052 nautarum
1328 1042 1338 1058 ,
1363 1020 1554 1060 aurigarum,
1580 1020 1779 1060 militumque
1795 1044 1805 1060 ‚
1830 1021 1882 1062 qui
1903 1021 1936 1056 in

1071 1062 1205 1094 navibus
1229 1062 1318 1100 sunt,
1346 1070 1408 1092 non
1434 1061 1493 1092 alia
1517 1061 1658 1098 ratione,
1683 1071 1774 1102 quam
1794 1062 1831 1093 ad
1849 1063 1936 1095 exci-

1072 1103 1197 1135 tandam
1212 1112 1322 1134 eorum
1339 1102 1500 1134 hominum
1520 1101 1701 1135 industriam
1728 1103 1756 1134 ὅ(
1772 1102 1936 1136 fortitudi-

1071 1153 1162 1189 nem,
1187 1153 1223 1176 ut
1247 1143 1370 1174 scilicet
1388 1144 1484 1184 magis
1509 1143 1666 1175 excubent
1688 1153 1743 1184 pro
1769 1144 1865 1176 salute
1883 1155 1935 1177 na-

1073 1194 1178 1222 vrum,
1200 1193 1347 1215 curruum
1374 1184 1604 1224 merciumque.
1630 1193 1699 1215 narn
1714 1184 1938 1218 assecuratione

1071 1226 1250 1262 mercedum
1265 1225 1386 1262 vetita,
1408 1224 1529 1262 sciunt,
1554 1224 1682 1264 perditis
1696 1225 1849 1264 navibus,
1870 1237 1937 1259 cur-

1071 1267 1166 1299 rubus
1179 1267 1208 1298 δε
1227 1265 1401 1303 mercibus,
1427 1264 1457 1296 se
1475 1274 1598 1307 quoque
1611 1266 1769 1298 mercedes
1789 1267 1856 1299 suas
1872 1277 1938 1308 per-

1071 1308 1154 1339 dere.
1180 1308 1283 1349 Atque
1301 1307 1343 1339 ita
1370 1316 1428 1347 pro
1458 1307 1601 1338 libertate
1621 1307 1716 1348 magis
1740 1308 1938 1349 pugnabunt,

1072 1350 1124 1390 qui
1144 1349 1244 1387 hanc,
1267 1348 1330 1380 fine
1351 1349 1414 1381 ulla
1437 1347 1487 1390 spe
1510 1349 1779 1388 recuperationis,
1805 1349 1938 1382 amiss'uri

1075 1392 1156 1423 sunt.
1203 1390 1292 1423 Nota
1309 1390 1447 1431 alioquin
1468 1388 1513 1420 est
1532 1389 1695 1421 hominum
1719 1390 1863 1430 ignavia,
1886 1392 1939 1433 qui

1074 1443 1115 1465 ex
1129 1433 1249 1473 ignavis
1265 1440 1393 1472 repente
1408 1430 1591 1473 ignaviffimi
1608 1430 1677 1462 sunt
1695 1430 1810 1469 futuri,
1832 1431 1853 1464 fi
1866 1432 1940 1465 alie·

1074 1485 1117 1508 no
1135 1475 1250 1506 damno
1269 1472 1448 1504 libertatem
1469 1471 1550 1504 suam
1571 1481 1812 1512 recuperaturos
1833 1473 1862 1507 se
1881 1483 1938 1505 no-

1075 1518 1149 1548 rint.
1194 1515 1297 1546 Erunt
1319 1514 1470 1551 fortaffe,
1493 1513 1546 1555 qui
1563 1514 1593 1545 δε
1607 1513 1781 1546 libertatem
1801 1514 1884 1546 recte
1897 1523 1942 1548 as-

1075 1557 1206 1591 securari
1223 1555 1401 1596 negabunt,
1426 1556 1499 1597 quia
1514 1555 1648 1596 legibus,
1675 1556 1786 1596 quibus
1805 1555 1942 1596 utimur,
1979 1555 1981 1558 '

1075 1599 1279 1641 prohibentur
1295 1596 1535 1629 assecurationes
1551 1596 1590 1628 de
1610 1598 1676 1629 vita
1692 1597 1872 1636 hominum,
1896 1599 1942 1629 vi·

1075 1648 1109 1674 tae
1125 1641 1255 1672 nomine
1271 1639 1300 1670 ὅ(
1318 1639 1436 1670 civilem
1457 1638 1679 1679 intelligentes.
1723 1638 1782 1671 Sed
1802 1638 1860 1669 hae
1874 1637 1942 1671 sen-

1074 1681 1173 1716 tentia
1197 1690 1260 1712 non
1286 1679 1425 1719 utimur,
1447 1679 1502 1712 etfi
1528 1689 1636 1712 verum
1662 1679 1699 1712 fit
1716 1702 1727 1719 ,
1749 1688 1812 1711 non
1836 1679 1940 1712 deess‘e

1076 1725 1282 1764 interpretes,
1307 1721 1358 1762 qui
1379 1722 1409 1754 in
1428 1721 1561 1755 statutis
1576 1723 1646 1753 vitae
1663 1722 1815 1763 mortisque
1839 1721 1942 1753 nomi-

1076 1765 1167 1799 nibus
1191 1765 1285 1796 etiam
1308 1763 1427 1794 civilem
1450 1763 1583 1804 intelligi
1601 1763 1733 1801 volunt,
1755 1771 1865 1794 verum
1888 1761 1942 1795 has

1077 1804 1354 1846 interpretationes
1377 1805 1555 1837 communis
1577 1804 1725 1846 loquendi
1751 1803 1832 1836 ratio
1858 1802 1942 1836 refu-

1077 1857 1125 1881 tat
1151 1847 1280 1879 affatim.
1327 1845 1481 1890 Quamvis
1507 1854 1612 1878 autem
1640 1845 1734 1884 alite,
1755 1854 1829 1886 quas
1852 1844 1942 1883 dixi,

1075 1890 1214 1924 rationes
1247 1894 1356 1919 contra
1383 1887 1641 1920 assecurationem
1681 1886 1836 1918 libertatis
1858 1885 1941 1918 rnili-

1077 1939 1164 1970 tent‚
1189 1939 1252 1962 non
1278 1928 1370 1960 ausim
1395 1937 1498 1961 tamen
1519 1938 1585 1960 eam
1610 1928 1795 1968 gener-aliter
1819 1927 1942 1960 damna-

1076 1983 1111 2006 re
1123 1997 1132 2012 ,
1156 1980 1270 2018 utpote
1287 1970 1338 2011 qui
1355 1968 1468 2009 sciam,
1495 1970 1581 2012 ipsos
1598 1970 1678 2011 saepe
1695 1968 1830 2001 Ordines
1844 1968 1942 2001 multa
1963 1981 1971 1985 ·

1078 2022 1211 2057 pecunia
1236 2011 1389 2043 redimere
1412 2012 1521 2054 Belgas
1544 2009 1613 2043 suos
1629 2012 1666 2042 ab
1683 2009 1840 2049 hostibus,
1864 2015 1944 2050 prae-

1079 2055 1187 2089 sertim
1207 2052 1293 2085 Afris
1308 2075 1318 2091 ‚
1343 2060 1453 2094 captos
1467 2076 1477 2091 ‚
1501 2054 1531 2086 ἃ
1548 2054 1617 2093 quis
1633 2051 1814 2083 inutilitatis
1828 2059 1864 2082 ac
1881 2058 1944 2082 tur-

1079 2095 1230 2139 pitudinis
1255 2094 1384 2127 nomine
1402 2094 1584 2135 reprobabit
1603 2093 1729 2134 negotia
1745 2115 1755 2128 ,
1789 2091 1810 2124 fi
1832 2101 1872 2124 ex
1894 2100 1944 2123 ea-

1080 2139 1151 2170 dem
1173 2137 1322 2176 Princeps
1343 2136 1438 2176 agat?
1460 2134 1547 2181 Quin
1567 2144 1630 2166 non
1652 2134 1868 2174 reprobarem,
1892 2131 1945 2166 sed

1082 2179 1239 2212 laudarem
1260 2178 1365 2220 potius
1387 2176 1541 2208 Ordinum
1565 2175 1767 2207 clementiam
1780 2197 1790 2211 ‚
1811 2173 1833 2207 fi
1850 2174 1890 2206 de
1906 2173 1945 2206 iis

1081 2219 1268 2253 redimendis
1283 2227 1393 2261 agatur
1405 2240 1416 2257 ,
1441 2219 1492 2259 qui
1511 2217 1641 2249 fortiter
1655 2224 1827 2258 pugnantes
1841 2215 1924 2256 capti
1933 2235 1947 2253 ,

1083 2263 1111 2294 ἀ
1128 2261 1169 2293 fic
1186 2261 1218 2293 in
1245 2260 1428 2292 servitutem
1450 2259 1564 2292 redaffi
1591 2257 1672 2289 sunt.
1716 2257 1869 2303 Quamvis
1892 2265 1944 2288 au-

1082 2311 1147 2335 tem
1161 2301 1298 2344 expressa
1315 2302 1365 2334 lex
1387 2301 1485 2341 effet,
1509 2309 1579 2341 quae
1603 2299 1777 2331 libertatem
1799 2296 1948 2329 affecura-

1083 2344 1109 2376 ri
1129 2344 1346 2385 permitteret,
1370 2343 1486 2383 Judicis
1514 2350 1616 2372 tamen
1642 2339 1773 2371 arbitrio
1794 2339 1946 2379 relinque-

1083 2395 1151 2418 rem
1163 2408 1171 2420 .
1195 2394 1233 2417 an
1249 2384 1280 2416 hi
1289 2406 1300 2423 ,
1324 2394 1455 2426 quorum
1471 2383 1599 2415 libertas·
1616 2381 1783 2413 ass'ccurata
1800 2378 1864 2422 est,
1886 2387 1945 2419 pro

1083 2426 1300 2458 incolumitate
1322 2426 1449 2458 navium
1468 2424 1601 2456 debitam
1625 2430 1749 2462 operam
1770 2418 1947 2465 navaffent,

1083 2477 1155 2500 nam
1183 2467 1205 2500 fi
1234 2466 1376 2507 magister
1397 2467 1503 2504 navis,
1528 2465 1549 2497 fi
1566 2463 1697 2505 epibatae
1720 2470 1774 2502 per
1800 2468 1945 2491 inertiam

1084 2509 1169 2542 suam
1188 2508 1218 2541 se
1232 2508 1392 2547 dederint,
1417 2515 1561 2548 negarem
1580 2505 1617 2536 iis
1636 2502 1809 2548 astionem,
1833 2509 1946 2533 contra

1084 2551 1150 2582 vim
1173 2550 1255 2581 enim
1275 2548 1408 2581 hostiurn
1430 2549 1617 2580 ass'ecuratur
1640 2552 1728 2585 quls,
1749 2551 1812 2574 non
1837 2550 1947 2574 contra

1083 2591 1242 2633 ignaviam
1267 2590 1361 2622 suam.
1413 2589 1507 2621 Plane
1534 2594 1569 2617 ut
1592 2593 1703 2616 contra
1727 2583 1947 2629 asl'ccuratorea

1085 2633 1169 2665 nulla
1187 2631 1232 2664 est
1249 2631 1350 2669 aCliO,
1373 2630 1394 2662 fi
1417 2639 1465 2663 res
1489 2627 1667 2661 assecumtae
1682 2635 1738 2667 per
1752 2627 1784 2657 le
1806 2631 1945 2656 corrum-

1086 2681 1200 2716 pantur
1214 2680 1268 2705 aut
1282 2679 1420 2713 percant.

1847 3219 1946 3256 CA-
