2008 3436
209 125 401 162 opusc,
452 120 526 159 DE
578 117 723 169 June
776 117 1101 154 occmENDi
1151 120 1404 159 tinnitos
1456 126 1624 163 evm,

53 214 117 247 Tre,
145 212 252 247 emptor
279 204 425 237 obtinendi
448 203 509 245 ejus
523 201 648 243 servitii
665 199 770 230 habeat
779 197 914 237 faculta-

51 256 118 280 teri.
166 248 271 280 Liceat
286 253 380 278 autem
399 243 470 285 ipfi,
491 245 540 285 qui
565 241 721 277 vendidit,
737 238 792 285 juez
812 239 861 279 qui
881 249 912 269 a-

53 291 178 322 lienatus
194 287 235 330 est
247 311 257 326 ,
279 294 330 319 aut
350 287 468 318 cuilibet
486 285 540 315 alii
554 285 592 314 ad
621 284 834 324 ingenuitatem
850 289 915 310 eum

47 333 196 372 propriam
214 334 357 369 repetere,
373 329 450 358 niodo
461 325 490 365 fi
507 332 559 356 aut
566 325 693 365 pretium
707 319 812 361 offerat
822 321 915 361 ,quod

71 371 140 412 otest
158 372 276 409 valere,
299 376 349 401 aut
368 368 544 407 mancipium
558 372 611 406 pro
636 362 772 411 ejusmodi
787 359 912 407 praestet.

46 381 106 446 {⁴}
129 413 196 444 haec
215 413 265 444 lex
281 410 342 443 fine
356 410 406 441 die
421 411 450 441 ἃ
463 405 620 443 Consule,
642 403 692 437 sed
708 402 914 444 posteriorem

50 453 113 486 esse
130 462 259 494 utraque
275 452 352 490 alia,
376 459 466 492 quam
479 448 564 485 dixi,
582 443 836 489 Constitutione,
847 444 913 475 col-

52 496 119 537 ligo
142 504 181 526 ex
213 495 233 526 l.
257 502 304 525 un.
343 492 375 523 C.
420 490 472 522 Ti).
507 489 541 519 de
574 486 634 518 His
662 487 713 528 qui
739 485 913 527 sanguinol.

50 543 136 578 empt.
159 537 206 567 vel
229 534 373 566 nutriend.
397 536 494 571 accep.
515 538 585 571 quae
606 527 744 568 ejusdem
763 525 915 557 Constan-

51 579 110 610 tini
129 600 138 615 ‚
172 578 201 609 δε
215 598 225 613 ,
256 574 310 607 nisi
332 572 416 614 quod
441 572 535 603 etiam
552 570 590 601 de
607 568 704 602 servis
723 577 739 599 a
762 575 813 605 at,
836 567 915 608 ejus-

49 619 120 652 dem
145 618 275 649 omnino
299 612 473 656 argumenti
499 611 545 644 est
561 635 570 650 ,
603 609 654 642 sed
672 609 732 642 emi
761 618 778 640 a
798 608 835 640 ad
855 609 914 640 ita-

49 659 118 698 los,
148 667 230 690 anno
256 657 380 688 demum
405 651 625 687 CCCXXIX.
669 651 831 683 Memorat
849 649 915 690 qui·

51 700 121 734 dem
153 697 377 731 Constantinus
407 697 438 728 in
469 696 498 727 d.
532 695 552 726 l.
574 704 624 726 un.
648 693 768 724 Statuta
784 692 917 732 priorum

49 741 243 781 Principum,
272 741 325 781 qui
352 738 382 770 id
405 735 506 778 ipsum
523 734 707 774 edixissent,
732 733 783 766 sed
800 742 835 764 ea
851 731 915 764 fru-

49 781 110 816 stra
125 780 321 824 quaesiveris:
346 788 381 811 ut
401 787 436 810 ut
453 786 556 810 autem
574 776 713 815 fuerint,
734 775 838 807 denuo
849 774 917 805 haec

50 824 216 866 abrogavit
237 824 266 855 d.
291 824 311 855 l.
337 831 363 854 1.
387 820 423 856 &²
446 831 474 852 2.
501 821 533 852 C.
557 818 610 850 Ti).
631 819 664 849 de
689 817 833 849 Aliment.
856 824 916 856 quoe

51 867 129 907 inop.
153 865 277 896 Parent.
302 865 336 895 de
355 863 438 904 publ.
454 867 516 903 pet.
540 862 602 892 deb.
695 867 767 889 uum
788 865 914 894 autem,

51 916 88 940 ut
119 908 148 938 d.
181 906 202 938 l.
228 915 253 938 1.
283 905 319 941 ΘΒ
351 915 378 936 2.
404 904 445 936 fic
468 904 498 935 &
516 903 543 934 d.
568 902 589 933 l.
613 911 644 932 2.
668 900 703 935 ὃ
726 909 775 930 un.
799 898 916 938 duplex

51 958 146 989 atque
170 947 248 979 adeo
274 945 394 978 diversa
417 944 485 977 Lex
508 943 545 976 sit
565 965 577 981 ,
608 941 645 973 ad
660 939 800 972 diversos
817 939 888 970 data
905 962 916 978 ,

50 991 149 1022 altera
174 988 212 1020 ad
235 986 449 1021 Provinciales
467 1009 476 1023 ‚
508 985 604 1016 altera
621 983 658 1014 ad
674 981 771 1013 Italos
783 1004 792 1019 ,
814 980 916 1021 probo

52 1030 240 1065 sententiam
267 1028 348 1061 Clar.
376 1026 513 1059 Noodtii
537 1025 568 1056 in
590 1023 675 1064 Julio
700 1021 793 1054 Paulo
820 1021 852 1053 C.
875 1021 916 1053 V.

49 1072 243 1105 adfirmantis
268 1078 376 1101 conti-a
403 1067 553 1107 Jacobuin
572 1063 809 1096 Gomon-eduin
828 1087 838 1102 ,
863 1063 892 1094 &
905 1085 916 1100 ‚

54 1122 147 1156 quern
171 1112 266 1150 addo,
299 1110 323 1142 F
326 1108 497 1142 ranciscum
523 1106 710 1138 Balduinum
728 1105 760 1136 in
778 1102 915 1144 Constan—

48 1157 114 1186 tino
138 1153 185 1186 M.
229 1178 236 1184 .
258 1162 327 1192 249.
354 1151 482 1182 alteram
506 1158 546 1180 ex
570 1148 668 1179 altera
683 1157 700 1178 a
714 1145 916 1177 Triboniano

50 1194 131 1228 male
155 1195 194 1225 de
209 1194 342 1235 criptam
367 1192 420 1224 seu
444 1191 651 1224 deformatam
680 1197 746 1220 non
765 1186 844 1225 esse,
865 1186 917 1218 sed

51 1245 114 1269 non
129 1238 254 1277 probo,
275 1245 315 1266 ex
331 1235 400 1273 his,
431 1233 461 1265 ἂ
478 1232 546 1264 aliis
571 1230 708 1268 duabus,
733 1238 808 1269 quas
820 1228 916 1260 modo

48 1277 212 1316 recitavi,
244 1277 327 1308 bona
354 1276 415 1307 fide
440 1273 542 1311 effici,
569 1270 769 1303 Constantini
785 1279 856 1301 aevo
871 1277 916 1301 et-

49 1320 113 1353 iam
141 1318 260 1350 licitam
285 1316 378 1349 fuiss'e
405 1314 717 1358 sanguinolentorum
753 1320 863 1342 necem
887 1311 917 1343 ὅ(

46 1359 281 1402 expositionem
301 1371 309 1391 ι
340 1367 409 1390 nam
436 1356 457 1389 fi
481 1362 673 1388 contrarium
705 1362 769 1384 non
784 1352 890 1384 dicant
906 1375 915 1391 ‚

52 1413 117 1450 quo
131 1402 287 1443 parricidii
303 1400 333 1432 &
352 1399 422 1431 aliae
438 1397 618 1430 locutiones
634 1393 836 1426 commodum
852 1403 918 1435 pei·⁴

52 1452 156 1477 tinent
169 1467 178 1482 ,
200 1443 262 1474 hoc
278 1450 365 1474 certe
386 1450 449 1472 non
465 1440 586 1471 dicunt.

49 1516 52 1517 ⁷
97 1486 157 1518 Sed
181 1493 344 1526 pergamus
365 1483 401 1514 ad
427 1480 644 1513 venditionem
660 1501 672 1518 ‚
700 1476 739 1511 de
759 1487 818 1519 qua
832 1487 919 1511 nunc

51 1526 155 1562 sermo
173 1525 226 1558 est.
272 1525 364 1558 Hanc
382 1522 486 1555 rursus
503 1521 661 1564 permittit
676 1519 917 1562 Constantinus,

53 1577 86 1601 at
103 1578 167 1600 uno
192 1566 285 1606 casu,
313 1572 431 1608 propter
450 1565 572 1596 nimiam
594 1568 796 1604 paupertatem
812 1562 920 1605 egesta-

53 1616 184 1652 temque,
207 1609 301 1641 victus
326 1607 436 1649 causa3
459 1605 544 1647 quod
570 1605 682 1636 incidit
702 1604 733 1635 in
759 1603 920 1645 exceptio-

52 1661 128 1685 nem
143 1651 249 1690 Pauli,
280 1649 330 1682 sed
346 1649 431 1690 quod
458 1647 511 1679 hic
526 1646 565 1677 de
579 1646 656 1687 jiliis
674 1644 857 1686 simpliciter
872 1644 917 1676 di-

46 1702 162 1731 xerat,
191 1692 245 1724 ille
267 1691 363 1723 edicit
390 1690 429 1722 de
439 1687 690 1730 sanguinolentis.
738 1686 842 1728 Vulgo
864 1695 917 1718 iio—

13 1744 23 1753 ·
51 1742 120 1766 tum
141 1734 202 1773 eil,
230 1731 443 1765 Haloandrum
463 1728 844 1771 edidiffesanguinolentw
860 1736 918 1769 pro

41 1775 301 1823 sanguinolentos,
324 1783 364 1805 ex
381 1773 482 1805 veteri
501 1771 670 1812 scriptura,
699 1779 790 1811 quain
811 1770 841 1801 δε
857 1769 916 1801 Ac-

46 1820 166 1854 ¹curtius
186 1816 311 1848 notavit
337 1815 367 1848 ἀ
398 1813 558 1851 laudavit,
582 1822 647 1853 quo
663 1810 783 1844 scilicet
805 1809 918 1842 resera}

47 1865 102 1892 tui·
127 1858 165 1890 ad
190 1865 309 1900 patrem
328 1880 338 1896 ‚
372 1857 425 1898 qui
450 1858 493 1887 ob
514 1854 731 1886 venditionem
747 1853 918 1885 liberorum

40 1899 289 1975 {anguinolentus
312 1898 471 1930 diceretur
485 1920 497 1937 ,
522 1896 555 1928 id
570 1897 634 1937 est,
654 1904 747 1927 atrox
764 1895 794 1927 ἀ
813 1894 919 1926 crude-

65 1941 110 1980 is,
133 1941 163 1973 δι
180 1950 273 1973 nemo
302 1949 366 1981 quo
391 1949 429 1971 ue
454 1937 572 1976 nescit,
595 1937 786 1969 Reium-dum
800 1935 921 1979 Racho-

51 1992 138 2014 vium
161 1984 194 2014 de
209 1984 330 2025 pigrior.
355 1981 383 2016 δ
411 1981 526 2022 hypoth.
552 1979 592 2010 L.
618 1978 657 2010 11.
692 1979 725 2010 C.
750 1987 798 2009 12.
832 1988 863 2009 n.

47 2020 223 2058 Haloandri
240 2023 408 2063 lectionem
425 2023 519 2053 variis
542 2020 717 2052 rationibus
736 2018 916 2051 defendisse.

48 2064 127 2104 Sed,
160 2065 302 2106 quamvis
330 2064 451 2096 Basilici
474 2063 561 2094 illam
584 2069 699 2093 vocem
723 2059 887 2092 omiserint
907 2081 919 2097 ,

52 2115 91 2138 ex
109 2105 161 2138 sua
175 2115 288 2147 nempe
307 2108 423 2144 καοάςσᾱ
440 2128 449 2144 ,
472 2103 716 2146 sanguinolentos
734 2111 860 2140 tamen,
883 2108 919 2132 ut

48 2146 187 2190 legitur,
212 2147 375 2188 legendum
392 2146 456 2184 est,
479 2146 509 2177 δι
529 2153 579 2177 tot
597 2143 789 2185 argumentis
805 2143 836 2175 id
852 2142 917 2177 evir

48 2189 98 2221 cit
113 2187 247 2228 Jacobus
262 2187 482 2219 Gothofredus
505 2187 543 2218 ad
574 2187 603 2218 d.
627 2187 646 2217 l.
668 2196 719 2217 un.
747 2186 778 2217 C.
805 2184 861 2216 Th.
884 2184 918 2216 de

53 2229 115 2262 His
154 2231 184 2260 ui
199 2229 344 2272 sanguin.
368 2235 456 2270 empt.
476 2227 524 2259 vel
544 2234 625 2259 nutr.
651 2234 745 2268 accep.
773 2234 807 2258 ut
830 2224 915 2261 Ulti-

49 2280 106 2302 ciis
125 2270 140 2302 i
161 2271 272 2302 uber-us
304 2270 345 2301 L.
371 2269 410 2301 ΙΙ.
446 2268 574 2311 Digreff.
599 2270 630 2300 C.
655 2279 686 2309 5.
732 2267 862 2300 otuiss‘et
881 2276 917 2298 ea

47 2321 146 2353 opera
163 2310 366 2353 supersedere.
414 2310 661 2353 Sanguinolentus
682 2311 713 2342 ei
747 2320 845 2341 recens
861 2319 915 2340 na-

48 2359 113 2391 tus,
145 2353 174 2384 dt
199 2353 402 2385 auctoritates
424 2352 455 2383 in
486 2353 566 2383 hanc
590 2361 655 2383 rein
674 2351 916 2393 quamplurimas

48 2393 222 2427 attulerunt
243 2396 271 2426 ὅ(
294 2392 514 2425 Gothofredus
534 2394 562 2424 d.
579 2393 631 2424 loc.
657 2393 687 2424 &
706 2392 917 2425 Covarruvias

47 2435 176 2470 Variar.
199 2435 329 2477 Resolut.
357 2434 390 2466 C.
416 2433 470 2466 111.
497 2434 529 2466 C.
559 2443 606 2475 14.
639 2444 671 2465 n.
691 2443 721 2474 4.
748 2434 779 2465 &
802 2432 915 2465 Caran-

47 2486 88 2512 za
119 2480 153 2508 de
185 2477 282 2508 Partu
318 2477 351 2508 C.
376 2475 431 2508 IV.
467 2474 541 2507 Seet.
564 2486 595 2516 4.
630 2475 660 2507 &
686 2475 820 2516 quinon
835 2474 917 2507 alii?

48 2519 125 2559 quin
147 2518 177 2550 δί
209 2518 282 2557 illi,
310 2517 393 2559 quod
410 2516 483 2549 satis
501 2517 564 2557 esl,
590 2517 739 2548 videntur
753 2515 865 2548 dixisse
880 2516 917 2548 ad

49 2559 295 2600 explicationem
328 2561 355 2590 d.
382 2558 403 2590 l.
428 2568 458 2590 2.
502 2557 574 2590 Nos
600 2558 742 2589 dicamus
758 2579 770 2595 ,
793 2567 863 2600 quae
879 2557 917 2589 ad

48 2601 257 2633 mutationem
280 2600 362 2641 Juris
388 2599 547 2641 pertinent
563 2622 574 2638 ,
607 2599 638 2631 &
655 2600 727 2641 quia
743 2600 782 2630 de
788 2599 916 2641 sunguik

47 2642 172 2674 nolentis
187 2641 255 2679 hic,
281 2642 310 2673 ὅ(
331 2641 369 2673 de
384 2641 487 2681 emptis
512 2651 531 2672 a
544 2642 696 2683 sanguine
715 2641 748 2673 in
767 2642 796 2672 d.
821 2641 840 2671 l.
863 2650 914 2672 un.

49 2683 202 2714 duntaxat
225 2682 321 2727 verba
346 2683 426 2714 fiunt
447 2704 459 2721 ,
486 2682 586 2715 videri
615 2681 738 2723 posset,
760 2682 792 2713 in
811 2681 917 2714 liberis

49 2732 126 2757 natu
148 2722 363 2795 ffrandioribus
387 2723 472 2755 illam
494 2724 683 2764 potestatem
706 2722 849 2763 cessasse,
871 2722 916 2754 id·

49 2774 112 2806 que
129 2767 158 2795 el
170 2763 190 2795 'e
209 2763 290 2804 Juris
306 2764 394 2797 novi.
436 2764 484 2797 Ita
501 2764 572 2796 sane
598 2763 700 2796 visum
723 2765 768 2796 est
781 2764 916 2796 Hubero

49 2808 78 2838 d.
107 2805 140 2837 C.
160 2815 189 2845 5.
214 2803 342 2851 sednon
361 2803 565 2845 Gothofredo
580 2806 619 2838 ad
637 2807 665 2837 d.
691 2807 713 2838 l.
735 2816 786 2838 un.
815 2806 869 2848 qui
892 2806 915 2837 i-

51 2846 112 2879 deo
147 2845 419 2887 angumolentorum
440 2847 634 2880 mentionem
654 2846 767 2880 fastam
786 2846 892 2879 censet
905 2870 917 2886 ,

51 2897 116 2933 quo
153 2887 241 2932 aucta
257 2895 311 2928 per
325 2887 524 2920 nativitatem
541 2885 682 2927 familia,
706 2899 784 2921 mox
805 2889 836 2921 in
843 2889 916 2930 pau-

48 2935 228 2975 pei-roricus
248 2935 395 2974 augeatur
415 2927 532 2968 fames,
554 2937 649 2972 atque
675 2931 747 2963 ideo
764 2939 869 2973 patres
882 2929 916 2962 si-

50 2973 82 3001 bi
101 2977 177 3000 tunc
191 2977 282 3015 quam
301 2977 434 3014 maxime
451 2969 633 3010 consulant3
654 2981 716 3004 non
735 2973 820 3014 quod
841 2971 917 3004 alias

49 3010 133 3051 idem
157 3017 239 3055 patr-i
265 3009 510 3055 non-licuerit,
535 3011 586 3051 sed
601 3011 686 3054 quod
703 3021 780 3046 tunc
798 3013 916 3056 potiffi-

49 3061 137 3098 mum
151 3059 249 3082 moris
266 3049 376 3082 fuerit.
404 3050 477 3096 ,Ast
497 3060 557 3093 ego
580 3052 715 3086 Hubero
732 3054 889 3088 adsentior
903 3078 914 3094 ‚

73 3103 122 3124 uia
148 3100 276 3137 utraque
295 3089 524 3137 ‚Constituti03
549 3089 625 3135 qul&
646 3103 714 3127 eam
729 3096 762 3128 in
782 3106 847 3128 rem
864 3106 916 3128 ex-

49 3104 129 3181 stat,
150 3140 336 3180 nominatim
356 3132 420 3173 agit
435 3132 714 3178 definguinolentis
729 3159 741 3175 ,
764 3138 793 3169 ἃ
811 3141 915 3178 emptis

49 3188 70 3209 a
78 3182 227 3218 janguine
237 3195 251 3216 ,
290 3173 529 3205 uemadmodum
552 3175 583 3207 &
598 3173 671 3217 ante
687 3186 814 3210 caverat
823 3178 913 3211 ‘Con-

50 3214 257 3290 stanTtinusIde
285 3214 338 3248 ola
354 3213 541 3257 educatione
564 3216 709 3258 nascentis
730 3219 869 3261 infamia.»
882 3222 916 3253 jn

124 3267 175 3289 oni.
218 3279 227 3288 .
812 3259 838 3263 ”

1752 128 1824 172 36ιῖ

957 197 984 228 d.
1011 196 1032 228 l.
1059 206 1087 229 Ι.
1110 197 1142 229 C.
1172 198 1226 230 Tl).
1243 201 1277 231 de
1302 201 1447 246 Aliment.
1472 215 1532 246 quae
1551 208 1627 248 inop.
1648 207 1771 239 Parent.
1791 208 1842 237 des

953 239 1024 279 pub.
1044 243 1105 278 pet.
1130 240 1194 271 deb.
1223 239 1376 287 *Legibus
1395 244 1511 284 igitur,
1536 258 1598 279 non
1617 248 1759 280 moribus
1770 248 1824 278 tri-

958 282 1023 310 buo
1034 301 1045 317 ,
1067 280 1151 320 quod
1168 288 1265 326 toties
1280 292 1310 313 in
1328 282 1465 328 Legibus
1481 290 1650 327 repetitum
1668 289 1723 322 est.
1769 289 1825 320 At-

958 329 1019 361 que
1039 319 1108 351 liaec
1131 329 1214 367 ratio
1240 321 1375 369 sufficit;
1397 335 1467 357 nam
1486 328 1555 359 aliae
1573 330 1731 369 rationes,
1753 339 1827 371 quas

956 360 1106 408 Huberus
1122 362 1226 402 addit,
1252 372 1287 395 ut
1311 364 1614 412 insanguinolentis
1632 370 1716 402 illam
1735 371 1828 411 juris-

956 403 1157 449 prudentiam·
1180 405 1293 450 probet
1308 429 1318 446 ,
1351 417 1382 438 in
1405 409 1624 449 grandioribus
1650 413 1829 453 improbet,

957 446 1031 476 satis
1059 442 1130 494 sunt
1152 447 1304 493 inutiles,
1333 456 1368 479 ut
1393 449 1486 481 initio
1518 452 1602 493 hujm
1627 452 1696 492 Cap.
1720 462 1827 484 mone-

958 485 1040 531 bam.
1083 486 1142 532 bed
1160 496 1229 527 quis
1247 490 1367 530 lemper
1387 490 1418 522 in
1435 490 1726 525 Constitutioninus
1745 494 1831 525 Prin»

958 536 1064 572 cipum
1082 529 1268 561 rationalem
1286 530 1565 572 jurisprudentiam
1593 544 1712 576 quaerat
1731 535 1760 566 &
1784 534 1829 566 in-

959 569 1092 613 yeiiiat?
1112 569 1274 615 ‘proferam
1304 582 1381 604 mox
1407 574 1437 606 ὃς
1459 575 1534 607 alias
1549 574 1826 614 constitutiones,

959 617 993 640 in
1019 608 1081 640 hoc
1109 612 1178 655 ipso
1200 620 1386 658 argumento
1404 638 1414 654 ‚
1442 626 1517 658 quas
1533 626 1606 650 cum
1623 618 1746 650 ratione
1763 616 1829 648 fru-

959 650 1021 681 stra
1039 651 1271 697 conciliaveris.

1001 689 1138 736 Accessit
1167 693 1196 725 &
1228 695 1312 728 aliud
1345 697 1376 729 in
1399 699 1427 731 d.
1452 701 1472 732 l.
1496 711 1524 733 2.
1549 701 1633 742 quod
1654 701 1736 742 Juris
1752 701 1831 733 novi

959 731 1024 778 est,
1050 733 1128 781 illud
1145 743 1240 779 puta,
1263 739 1348 784 qnod
1363 742 1442 780 patri
1470 743 1622 774 vendendi
1638 765 1648 782 ,
1673 743 1741 775 filio
1758 752 1833 774 ven-

958 774 1102 819 dito,·ot
1121 776 1252 822 cuilinet
1271 779 1346 826 alii,
1375 784 1568 816 concedatur
1593 784 1730 825 potestas
1753 785 1833 816 redi-

959 815 1063 847 mendi
1088 825 1104 846 a
1132 815 1285 870 servitute
1306 823 1361 853 nlii
1376 847 1385 861 ,
1417 828 1495 857 modo
1507 826 1535 865 fi
1549 832 1600 857 aut
1610 828 1739 866 pretium
1760 826 1830 867 offe-

959 863 1034 904 rat,
1060 858 1132 898 quod
1148 861 1242 900 potest
1268 863 1388 902 valere,
1419 873 1470 897 aut
1496 869 1674 908 mancipium
1688 874 1740 908 pro
1755 869 1830 909 ejus-

959 904 1034 945 mouz
1050 897 1175 946 praestet.
1195 942 1198 947 Ι
1227 904 1299 941 Jure
1336 907 1488 947 antiquo,
1510 917 1545 940 ut
1562 908 1650 950 supra
1667 909 1830 946 dicebam.

960 939 1137 979 hujusmodi
1155 942 1238 974 tilius
1258 948 1458 981 inanumiss'us
1483 951 1669 992 ingenuitati
1687 951 1830 982 restitue

961 982 1074 1020 batur,
1105 991 1191 1014 nunc
1219 985 1322 1032 placet
1348 988 1417 1028 plus
1441 991 1513 1022 dare
1532 991 1634 1024 studio
1653 992 1829 1030 libertatis,

960 1022 1141 1054 &mercem
1170 1033 1305 1066 emptori
1333 1037 1427 1062 extoi·
1452 1042 1541 1073 uere,
1566 1032 1673 1065 refuso
1697 1034 1801 1074 pretio
1820 1053 1831 1070 ‚

959 1064 1044 1105 quod
1064 1074 1153 1110 nunc.
1169 1066 1274 1108 potest
1295 1071 1401 1102 valere
1429 1041 1528 1114 gnam
1546 1075 1629 1106 reete
1646 1075 1766 1107 Basilici
1793 1079 1829 1104 νῦν

958 1105 1076 1137 addunt
1092 1127 1104 1150 ,
1144 1111 1415 1152 interpretationis
1438 1116 1513 1146 loco
1582 1116 1634 1146 vel
1659 1115 1829 1148 substituto

958 1145 1051 1192 servo
1068 1156 1198 1194 vicario.
1244 1149 1318 1183 Plus
1336 1153 1438 1186 adhuc
1454 1155 1508 1187 sibi
1525 1157 1589 1198 pii,
1613 1155 1663 1187 sed
1681 1158 1756 1188 mihi
1767 1167 1830 1188 ina—

958 1197 1006 1229 gis
1024 1197 1111 1228 impii
1133 1190 1281 1237 Videntur
1309 1192 1412 1236 impp.
1439 1196 1698 1236 Valentinianus,
1721 1198 1830 1231 Theo-

958 1228 1083 1276 dosius,
1110 1229 1140 1261 &
1166 1230 1316 1265 Arcadius
1344 1235 1376 1267 in
1396 1237 1416 1268 l.
1440 1248 1490 1271 un.
1518 1241 1549 1272 C.
1578 1240 1632 1272 Th.
1653 1241 1687 1271 de
1711 1239 1828 1271 Patrib.

959 1280 1009 1312 qui
1032 1271 1086 1318 fil..
1111 1269 1235 1312 distr-ax.
1270 1274 1381 1308 Omnes
1397 1301 1409 1317 ,
1439 1280 1608 1322 inquiunt,
1629 1291 1697 1323 quas
1715 1281 1829 1313 Paren-

960 1319 1021 1343 tum
1035 1311 1219 1362 'mzseranda'
1229 1315 1359 1363 fortuna
1383 1320 1415 1350 in
1427 1321 1608 1362 servitium,
1631 1325 1699 1355 dum
1716 1322 1832 1354 vietum

959 1357 1289 1400 requiruntQaddzxtt,
1312 1360 1495 1403 ingenuitati
1512 1367 1563 1406 pri
1592 1367 1645 1396 inae
1669 1365 1829 1405 reformen-

960 1400 1026 1426 tur:
1050 1404 1103 1426 nec
1113 1396 1188 1437 sane
1203 1403 1462 1436 remunerationem
1484 1405 1502 1446 (
1513 1364 1596 1439 refksfe
1615 1407 1749 1447 conjicit:
1765 1406 1831 1446 jac-

960 1435 1200 1486 GothofreduS,
1223 1446 1512 1489 renumerationem)
1536 1450 1630 1489 pretii
1649 1449 1730 1480 debet
1744 1454 1829 1488 expo-

951 1481 1053 1527 scere,
1081 1488 1133 1526 cuz.
1152 1485 1241 1512 etiam
1262 1485 1378 1516 minimi
1406 1491 1540 1529 temporis
1557 1490 1657 1531 spatio
1666 1490 1831 1531 servitium

952 1521 1104 1567 satisfecit
1122 1524 1255 1568 ingenui.
1300 1524 1349 1557 Ita
1376 1536 1453 1560 vero
1468 1552 1481 1568 ,
1507 1530 1570 1563 fine
1585 1530 1742 1563 refusione
1764 1540 1831 1572 pre-

962 1562 1130 1608 tii?·rarus
1146 1564 1327 1609 sic-emptor
1340 1567 1460 1610 aderit,
1490 1572 1544 1613 qui
1567 1570 1728 1604 succurrat
1743 1572 1830 1604 labo·

962 1603 1103 1650 rantibus
1120 1604 1281 1652 pati-ibus,
1306 1608 1336 1639 δι
1353 1609 1431 1642 adeo
1441 1613 1498 1654 ipsi
1517 1614 1642 1648 Aniano
1656 1612 1831 1656 displicuis-

960 1644 994 1695 se
1009 1645 1136 1692 uidetur
1160 1655 1266 1693 ¹⁰.¹qu².²
1292 1647 1512 1693 Constitutio,
1544 1663 1580 1687 ut
1598 1665 1666 1688 eam
1681 1655 1830 1688 incrusta-

961 1696 1045 1718 verit
1067 1685 1126 1718 hac
1149 1687 1324 1735 adjectione
1343 1713 1355 1729 ,
1380 1691 1409 1732 si
1415 1695 1543 1735 servitio
1559 1696 1613 1738 fito
1634 1698 1827 1739 satisfecerit.

961 1728 1044 1777 Sane
1056 1728 1360 1777 Valentinianuslll.
1387 1735 1518 1769 Novella
1535 1738 1604 1778 sua,
1627 1741 1662 1770 de
1674 1740 1830 1777 Patribus,

961 1781 1010 1812 quz
1018 1771 1098 1811 filios
1106 1769 1176 1811 suos
1200 1770 1418 1815 distraxerunt,
1452 1788 1522 1819 quae
1547 1779 1648 1813 exstat
1668 1781 1750 1812 inter
1762 1783 1830 1823 ejus

962 1812 1109 1845 Novelzas
1121 1808 1166 1853 T·
1182 1811 1242 1859 Xi.
1264 1814 1360 1857 longe
1377 1818 1469 1851 aliter
1496 1819 1617 1862 sapuit3
1645 1831 1749 1855 narrat
1767 1824 1829 1865 pri-

962 1863 1072 1901 mum,
1102 1852 1361 1902 obscoeniffimam
1386 1859 1503 1893 famem
1517 1885 1529 1901 ,
1558 1872 1628 1903 quae
1652 1872 1752 1896 totam
1770 1865 1830 1897 Ita·

962 1896 1036 1928 liam
1051 1904 1091 1927 eo
1111 1903 1254 1937 tempore
1280 1899 1494 1945 quassaverat,
1519 1905 1673 1945 plurimos
1690 1906 1829 1947 coegisse

961 1937 999 1978 ad
1016 1937 1243 1979 {venundandos
1263 1939 1358 1972 filios.
1407 1943 1552 1983 Tantum,
1571 1946 1691 1987 inquit,
1712 1950 1827 1979 unicui-

887 1987 918 2018 4.
962 1989 1014 2021 que
1035 1978 1198 2021 miseranda
1224 1983 1350 2020 macies,
1381 1983 1416 2018 &³
1432 1985 1549 2017 lethalis
1559 1990 1745 2028 pereuntium
1760 1990 1828 2030 pal-

962 2022 1005 2069 lor
1020 2020 1137 2068 extorsit
1145 2042 1157 2059 ‚
1177 2026 1215 2068 ut*
1226 2023 1312 2053 totius
1321 2046 1341 2069 ,,
1356 2034 1438 2066 quem
1454 2033 1564 2059 natura
1580 2028 1710 2070 conceffit
1718 2052 1730 2068 ,
1752 2041 1829 2062 amo—

961 2072 1010 2109 ris.
1031 2063 1113 2094 ohlztz
1134 2086 1144 2102 ,
1173 2061 1399 2111 alierzarejuos,
1421 2069 1544 2108 pietatis
1569 2080 1661 2112 genus
1672 2076 1827 2111 putarent.

962 2103 1022 2136 Nzl
1046 2109 1147 2145 turpe,
1181 2104 1225 2151 nil
1248 2111 1372 2138 vetitum
1402 2111 1493 2141 credit
1516 2110 1658 2152 ffurienss·
1671 2113 1740 2153 sola
1758 2123 1831 2146 cura

961 2142 1024 2194 est,
1052 2151 1084 2177 ut
1105 2145 1296 2193 qualicunque
1315 2148 1395 2189 sorte
1423 2152 1555 2184 vivatur.
1618 2153 1675 2185 Sed
1695 2156 1830 2196 iniquum

957 2190 1074 2231 judico,
1099 2189 1160 2218 idco
1177 2187 1342 2220 libertatem
1352 2193 1470 2231 perire,
1491 2195 1561 2235 quia
1583 2197 1650 2227 vita
1665 2205 1723 2227 non
1736 2198 1829 2237 perit.

959 2229 1004 2262 Et
1034 2238 1113 2274 mox
1133 2240 1141 2260 :
1171 2238 1316 2262 renovans
1340 2232 1462 2265 Statuta
1489 2235 1662 2278 Majorum,
1686 2239 1833 2270 venditio-

959 2281 1025 2303 nem
1041 2270 1310 2320 eemeosubaioveri
1327 2295 1339 2312 ,
1366 2284 1452 2315 quam
1463 2277 1604 2317 proedie‘ta
1613 2278 1715 2319 fames
1729 2280 1762 2310 de
1782 2281 1829 2310 in-

959 2323 1064 2356 genuis
1075 2317 1146 2361 sieri
1156 2312 1317 2361 perJuafit,
1341 2317 1386 2347 ita
1391 2316 1468 2357 sane
1487 2340 1498 2357 ,
1529 2324 1563 2349 ut
1579 2326 1688 2360 emptor
1699 2321 1830 2360 pretium

950 2357 1009 2403 μή)ι
1031 2360 1138 2397 quintae
1164 2354 1324 2396 adyeazone
1347 2359 1474 2398 recipz'at
1489 2381 1501 2397 ,
1531 2360 1582 2391 hoc
1598 2359 1659 2401 est,
1678 2367 1710 2391 ut
1746 2362 1830 2393 uinta

950 2397 1044 2438 solido
1061 2405 1136 2427 unus
1150 2397 1295 2442 actitatur,
1314 2399 1411 2430 decem
1437 2401 1501 2432 duo.
1545 2401 1716 2433 Rationem
1761 2403 1828 2444 egis

960 2437 1119 2485 suaehhanc
1136 2437 1308 2484 deditz-ita
1318 2437 1359 2478 fit
1373 2461 1384 2478 ‚
1418 2446 1451 2472 ut
1471 2451 1560 2483 neque
1576 2443 1659 2474 illum
1676 2444 1760 2474 rebus
1777 2445 1830 2475 ad-

954 2477 1048 2527 flictis
1062 2489 1097 2510 ac
1112 2479 1268 2519 desperatis
1281 2479 1374 2521 emiffi
1385 2483 1530 2521 paeniteat
1541 2505 1552 2522 ,
1574 2485 1624 2525 qui
1642 2485 1768 2525 amplius
1784 2495 1829 2517 re-

959 2527 1074 2562 cipiat,
1104 2529 1192 2567 quam
1215 2521 1254 2551 ad
1271 2525 1400 2568 pretium
1426 2525 1570 2563 dederat,
1594 2535 1646 2558 nec
1661 2531 1763 2566 pereat
1771 2526 1830 2567 sub

961 2567 1047 2593 tanta
1066 2562 1147 2593 clade
1161 2560 1301 2602 distracta
1316 2563 1445 2597 libertas.
1491 2565 1600 2613 Quum
1628 2567 1673 2599 ai't
1689 2567 1721 2598 se
1734 2577 1828 2599 reno-

960 2612 1035 2634 vare
1064 2604 1186 2635 Statuta
1210 2603 1382 2646 Majorum,
1413 2605 1568 2648 respicere
1590 2617 1699 2649 putem
1717 2608 1754 2640 ad
1771 2618 1828 2649 po·

959 2643 1102 2676 stremam
1127 2651 1249 2685 partem
1272 2645 1521 2681 Constitutionis
1536 2673 1547 2689 ,
1580 2659 1649 2691 quae
1674 2649 1720 2681 est
1741 2650 1773 2682 in
1796 2651 1826 2682 al.

960 2686 981 2718 l.
1003 2696 1032 2718 2.
1064 2686 1096 2718 C.
1127 2687 1161 2717 de
1192 2686 1310 2719 Patrib.
1342 2690 1391 2729 qui
1410 2688 1491 2730 filios
1510 2691 1578 2732 suos
1608 2689 1731 2731 distrax.
1754 2700 1827 2722 nam

958 2727 1224 2774 hanc-renovat,
1256 2729 1374 2769 adJecia
1406 2730 1561 2764 duntaxat
1605 2740 1714 2773 quinta
1738 2739 1829 2772 parte

957 2778 1070 2809 pretii,
1087 2769 1144 2816 .s‘³.d
1163 2769 1232 2801 haec
1247 2769 1380 2810 adjectio
1395 2772 1499 2805 rursus
1513 2773 1641 2804 videtur
1656 2772 1830 2813 displicuis-

958 2810 1217 2858 se.-[Ust¹1³¹³¹¹9.2
1250 2810 1316 2844 sola
1336 2812 1422 2853 Lege
1446 2812 1664 2852 Constantini,
1697 2814 1827 2855 reliquis

958 2853 1070 2892 mistis,
1096 2853 1209 2884 COdlcl
1230 2851 1286 2884 suo
1305 2852 1435 2885 inserta.
1475 2855 1518 2886 Et
1534 2854 1621 2885 forte
1637 2854 1710 2885 ideo
1728 2855 1827 2897 magis

959 2892 1159 2926 Constantini
1189 2893 1259 2925 Lex
1286 2894 1427 2935 placuit,
1456 2896 1540 2935 quod
1558 2895 1589 2926 ὅ(
1604 2895 1725 2927 vicario
1742 2905 1827 2928 man-

959 2935 1046 2976 cipio
1065 2936 1174 2967 locum
1199 2935 1298 2966 dai-et.
1344 2934 1420 2966 Non
1447 2935 1592 2977 disputo,
1616 2945 1685 2977 quae
1701 2936 1770 2969 Lex
1785 2948 1825 2970 ae-

959 2977 1052 3022 quior
1068 2975 1185 3014 fuerit,
1210 2975 1310 3007 inanis
1331 2974 1400 3006 fere
1426 2976 1516 3008 labor
1532 2976 1598 3015 est,
1623 2977 1677 3018 qui
1697 2979 1827 3018 ponitur

958 3027 991 3063 in
1014 3016 1210 3062 defendenda
1232 3016 1416 3057 posterioris
1442 3018 1594 3058 temporis
1612 3017 1826 3060 Jutispruden-

959 3066 1012 3089 tia.
1057 3058 1089 3088 Si
1116 3064 1220 3102 tamen
1244 3067 1314 3095 me,
1344 3056 1402 3088 hac
1418 3057 1451 3089 in
1467 3067 1520 3098 re,
1542 3058 1701 3091 auctorem
1721 3060 1826 3099 sequa-

958 3099 1020 3135 ris,
1041 3106 1102 3138 ego
1117 3096 1299 3137 simpliciter
1316 3097 1447 3131 Paulum
1464 3098 1572 3141 sequar
1590 3101 1618 3131 d.
1641 3100 1681 3132 L.
1693 3101 1732 3133 V.
1754 3102 1825 3134 Sen-

958 3144 1030 3184 tent.
1064 3138 1098 3169 Τ.
1123 3137 1148 3184 Ι..
1174 3138 1207 3188 ¹§.
1232 3148 1260 3171 1.
1292 3139 1322 3171 &
1347 3139 1498 3181 quicquid
1513 3141 1643 3175 aliarum
1658 3140 1702 3175 est
1717 3143 1825 3177 dillin-

957 3180 1117 3217 tironum,
1139 3180 1257 3219 Juoebo
1273 3179 1434 3215 facessere.

1116 3261 1179 3295 Zz
1690 3239 1832 3298 ‘'CA..
