2008 3436
212 94 408 144 opusc,
459 101 536 141 DE
584 94 843 139 LEGATis
895 99 1108 140 POENAE
1160 102 1411 144 NOMINE
1465 108 1679 149 c.v.vi.

69 189 182 223 'censeo
205 189 245 221 de
272 186 434 220 conditione
464 183 642 225 adoptandi,
675 182 706 214 <St
723 181 848 223 quidem
873 181 940 222 pari

67 233 145 272 jure.
191 231 221 263 Si
242 231 268 262 is
285 230 342 269 iit,
365 228 454 268 cujus
471 226 601 267 adoptio
622 225 768 266 iubetur,
795 231 830 255 ut
844 224 940 270 lione-

68 281 114 305 ite
132 272 224 314 possit
239 271 332 304 inseri
352 269 481 303 familiae
504 266 789 311 adoptantis,non
802 266 937 297 animad-

67 323 182 353 verto,
205 323 262 346 cur
277 323 341 346 non
361 312 431 352 illi,
455 319 544 352 aeque
558 318 595 341 ac
611 306 939 354 aliis-conditionibus

68 356 228 395 innoxiis,
251 354 421 397 parendum
438 352 492 392 fit,
525 359 626 391 neque
654 349 745 381 aliter
763 348 802 396 de
815 358 851 396 ea
871 357 937 396 egit

64 397 206 438 Julianus
238 397 270 429 in
302 397 323 428 l.
358 405 404 427 11.
433 393 474 435 ff.
505 394 539 424 de
573 392 736 423 Condicion.
761 388 857 431 instit.
902 392 935 423 Si

64 448 144 470 vero
174 439 199 471 is
224 437 291 477 fit,
322 437 376 478 qui
405 435 583 475 adoptantis
609 432 732 464 familia
760 433 839 464 eil'et
857 433 946 466 indi-,

62 491 163 522 gnus,
188 479 414 522 turpitudinem
432 476 581 515 haberet,
604 475 689 507 hunc
713 473 809 506 alicui
831 473 934 506 filium

63 521 254 559 obtrudere,
275 528 369 561 :itque
385 518 429 550 ita
447 516 586 549 honestis
598 516 728 548 familiis
744 538 756 554 ,
779 526 834 558 per
854 516 932 548 indi-

62 573 154 604 gnam
176 561 339 602 personani
359 583 370 599 ,
400 560 562 600 obrepere.
610 558 669 589 Vel
697 567 761 589 non
784 558 933 599 intelligo

62 603 258 641 Scaewlam,
285 602 336 635 vel
355 601 524 633 secundum
542 601 622 632 lianc
636 598 869 631 distinctionem
886 601 932 632 iu-

63 644 251 686 telligcndus
269 643 313 676 est
333 644 363 675 in
387 643 406 674 l.
432 651 486 683 41.
510 642 538 684 §.
563 648 592 677 3.
612 641 655 683 ff.
677 643 711 673 cie
743 641 854 683 Legat.
875 640 931 673 111.

61 686 137 728 Agit
160 685 200 717 de
226 685 348 718 haerede
372 685 425 717 vel
447 684 620 725 legatario,
645 684 696 725 qui
715 692 845 724 rogatus
867 682 931 721 est,

61 733 93 759 ιιι
109 728 260 769 quemdam
280 730 420 769 adoptet,
450 725 498 759 liis
529 725 634 758 vei-bis
652 725 797 765 adjectis,
817 724 845 764 fi
857 725 933 756 alias

53 769 166 810 fecerit
181 793 192 809 ‚
225 770 352 802 exhaeres
376 769 432 808 ch'o
449 789 461 806 ,
493 769 544 800 vel
562 791 572 807 ,
605 768 710 809 perdat
727 767 876 809 legatum,
902 766 935 798 ὀί

667 859 1033 896 CAPUT

1784 120 1857 159 455

983 183 1117 223 quaerit,
1148 183 1170 216 fi
1197 194 1261 217 non
1281 185 1504 232 adoptaverit,
1529 200 1565 222 an
1585 192 1634 230 ei,
1657 192 1709 234 qui
1729 191 1859 234 adopta-

983 231 1036 270 tus
1051 234 1114 256 non
1133 224 1197 265 est,
1229 227 1314 259 attio
1340 238 1381 260 ex
1403 229 1647 264 fideicommisso
1666 234 1857 276 competat?

982 266 1150 308 reipondet
1169 277 1246 299 vero
1257 290 1270 307 ,
1287 269 1537 313 Ji'deicmnmi'ffimz
1562 283 1615 314 quo
1633 276 1697 315 quii·
1713 281 1857 318 rogatur,

985 317 1035 354 un
1053 317 1221 355 Anop'ris'r
1235 332 1247 348 ,
1280 318 1377 344 ratum
1403 322 1461 344 non
1486 325 1500 344 e
1523 314 1547 345 e.
1595 314 1692 347 Vides
1709 318 1857 357 generale

981 351 1184 396 reiponium,
1216 351 1308 392 plane
1335 362 1370 385 ut
1397 354 1480 395 apud
1530 356 1670 397 lpianum
1689 357 1854 391 &Tribo-

980 401 1108 423 nianum
1126 390 1172 424 est
1186 394 1340 434 generalis
1358 397 1561 436 cnuiiciatio,
1588 396 1638 429 sed
1653 407 1689 430 ut
1708 398 1788 430 lianc
1798 408 1854 432 ex-

979 434 1157 480 plicandam
1188 436 1263 466 duxi
1291 434 1463 469 secundum
1490 447 1546 477 ea,
1580 449 1650 481 quae
1669 445 1853 480 proponun-

979 484 1052 522 tur,
1077 483 1121 507 ita
1135 476 1290 509 Scaevolae
1316 477 1498 520 responsum
1521 482 1746 522 explicandum
1770 482 1855 515 duco

976 517 1146 564 seeundum
1172 527 1240 550 eam
1257 541 1268 557 ,
1301 529 1392 561 quam
1410 522 1583 562 proposui,
1608 522 1854 558 distinctionem.

977 557 1110 597 Glossa,
1136 566 1171 590 ut
1200 561 1227 591 d.
1260 561 1282 592 l.
1321 571 1369 594 11.
1395 572 1568 604 componat
1591 574 1665 597 cum
1699 567 1728 597 d.
1751 565 1773 597 l.
1796 574 1851 606 41.

976 600 1005 642 §.
1031 605 1061 635 8.
1082 599 1223 638 ,muitum
1240 602 1369 642 aestuat,
1393 614 1426 636 at
1446 606 1575 646 proiicit
1595 615 1726 647 pai-um,
1750 614 1786 638 ut
1805 608 1852 639 ni-

976 641 1021 674 nil
1040 651 1168 683 quoque
1184 642 1327 690 profecit
1347 646 1499 679 Aretinus
1518 647 1556 679 ad
1580 647 1610 690 §.
1633 649 1687 681 ult.
1712 647 1787 689 [nst.
1817 650 1853 680 de

977 683 1090 730 Legat.
1122 693 1186 730 nec·
1206 694 1372 727 quisquam
1397 688 1477 720 alius
1506 688 1745 732 interpretum,
1769 699 1852 733 quos

976 736 1036 767 ego
1052 727 1241 758 ientcntiaui
1260 729 1381 770 rogavi.

1134 845 1224 897 Vi.

160 945 228 979 Aur
252 943 286 990 fi
318 946 368 980 ita
393 942 593 990 stripseri'i:
628 940 765 976 Hffinns
793 950 885 974 Maus
911 951 942 974 st
969 951 1112 976 SERVUM
1140 952 1302 980 sricnuM
1337 957 1608 995 Atrziiiivnmr,
1633 952 1750 988 velex

396 1000 541 1045 divetya,
574 1009 604 1033 ει
631 1008 707 1033 riou
732 999 1003 1040 AtiaNAv'muT,
1035 996 1123 1032 Titio
1149 999 1254 1035 decem
1278 1013 1391 1037 aureos
1416 1004 1501 1040 dato.

152 1097 191 1129 idi
212 1095 342 1129 Librum
362 1095 433 1129 MS.
459 1095 511 1138 qui
532 1093 704 1130 exhibebat
725 1119 735 1134 ,
760 1092 789 1134 fi
804 1092 927 1136 sei-vain

171 1147 278 1171 MEUM
298 1140 430 1170 Stichum
450 1139 653 1176 alienaverit,
676 1138 707 1169 dc
724 1136 805 1178 apud
816 1136 925 1168 Theo—

53 1182 177 1224 philum
196 1178 242 1212 cst
258 1189 404 1222 quoque,
430 1183 472 1210 iim
489 1184 525 1208 τὸν
542 1181 596 1212 ἐμὶν
615 1179 789 1217 uiximus&
801 1187 870 1219 quae
882 1176 924 1209 se-

79 1232 206 1255 uuntur.
250 1221 330 1261 sed,
356 1222 441 1263 quod
458 1222 496 1254 ad
511 1219 658 1253 effectum
675 1221 774 1261 juris,
797 1227 862 1251 non
881 1219 927 1251 vi-

53 1233 136 1303 geo,
171 1263 248 1304 quid
282 1263 423 1302 interiit,
447 1271 553 1295 utrum
569 1263 607 1294 de
625 1262 716 1294 servo
738 1260 898 1293 testatoris
914 1282 926 1299 ,

55 1316 94 1339 an
113 1305 265 1344 haeredis,
283 1303 338 1337 fiat
362 1304 464 1338 serino
481 1315 491 1343 ;
520 1303 626 1346 potest
647 1304 762 1342 ctiam,
787 1303 816 1335 &
833 1302 927 1334 debet

56 1347 154 1379 Stichi
175 1356 290 1378 nomen
304 1371 314 1386 ‚
339 1345 523 1389 simpliciter
540 1346 675 1388 positum
694 1368 706 1385 ,
729 1345 766 1377 ad
781 1344 926 1390 Stichum

54 1387 216 1420 testatoris
235 1386 366 1429 referri,
392 1389 465 1431 quia
481 1388 574 1420 bonis
590 1387 705 1420 nostris
730 1387 832 1429 legem
850 1385 925 1417 dici-

53 1439 143 1470 mus,
168 1439 232 1462 non
255 1430 385 1470 alienis,
409 1430 463 1462 nifi
485 1430 516 1462 id
538 1429 680 1472 expresse
694 1428 793 1462 fuerit
809 1427 922 1460 astum.

52 1471 97 1504 At
115 1481 193 1503 vero
211 1470 311 1513 ipsum
330 1473 531 1514 exemplum,
556 1472 642 1514 quod
656 1471 708 1503 hic
724 1469 769 1503 est
779 1469 921 1509 obvium,

52 1514 186 1556 propius
206 1513 404 1553 intueamur,
428 1514 458 1546 &
477 1513 621 1555 quidem,
646 1513 667 1545 fi
687 1512 922 1544 Tribonianum

50 1555 158 1587 audias
175 1578 187 1595 ,
219 1565 322 1597 poenae
352 1556 483 1589 nomine
505 1556 644 1600 legatum
675 1556 755 1594 erit,
779 1553 801 1586 fi
822 1553 922 1585 haeres

51 1597 163 1630 decem
177 1598 251 1630 dare
264 1596 360 1638 juss'us
383 1596 501 1636 fuerit,
525 1599 555 1639 fi
568 1598 702 1630 Stichum
715 1596 896 1629 alienaverit
909 1617 923 1634 ,

49 1639 102 1670 vel
118 1650 176 1671 non
197 1640 386 1673 alienaverit.
412 1638 490 1672 Non
510 1640 604 1673 habet
621 1639 652 1671 id
672 1638 853 1680 exemplum
863 1635 919 1668 Ul-

49 1681 163 1723 pianus
181 1681 211 1713 in
229 1680 440 1724 Fragzizentis,
464 1691 524 1713 nec
538 1683 702 1725 quisquam
725 1680 804 1712 alius
824 1678 919 1724 Vete-

48 1732 141 1763 rum,
166 1724 250 1765 quod
272 1722 386 1764 sciam,
411 1722 474 1755 hoc
497 1723 658 1766 suggeffit,
685 1731 806 1755 novum
822 1720 920 1762 igitur

47 1763 110 1804 est,
143 1765 174 1797 ἀ
199 1774 242 1797 ex
256 1764 323 1807 ipso
341 1765 533 1797 Triboniani
562 1775 646 1807 penu
663 1763 863 1806 profectum,
888 1761 919 1807 §t

47 1806 88 1838 de
106 1816 178 1848 quo
201 1807 296 1839 aufim
325 1807 430 1839 dicere
449 1830 461 1847 ,
492 1817 557 1840 non
576 1807 674 1839 modo
693 1816 756 1838 non
773 1804 834 1837 esse
848 1801 918 1849 feli-

49 1849 117 1880 eius
133 1848 238 1890 primo
255 1849 424 1891 exemplo,
450 1848 502 1880 sed
521 1850 551 1881 &
567 1849 662 1890 longe
681 1848 779 1889 pejus.
804 1846 840 1878 In
857 1854 919 1886 pri-

46 1896 121 1929 me,
145 1890 232 1932 quod
250 1890 418 1922 habuimus
442 1891 473 1923 in
492 1890 774 1928 Institutionibus‚
790 1888 820 1920 δε
836 1885 918 1928 apud

45 1930 147 2004 {psum
168 1932 339 1974 Ulpianum
351 1954 361 1971 ,
384 1939 511 1973 poterat
529 1931 648 1964 subess'e
659 1955 669 1971 ,
695 1931 725 1963 <St
737 1955 746 1970 ,
761 1937 797 1962 ut
814 1929 916 1961 osten-

67 1973 97 2013 i,
129 1973 296 2015 aliquando
325 1973 449 2006 suberat
474 1974 620 2006 nonnihil
645 1973 753 2006 illiciti
772 1971 825 2003 vei
844 1979 916 2017 pro-

46 2013 147 2054 broii,
169 2015 256 2056 quod
273 2025 367 2048 unum
379 2039 389 2055 ‚
421 2015 443 2048 fi
473 2015 620 2048 hactenus
639 2015 723 2047 recte
738 2013 917 2059 dispUtaVi,

45 2056 202 2088 efficiebat
213 2056 488 2098 constituebatque
505 2057 642 2098 legatum
652 2066 754 2098 poenae
766 2063 896 2087 nornine
904 2076 915 2093 ,

44 2097 78 2128 in
101 2097 162 2129 hoc
179 2107 258 2130 vero
268 2099 523 2140 nihilquicquam
542 2098 761 2140 deprehendo,
780 2096 832 2128 cui
853 2095 912 2127 Le-

45 2147 101 2186 ges
121 2148 287 2181 moresque
303 2148 497 2181 repugnent,
521 2141 572 2172 vel
589 2149 762 2182 repugnare
778 2138 913 2180 possint,

44 2189 113 2212 imo
131 2180 209 2212 nihil
220 2202 232 2219 ,
254 2182 339 2222 quod
356 2191 420 2213 non
440 2183 542 2221 palam
562 2182 677 2223 ubique
693 2181 839 2223 probent.
865 2180 912 2211 A·

45 2221 178 2253 lienandi
197 2223 296 2254 verbo
314 2223 417 2254 tribue
436 2223 718 2263 significationem,
739 2231 911 2264 quamcun-

44 2272 107 2302 que
125 2263 206 2295 vclis
217 2285 229 2301 ‚
253 2263 283 2296 ‘St
299 2264 377 2296 nihil
395 2264 457 2296 erit
472 2265 503 2295 in
520 2265 706 2297 conditione
725 2265 763 2296 de
778 2264 911 2296 alienan-

42 2305 86 2336 do
112 2305 165 2337 vel
191 2314 255 2336 non
281 2306 446 2338 alienando
475 2304 585 2346 servo,
618 2307 703 2348 quod
723 2305 877 2338 haeredem
898 2326 911 2344 ,

41 2346 127 2387 quod
153 2356 341 2388 quemquam
367 2347 463 2379 alium
490 2347 559 2387 jure
582 2348 697 2380 merito
727 2347 833 2379 turbet
857 2348 910 2378 vel

41 2387 194 2421 offendat.
247 2389 279 2420 Si
305 2398 360 2430 per
386 2389 594 2420 alienationem
618 2389 776 2430 intelligas
800 2388 909 2421 vendi-

45 2430 164 2462 tionem
174 2451 186 2468 ,
197 2429 336 2461 aliumve
351 2429 448 2462 astam
458 2436 530 2470 ,per
545 2440 627 2471 quem
643 2432 802 2462 dominium
812 2435 908 2462 trams-

35 2471 158 2512 sertnr,
181 2480 216 2502 ut
233 2472 330 2512 pleno
348 2471 437 2503 sensu
464 2481 500 2503 ea
526 2481 593 2504 vox
609 2472 759 2504 definitur
775 2472 807 2504 in
830 2472 851 2503 l.
880 2481 907 2505 Ι,

44 2513 78 2546 C.
101 2513 135 2544 :Ie
157 2512 252 2545 Fumi.
276 2514 366 2545 (Zotal.
390 2523 461 2554 quae
489 2514 549 2544 erit
578 2514 659 2545 ratio
672 2536 684 2552 ,
706 2513 792 2555 quod
816 2511 907 2545 testa⁴

40 2561 92 2587 tor
118 2554 235 2587 haeredi
262 2565 326 2587 non
357 2554 460 2595 poffet
484 2555 654 2596 imperare,
688 2563 724 2587 ut
742 2555 907 2593 Stichum,

40 2597 94 2630 fibi
111 2605 217 2628 carum
230 2619 240 2634 ‚
264 2597 456 2629 haereditatis
474 2595 536 2628 suae
557 2606 706 2638 gnarum,
727 2597 779 2629 vel
801 2596 906 2638 liquid

40 2640 90 2672 his
107 2637 152 2669 est
168 2638 286 2676 limile,
311 2648 375 2670 non
390 2638 506 2670 alienet
518 2662 528 2677 ,
562 2639 666 2670 addita
680 2657 692 2677 9
715 2637 734 2670 fi
751 2638 906 2670 alienave-

39 2683 104 2719 rit,
126 2680 234 2710 decern
256 2689 421 2712 aureorum
449 2689 559 2720 poena,
584 2680 679 2712 Titio
698 2679 871 2721 praestanda
889 2680 907 2711 ἰ)

39 2723 134 2760 dico,
162 2720 239 2752 Titio
253 2719 436 2761 prestanda,
458 2722 530 2763 quia
546 2722 591 2753 ita
609 2731 659 2754 res
681 2731 745 2754 non
772 2720 905 2753 subsistit

39 2765 123 2797 intra
152 2762 230 2794 fines
254 2763 329 2793 nudi
355 2764 529 2804 praecepti,
561 2763 600 2795 de
615 2773 680 2804 quo
698 2762 742 2795 ess
766 2763 786 2794 l.
813 2772 841 2804 7.
861 2762 903 2804 ff.

39 2807 74 2837 'de
98 2805 183 2836 Ami.
204 2804 294 2845 legar.
318 2803 440 2844 plenius
456 2805 616 2844 explicata
635 2806 668 2837 C.
686 2804 742 2837 ΙΙΙ.
766 2803 902 2844 Rursus,

39 2856 98 2878 cui·
114 2855 178 2877 non
205 2844 288 2876 recle
312 2845 417 2885 jubeat
444 2845 593 2886 testator,
618 2855 655 2878 ut
674 2846 772 2878 haeres
787 2847 904 2878 alienet

40 2888 209 2925 Stichum,
239 2885 292 2917 sibi
316 2884 404 2917 forte
426 2882 621 2928 suspestum,
643 2888 695 2920 vel
710 2887 765 2929 ipii
787 2888 902 2920 haeredi

38 2927 196 2966 invisum,
220 2926 339 2967 posita,
363 2926 385 2958 si
404 2937 468 2959 non
486 2928 671 2961 alienaverit
685 2952 695 2968 ‚
728 2930 835 2961 eadem
851 2929 905 2962 vel

39 2970 101 3002 alia
125 2978 218 3010 poena
237 2991 246 3006 ,
276 2967 372 2999 Titio
399 2967 516 3000 cessura
531 2970 547 3002 ’.ἒ
578 2971 658 3002 nihil
680 2971 793 3011 video,
818 2971 903 3012 quod

41 3010 166 3048 obstet,
188 3019 246 3040 nec
261 3018 320 3050 ego
341 3009 502 3041 Romanos
518 3019 640 3044 veteres
657 3020 720 3044 tam
738 3013 819 3044 male
831 3022 901 3053 pru-

40 3055 152 3085 dentes
169 3050 261 3082 fuisse
273 3060 329 3088 ,ut
344 3050 405 3081 hoc
420 3050 473 3082 vel
491 3051 568 3084 illud
584 3053 833 3094 prohibuissent,
844 3054 898 3085 mi-

41 3095 74 3126 hi
102 3091 303 3134 persuaserim
331 3101 479 3132 unquam.
522 3093 575 3125 Sin
598 3103 702 3126 autem
719 3105 774 3136 per
787 3095 900 3127 aliena-

40 3138 172 3172 ῖὶοηενί,
201 3133 255 3166 ubi
278 3133 317 3164 de
343 3132 438 3164 servis
464 3131 585 3174 agitur,
609 3136 823 3177 intelligamus
841 3147 900 3167 nia-

40 3174 256 3218 nunizffianem,
280 3174 327 3205 uti
343 3175 430 3212 haec,
453 3174 615 3215 prohibita
640 3175 719 3208 servi
737 3178 902 3209 alienatio-

40 3215 101 3257 ne,
131 3217 262 3249 omuino
291 3215 388 3247 etiam
417 3217 695 3256 comprehenditur
718 3218 740 3250 l.
762 3228 793 3256 9.
816 3221 846 3258 Si«
873 3228 901 3250 1.

964 1094 1005 1136 ff.
1041 1097 1075 1127 de
1109 1095 1233 1143 ᾼτιὲἶον.
1267 1097 1304 1139 ξιῗ
1338 1100 1463 1142 confinis.
1490 1107 1544 1134 tut.
1571 1103 1607 1140 ἐπ”
1629 1105 1649 1138 l.
1674 1106 1729 1139 ult.
1757 1109 1788 1141 C.
1812 1112 1848 1143 de

971 1137 1045 1169 Reli.
1066 1138 1161 1184 alien.
1185 1149 1243 1171 non
1266 1141 1356 1173 alien.
1383 1143 1600 1178 adliucininus
1620 1148 1753 1181 rationis
1772 1152 1832 1183 erit

970 1187 1027 1210 cui·
1041 1179 1200 1227 dicamus,
1215 1183 1486 1217 manumissionem
1505 1185 1585 1219 servi
1605 1189 1636 1220 in
1656 1176 1845 1224 testamentci

969 1229 1071 1267 neque
1092 1222 1195 1268 juberi
1218 1223 1302 1255 reste
1328 1224 1434 1266 posse,
1469 1236 1572 1269 neque
1591 1230 1763 1271 prohiberi.
1810 1233 1847 1267 Id

971 1264 1182 1296 morientibus
1198 1274 1264 1297 non
1281 1266 1413 1306 licebit,
1437 1269 1524 1309 quod
1541 1270 1618 1304 licet
1636 1273 1745 1306 vivis?
1771 1284 1846 1316 pos-

971 1302 1078 1351 sumus
1094 1305 1205 1347 utique
1223 1307 1315 1347 vivi,
1338 1309 1371 1340 in
1389 1310 1578 1344 venditione
1607 1315 1764 1357 mancipi,
1790 1324 1846 1358 pa·

971 1345 1045 1377 cisci
1057 1370 1066 1386 ,
1092 1353 1124 1378 ut
1138 1349 1387 1391 manumittatur,
1412 1352 1464 1383 vel
1482 1362 1519 1384 ne
1536 1358 1768 1389 manumittatur
1776 1358 1797 1390 l.
1809 1369 1841 1392 2.

969 1388 990 1419 l.
1009 1397 1040 1429 4.
1066 1387 1102 1436 &f
1125 1389 1145 1421 1.
1163 1399 1195 1430 5.
1222 1391 1253 1422 C.
1280 1391 1314 1423 Si
1339 1394 1469 1435 mancip.
1497 1396 1542 1427 ita
1554 1396 1639 1436 fuer.
1657 1399 1782 1432 alienat.
1807 1406 1843 1432 ut

968 1436 1137 1463 niannmztt.
1157 1431 1205 1462 vel
1225 1439 1317 1465 contr.
1363 1433 1429 1469 Cur
1446 1445 1511 1468 non
1527 1438 1622 1470 etiam
1640 1438 1845 1475 testatoribus

966 1472 1028 1503 erit
1049 1471 1207 1520 integrum
1227 1471 1307 1506 hanc
1323 1476 1368 1507 rei
1386 1474 1448 1508 suae
1468 1477 1571 1520 legem
1588 1480 1843 1524 dicere‘2potest

966 1512 1081 1545 habere
1099 1516 1261 1560 ’dominus
1289 1517 1392 1549 varias
1413 1540 1425 1557 ,
1457 1529 1572 1561 easque
1594 1521 1690 1562 justas
1710 1524 1843 1566 causas,

965 1564 1021 1586 cui·
1041 1555 1122 1602 velit
1140 1557 1192 1588 vei
1205 1557 1289 1589 nolit
1303 1557 1429 1591 servum
1444 1563 1626 1595 manumitti
1645 1564 1683 1596 ab
1705 1565 1841 1609 haerede,

965 1596 995 1629 &
1010 1598 1137 1638 quidem
1154 1598 1298 1638 easdem,
1321 1609 1378 1632 cur
1398 1601 1516 1643 vendi,
1539 1604 1678 1647 aliasque
1697 1607 1844 1650 alienari,

963 1638 1016 1670 vel
1031 1639 1131 1679 velit,
1157 1636 1210 1672 vei
1233 1642 1328 1674 nolit.

1003 1679 1053 1712 Ad
1083 1681 1154 1713 haec
1172 1705 1182 1721 ,
1217 1681 1293 1730 fiad
1312 1686 1457 1727 exempla
1481 1696 1700 1731 recurramus,
1724 1692 1841 1734 quibus

960 1720 1033 1762 Jure
1046 1721 1193 1755 Romano
1210 1726 1363 1765 ejusmodi
1383 1727 1587 1763 conditiones
1603 1732 1633 1764 ὅ(
1653 1733 1820 1768 laudantur

963 1764 994 1807 dt
1009 1764 1204 1812 probantur,
1226 1775 1337 1799 eorum
1358 1766 1430 1801 sane
1445 1769 1552 1811 opima
1569 1772 1600 1805 se
1622 1767 1718 1807 esest.
1741 1757 1842 1820 Legaff

963 1810 1052 1851 tum,
1074 1815 1151 1848 quin
1171 1807 1202 1839 (St
1220 1807 1438 1842 haereditatem
1454 1812 1521 1844 dari
1546 1824 1589 1856 po
1617 1825 1635 1846 e
1655 1816 1712 1849 sub
1730 1819 1841 1852 condi-

963 1854 1052 1880 tione
1074 1850 1319 1882 manumittendi
1344 1850 1427 1884 servi
1446 1874 1459 1891 ,
1488 1854 1542 1886 vel
1565 1856 1706 1896 plurium
1731 1858 1839 1892 servo-

961 1897 1052 1936 rum,
1075 1888 1150 1921 satis
1167 1890 1336 1924 docuerint
1353 1893 1418 1925 illae
1440 1893 1561 1936 Leges,
1586 1907 1676 1940 quae,
1701 1907 1738 1932 ut
1749 1901 1837 1936 dere

960 1929 1070 1971 licita,
1095 1931 1125 1963 ἂ
1142 1930 1181 1963 de
1208 1933 1396 1966 conditione
1425 1933 1581 1976 solemni,
1604 1939 1675 1973 haec
1689 1944 1837 1984 exempla

959 1971 1116 2005 adferunt.
1163 1973 1211 2005 Ita
1228 1974 1383 2016 Ulpianus
1400 1975 1433 2008 in
1456 1977 1477 2009 l.
1501 1982 1530 2012 8.
1558 1979 1586 2022 §.
1611 1990 1641 2022 7.
1659 1983 1702 2024 ff.
1713 1986 1748 2016 de
1762 1985 1834 2018 Con-

959 2015 1063 2046 anion.
1091 2011 1186 2055 instit.
1232 2015 1280 2048 lta
1307 2016 1506 2058 Pomponius
1527 2021 1559 2053 in
1583 2022 1603 2054 l.
1629 2027 1660 2056 6.
1687 2025 1715 2067 §.
1744 2036 1771 2059 1.
1823 2052 1834 2060 .

957 2056 991 2087 de
1010 2057 1174 2088 condition.
1205 2056 1242 2093 69⁹
1264 2057 1416 2101 demonstr.
1463 2059 1513 2092 Ita
1525 2062 1667 2104 Julianus
1685 2068 1717 2099 in
1741 2068 1761 2099 l.
1783 2078 1835 2110 15.-

957 2097 994 2132 &0
1015 2098 1106 2144 l..19.
1125 2097 1227 2140 ff.'de
1250 2098 1389 2133 lisanum.
1409 2099 1522 2143 testam.
1567 2104 1644 2138 Hoc
1660 2109 1796 2150 amplius
1819 2134 1831 2151 ,

955 2138 1022 2181 ipse
1042 2140 1097 2171 ille
1114 2140 1270 2182 Ulpianus
1296 2142 1328 2174 in
1361 2143 1380 2174 l.
1408 2152 1438 2184 7.
1468 2151 1517 2185 pr.
1535 2146 1576 2188 ff.
1601 2149 1635 2180 cle
1663 2150 1830 2186 Condicion.

957 2180 993 2227 &³
1008 2180 1160 2223 demonstr.
1187 2183 1330 2215 cautioni
1345 2183 1508 2219 Mucianae
1538 2190 1649 2223 locum
1667 2191 1730 2224 effe
1752 2192 1829 2225 scri-

955 2222 1003 2255 bit
1031 2223 1064 2270 in
1085 2223 1290 2270 conditione,
1317 2224 1347 2264 fi
1373 2226 1507 2258 Stichum
1525 2240 1582 2262 non
1596 2233 1801 2276 manumiserit
1816 2259 1829 2275 ,

955 2264 1123 2297 manifesto
1139 2264 1212 2297 satis
1228 2267 1369 2306 indicio,
1391 2268 1439 2300 illi
1463 2272 1597 2304 omnino
1620 2274 1683 2306 ess'e
1704 2275 1830 2309 obtem-

955 2306 1135 2348 perandum.
1183 2307 1214 2339 Si
1232 2308 1329 2349 igitur
1348 2310 1475 2342 valeant
1496 2312 1542 2344 11ae
1559 2315 1781 2357 conditiones,
1803 2317 1828 2352 fi

932 2348 936 2351 '
954 2348 1063 2389 probae
1078 2349 1171 2381 1·thae
1188 2348 1266 2389 lint,
1292 2350 1402 2391 quidni
1421 2351 1552 2385 testator
1567 2355 1638 2388 illas
1661 2356 1724 2390 fine
1742 2358 1829 2392 frau-

952 2389 992 2421 de
1010 2389 1041 2422 &
1055 2400 1141 2423 noxa
1162 2390 1316 2422 adscribat
1344 2393 1460 2425 haeredi
1473 2394 1489 2425 ⁸?
1515 2396 1544 2427 δε
1559 2398 1688 2438 quidni,
1714 2407 1750 2431 ut
1767 2411 1827 2433 vo-

952 2431 1069 2464 luntati
1086 2431 1150 2464 suae
1169 2441 1335 2474 pareatur,
1367 2443 1492 2475 poenani
1508 2440 1720 2478 pecuniariam
1741 2443 1827 2475 reste

952 2473 1070 2505 addat?
1094 2473 1173 2506 scire
1191 2474 1308 2512 velim,
1342 2476 1417 2516 quid
1434 2477 1465 2509 in
1483 2487 1518 2509 ea
1535 2489 1569 2510 re
1586 2480 1623 2513 fit
1640 2481 1750 2515 illiciti
1771 2485 1825 2517 vel

951 2514 1094 2561 probrosi
1109 2537 1121 2554 ,
1149 2516 1202 2547 vel
1225 2516 1300 2556 quid
1325 2517 1451 2550 tandem
1475 2520 1560 2552 aliud
1577 2545 1587 2561 ,
1619 2524 1706 2564 quod
1723 2526 1823 2567 magis

950 2556 1145 2597 improbaret
1161 2557 1241 2588 hanc
1252 2557 1490 2599 conditionem,
1515 2572 1608 2603 quam
1625 2575 1821 2607 praeceptum

950 2597 989 2629 de
1015 2607 1224 2630 monumento
1249 2597 1417 2640 faciendo,
1440 2602 1478 2633 de
1497 2603 1632 2646 imagine
1646 2608 1792 2648 ponenda
1805 2633 1818 2649 ,

949 2638 989 2670 de
1005 2648 1124 2687 penore
1139 2639 1335 2681 praestando,
1360 2642 1475 2675 additis
1493 2645 1609 2687 ubique
1637 2649 1747 2681 inultis
1766 2660 1820 2691 pe-

950 2690 1117 2720 cuniariis,
1151 2681 1173 2713 fi
1199 2692 1264 2714 non
1292 2692 1436 2723 pareatur
1463 2690 1655 2729 praecepto?
1677 2700 1737 2732 ego
1753 2701 1818 2725 non

949 2723 1045 2770 video
1063 2724 1229 2765 quicquain
1251 2724 1398 2757 interesse
1417 2737 1426 2765 3
1461 2736 1559 2770 utque
1576 2730 1662 2769 liaec‚
1686 2730 1757 2773 quae
1771 2733 1804 2764 di

947 2774 1206 2812 Xi,·p·raecepta,
1230 2767 1373 2806 quamvis
1389 2770 1545 2809 poenalia,
1569 2780 1697 2813 recepta
1714 2781 1819 2807 tamem

949 2808 978 2839 ὅ(
996 2807 1084 2838 lieita
1115 2809 1176 2838 elie
1198 2808 1404 2848 probavimus
1438 2811 1469 2841 C.
1497 2811 1552 2843 lii.
1585 2812 1627 2844 fic
1644 2814 1674 2845 ὅς
1690 2815 1816 2855 valere,

948 2848 979 2880 &
995 2847 1115 2889 semper
1132 2848 1263 2879 vaiuiffe
1279 2858 1388 2889 putem
1409 2860 1605 2893 praeceptum
1629 2854 1668 2885 de
1683 2855 1817 2889 alienan-

946 2890 989 2921 do
1010 2891 1062 2921 vel
1080 2899 1143 2921 non
1159 2890 1324 2921 alienando
1345 2890 1435 2923 servo
1448 2916 1458 2931 ,
1483 2894 1623 2934 apposita
1642 2896 1779 2938 liaeredi,
1794 2898 1817 2931 ii

946 2940 1059 2962 contra
1076 2930 1210 2970 fecerit,
1236 2940 1349 2972 poena,
1374 2932 1490 2972 Titio,
1512 2936 1543 2966 in
1561 2936 1689 2968 niodum
1708 2939 1818 2979 levati,

945 2972 1074 3004 ceffura.
1120 2972 1218 3018 Quod
1233 2982 1305 3003 cum
1323 2981 1418 3014 neget
1438 2974 1656 3009 Tribonianus
1670 2965 1818 3022 eo‚³³quo

945 3023 1030 3046 nunc
1047 3013 1214 3045 defunctus
1231 3013 1316 3052 suin,
1340 3016 1487 3056 exemplo
1505 3041 1515 3056 ‚
1550 3018 1645 3050 etiam
1665 3021 1716 3052 liic
1733 3023 1816 3063 pedi-

944 3055 1003 3086 bus
1019 3064 1059 3085 eo
1076 3065 1107 3086 in
1125 3054 1312 3086 sententiam
1337 3055 1495 3089 Francisci
1524 3059 1687 3101 Balduini,
1710 3063 1816 3096 existi-

944 3096 1080 3133 mantis,
1111 3104 1147 3127 ut
1178 3096 1211 3127 C.
1237 3096 1293 3128 IV.
1327 3097 1468 3130 dicebam
1481 3122 1492 3138 ,
1524 3099 1726 3136 Triboniano
1749 3116 1815 3139 non

946 3136 1066 3183 semper
1083 3146 1173 3178 aeque
1192 3138 1382 3179 perspeftam
1405 3138 1498 3172 fuisse
1524 3144 1643 3177 veteris
1658 3145 1814 3189 jurispru-

944 3179 1062 3211 dentiae
1082 3180 1247 3212 rationem.
1820 3210 1824 3212 -

988 3219 1148 3252 Caecerum
1167 3220 1189 3253 fi
1203 3243 1214 3260 ‚
1238 3220 1325 3264 quod
1339 3222 1377 3256 ad
1391 3222 1535 3265 servum,
1558 3226 1672 3260 illicita
1686 3229 1738 3261 vel
1754 3236 1817 3261 tur-

1770 3272 1818 3311 pis
