2008 3436
2005 27 2008 40 l

1998 68 2008 87 κΙ

478 92 879 134 contentu
943 108 1050 135 vin
1112 87 1718 139 BYNKERSHOE'K
1993 112 2005 153 i*

206 181 346 217 pugnat,
368 172 408 206 ἑο
432 176 515 207 enim
542 177 618 208 licet
634 179 763 218 negotia
782 178 833 209 sua
851 179 1000 221 expedire
1019 188 1073 220 per
1117 178 1179 211 sem
1208 180 1238 212 ἂ
1254 180 1330 211 alias
1355 179 1549 212 differentias
1565 180 1693 222 exsequi
1712 182 1750 214 de
1767 180 1899 227 utroq‘u'e
1915 184 1967 232 3¹37

209 95 281 141 156

207 225 257 247 tot
285 217 426 257 legatOS,
448 218 532 257 quod
562 219 710 257 libuerit,
736 229 796 250 nec
811 229 890 259 puto
910 220 966 252 ulli
982 229 1072 251 antea
1115 230 1191 252 nere
1206 222 1399 263 legatorum,
1414 220 1516 254 sedfic
1532 222 1657 265 longius
1671 223 1969 271 digrederer-,quam-
1997 227 2006 278 J*

207 256 349 299 Principi
363 257 402 289 de
417 266 457 288 eo
474 261 720 293 controversiain
736 260 830 292 fuiss'e
844 270 975 294 motam.
997 261 1071 293 Pos-
1114 267 1253 304 oportet.

258 443 315 479 Ex
328 441 402 490 fiala
420 446 544 479 ratione
563 446 596 479 2²72
612 452 916 492 utramquepartem
939 447 1098 493 disputari
1110 446 1215 494 poffe,
1241 447 1283 488 &⁹
1301 448 1493 495 disputatum
1512 449 1570 497 effe
1592 450 1628 485 de
1639 449 1718 497 foro
1739 451 1920 497 legatorum.
1951 448 1954 465 ²

304 540 335 571 bi
353 541 447 582 legati
473 542 663 580 conveniri,
686 542 737 574 vel
765 542 901 575 accusari
919 543 1071 583 debeant,

320 581 342 613 fi
356 583 508 613 rationem
520 605 530 621 ,
553 592 683 623 eamque
699 583 793 615 solam
804 608 813 624 ,
839 584 1000 625 sequamur
1010 595 1071 617 ma-

207 625 333 665 git¹ram
345 646 354 660 ,
365 622 494 654 definire
511 633 573 655 non
589 623 674 656 estin
689 624 787 656 facili.
814 625 909 672 Quod
920 626 1000 666 Juris
1010 627 1070 658 Ro-

207 665 291 697 lnani
309 660 371 694 effe
383 664 449 695 dixi
461 687 471 702 ,
491 664 521 695 id
539 666 568 696 δε
586 665 668 705 Juris
687 665 839 698 Gentium
852 691 861 704 ‚
880 667 967 708 poss'e
979 678 1073 708 opor-

207 713 295 743 tere,
321 705 351 736 &
371 714 477 735 revera
496 704 574 743 esse,
597 706 735 747 disputat
752 707 917 740 Albericus
933 708 1072 741 Gentilis

209 748 243 778 de
261 746 427 787 Legation:
447 745 507 777 Lib
541 746 582 778 Π.
606 758 631 779 c.
661 752 709 779 16.
739 758 786 789 17.
811 750 841 781 ἃ
863 755 909 784 18.
936 757 972 782 ut
991 749 1072 782 scili-

205 797 259 819 cet
277 794 339 817 tam
363 787 495 825 civilis,
514 797 606 828 quain
632 789 804 822 criminalis
826 791 858 822 in
877 792 1013 834 legatum
1034 791 1071 823 fit

205 826 399 869 jurisdictio,
412 831 519 859 eorum
536 830 663 861 nornine
673 852 684 868 ‚
697 840 766 871 quae
781 840 924 873 tempore
942 833 1071 874 legatio-

207 870 259 902 nis
277 869 340 910 egit
356 869 407 900 vel
425 870 678 911 deliquinNec,
700 873 731 904 in
748 872 837 904 causa
854 874 964 910 civili,
989 875 1071 906 inter

206 910 329 951 legatos
346 909 486 942 subditos
497 911 598 944 &non
616 912 755 945 subditos
765 915 1072 956 distinguitCarolus

207 951 389 984 Pasclialius
405 953 435 982 in
448 952 563 992 Legum
580 961 643 994 cap.
655 965 706 996 3⁵..
732 956 762 987 in
785 958 932 989 omnibus
949 957 1073 989 secutus

205 993 363 1025 rationem
386 993 467 1032 ‚luris
493 984 638 1027 Romani.
683 996 791 1028 Multa
810 998 937 1039 poffunt
954 999 985 1030 in
1003 1007 1072 1030 eam

206 1032 395 1066 sententiam
410 1034 483 1066 dici.
516 1035 654 1078 Legatus
670 1038 812 1078 equidem
830 1039 1007 1080 Principem
1026 1049 1072 1071 re-

205 1075 373 1118 praesentat
386 1098 396 1113 ,
421 1075 472 1107 sed
484 1099 495 1114 ,
520 1086 555 1108 ut
573 1078 780 1111 mandatarius
799 1081 995 1112 mandantem
1008 1104 1018 1119 ,
1041 1081 1072 1112 in

207 1118 267 1154 iis,
281 1126 352 1158 quae
367 1117 506 1148 mandata
525 1116 606 1150 sunt.
626 1119 808 1152 Cavendum
825 1122 937 1162 igitur,
962 1132 1001 1154 ne
1013 1132 1073 1162 qua

207 1167 313 1197 mora,
339 1167 420 1189 neve
435 1159 519 1190 aliud
537 1161 795 1200 impedimentum
809 1163 976 1199 obiiciatur
992 1164 1073 1204 lega-

207 1208 268 1238 to,
294 1200 461 1240 quominus
487 1202 650 1240 mandata,
681 1203 710 1234 in
738 1213 801 1234 rem
831 1204 984 1245 Principis
1008 1205 1075 1243 sui,

206 1240 411 1273 commodum
439 1241 567 1281 exsequi
586 1244 695 1283 ponit,
723 1243 771 1275 sed
793 1255 865 1276 cum
887 1256 948 1277 non
972 1247 1073 1277 conti-

209 1291 319 1315 neatur
337 1282 508 1320 mandatis,
520 1292 553 1314 ut
572 1283 634 1323 ipse
651 1285 680 1316 in
702 1295 767 1316 rein
789 1285 870 1318 suam
888 1287 1073 1326 contrabat,

206 1324 311 1356 multo
330 1324 430 1354 minus
461 1332 494 1355 ut
511 1324 673 1364 delinquat
686 1348 697 1363 ,
718 1336 755 1357 an
772 1327 835 1358 fine
851 1327 967 1359 offensa
987 1329 1073 1360 Prin-

206 1365 288 1405 cipis
305 1370 369 1395 non
384 1363 582 1403 subjiciemus
604 1366 741 1406 legatum
760 1368 967 1408 jurisdictioni
988 1369 1074 1409 ejus,

208 1406 288 1447 apud
311 1413 402 1444 quem
428 1406 477 1435 vel
494 1415 676 1445 conzraxrc,
702 1409 753 1439 vel
778 1410 912 1450 deliquit
927 1411 943 1442 ἱ)
966 1420 1003 1442 an
1024 1421 1073 1451 pa-

209 1449 323 1479 tiemur
342 1446 498 1487 legatum,
522 1448 572 1488 qui
591 1449 706 1480 delieto
731 1450 741 1489 j
750 1460 782 1481 us
802 1450 953 1482 Gentium
973 1453 1072 1484 viola-

207 1489 258 1519 vit
275 1487 376 1528 priuS,
401 1488 511 1519 eodem
539 1489 611 1528 jure
636 1489 787 1522 Gentium
811 1493 855 1523 uti
874 1492 936 1526 frui
952 1493 991 1525 ad
1010 1494 1073 1525 elu-

207 1529 339 1561 dendam
358 1537 481 1568 poenam
494 1552 505 1567 ,
528 1540 618 1570 quam
638 1533 751 1563 meruit
763 1555 774 1571 ,
798 1534 849 1565 vel
868 1532 939 1566 sane
955 1535 992 1567 ad
1008 1535 1072 1566 elu-

207 1570 342 1602 dendum
357 1569 509 1609 judicium
526 1571 612 1611 ejus,
634 1573 815 1614 apudquem
828 1599 837 1614 ‚
864 1575 893 1606 ἃ
909 1575 939 1607 in
958 1586 1049 1617 quem
1060 1600 1070 1616 ‚

207 1613 259 1643 vel
276 1613 306 1642 in
325 1611 413 1653 cujus
433 1610 575 1643 subditos
596 1613 678 1654 ipse,
704 1623 799 1655 rupto
816 1616 888 1656 Jure
906 1616 1070 1657 Gentium,

208 1653 368 1694 deliquit?
392 1661 428 1683 an
456 1654 610 1693 patiemur
640 1656 778 1697 legatum
807 1657 887 1689 alios
912 1658 1070 1699 obligare,

208 1704 282 1726 cum
301 1692 364 1734 ipse
381 1703 444 1725 non
462 1694 621 1736 obligetur
633 1719 643 1735 ,
667 1698 719 1728 vel
737 1698 843 1738 potius
862 1699 940 1731 alios
957 1709 1072 1731 conve-

206 1736 294 1774 nire,
318 1738 359 1765 ob
378 1744 595 1776 quamcunque
615 1737 755 1778 causam,
781 1749 853 1770 cum
869 1740 934 1781 ipse
953 1741 995 1772 ol)
1007 1741 1074 1773 nul-

207 1779 270 1810 lam
286 1777 448 1807 conveniri
466 1778 584 1817 ponit?
607 1788 644 1810 an
670 1781 827 1819 patiemur
843 1781 979 1822 legatum
998 1791 1073 1814 con-

211 1818 360 1851 tractibus
385 1818 535 1857 privatis,
560 1820 612 1859 qui
628 1821 706 1852 nihil
730 1822 897 1862 quicquam
914 1823 1074 1864 pertinent

208 1861 246 1890 ad
264 1857 385 1889 causam
402 1858 589 1898 legationis,
606 1862 730 1893 civibus
746 1862 878 1903 nostris,
895 1874 983 1896 more
998 1874 1074 1906 pra:-

207 1900 322 1938 donis,
347 1900 527 1940 imponere,
551 1911 723 1944 eorumque
742 1914 789 1936 res
804 1905 833 1936 δι
850 1906 999 1946 pecunias
1017 1906 1072 1938 do-

206 1950 294 1973 mum
311 1939 460 1972 auferre?
482 1942 576 1983 idque
592 1944 679 1975 nulla
698 1944 777 1986 saepe
792 1945 844 1987 spe
861 1947 1075 1988 repetitionis,

207 1983 249 2015 ob
274 1981 478 2013 difficultates
504 1985 533 2014 <St
557 1984 709 2026 impensas
726 1987 867 2026 itineris,
893 1988 935 2019 ob
952 1988 1072 2030 pericu-

207 2025 275 2057 lum
299 2023 442 2068 litigandi
466 2023 502 2055 in
520 2025 623 2057 alieno
652 2026 788 2069 Imperio
808 2029 954 2061 adversus
969 2030 1073 2061 durio·

206 2075 274 2098 rem
291 2062 524 2110 adversarium?
548 2066 590 2098 Et
608 2068 700 2099 color
720 2070 867 2110 quaesitus
884 2071 911 2101 ei
930 2071 974 2102 rei
994 2071 1073 2109 erit,

206 2116 248 2139 ne
264 2105 431 2146 quicquam
448 2107 635 2147 impediatur
658 2108 802 2150 legatio?
825 2111 931 2152 Atque
954 2112 974 2144 si
991 2111 1072 2143 seili-

205 2157 259 2182 cet
275 2146 385 2191 legatis
403 2148 605 2191 commodum
622 2149 698 2181 esset
710 2153 888 2184 conti-aetus
904 2153 1074 2192 celebrare,

209 2191 240 2222 &
257 2187 399 2230 pecuniis
422 2196 509 2220 cives
530 2198 716 2231 emungere,
742 2191 792 2224 sed
814 2203 878 2225 non
898 2194 973 2226 esset
988 2204 1072 2226 com-

206 2230 336 2264 modum
355 2229 443 2260 litem
462 2228 560 2270 sequi.
595 2231 777 2265 Abstineant
796 2236 1028 2275 contractibus,
1052 2235 1075 2268 si

206 2274 281 2306 lites
298 2278 461 2308 metuant,
483 2280 537 2302 aut
556 2271 700 2314 litigent,
725 2274 746 2307 si
767 2276 993 2309 contrahant&
1011 2286 1073 2308 ine-

207 2312 359 2346 minei-int
378 2312 411 2343 in
428 2321 467 2342 eo
477 2314 581 2353 ,quod
596 2314 769 2348 notiffimos
785 2317 950 2358 legationis
969 2318 1073 2349 termi-

207 2365 267 2388 nos
285 2353 441 2396 excedit,
453 2353 521 2393 iure
537 2355 733 2396 privatorum
754 2357 804 2396 se,
829 2367 865 2389 ac
880 2358 955 2390 foro
975 2358 1074 2391 subdi-

205 2405 313 2429 torum
332 2395 390 2426 uti.
414 2394 485 2426 Nec
504 2405 662 2428 moremur
682 2398 870 2438 judiciorum
890 2401 1074 2442 occupatio-

207 2448 282 2476 nes,
308 2437 440 2478 quinus,
464 2435 570 2476 spatiis
587 2439 705 2471 excluii
723 2440 858 2481 iniquis,
881 2452 898 2473 a
916 2441 1073 2483 legatione

206 2486 435 2518 avocarentur,
470 2487 542 2510 cum
566 2481 710 2521 perpetui
735 2481 852 2522 legati,
877 2484 982 2523 quales
1005 2483 1074 2515 fere

208 2529 295 2552 nunc
311 2519 402 2558 sunt,
426 2520 483 2550 vix
512 2520 664 2560 habeant,
696 2526 781 2563 quod
806 2533 918 2564 agant,
941 2525 971 2556 ὅ(
997 2533 1073 2556 tem-

208 2570 269 2603 pus
286 2559 354 2592 fere
376 2561 542 2601 tranfigant
568 2563 689 2602 epulis,
716 2563 918 2604 spectaculis,
941 2566 1073 2606 aliisque

207 2603 302 2634 rebus
325 2601 475 2639 ludicris,
500 2602 570 2632 satis
594 2607 761 2642 contenti,
785 2605 960 2647 Principem
981 2617 1074 2647 quan-

209 2644 314 2684 doque
339 2643 482 2683 epistolis
507 2651 657 2681 monere,
682 2644 712 2675 se
736 2645 836 2677 adhue
863 2649 972 2679 vivere
989 2649 1074 2680 illius

207 2692 373 2716 memores.

251 2727 330 2758 Sane
355 2724 450 2757 Curia
466 2724 648 2757 Hollandiae
665 2724 719 2756 has
744 2727 902 2767 rationes,
927 2729 1007 2770 quasi
1026 2729 1074 2770 Ju-

206 2767 251 2799 ris
275 2765 429 2798 Gentium
455 2766 576 2805 ellent,
601 2767 679 2798 olim
701 2768 870 2808 probavit,
893 2780 962 2802 nam
993 2781 1074 2802 anno

209 2812 302 2849 1644.
343 2816 399 2845 19,
423 2806 591 2839 Decembr.
624 2815 735 2839 contra
762 2809 896 2850 legatum
923 2812 1041 2843 Succiae
1061 2836 1070 2851 ,

208 2852 290 2890 apud
305 2848 439 2881 Ordines
454 2849 635 2881 Hollandiae
651 2848 854 2890 quiritantcm
866 2873 876 2888 ,
894 2851 1002 2883 iisdem
1014 2854 1072 2884 Or—

207 2891 332 2922 dinibus
350 2890 528 2931 respondit,
553 2890 608 2922 sibi
631 2890 878 2931 jurisdictionem
896 2892 957 2928 ςίῑζ-
979 2893 1009 2924 in
1031 2894 1071 2924 le-

207 2940 318 2972 gatos,
342 2933 425 2972 quod
451 2932 490 2963 ad
503 2941 556 2970 ea,
580 2941 650 2972 quae
677 2931 743 2971 ejus
760 2932 901 2964 officium
918 2943 980 2965 non
997 2944 1071 2966 con-

208 2980 344 3004 cernunt
362 2973 553 3014 (legationis
576 2973 660 3004 enim
682 2973 809 3004 nomine
828 2973 904 3012 soli,
928 2975 979 3015 qui
1000 2985 1070 3007 eum

208 3013 308 3052 inifit,
335 3014 454 3055 teneri)
474 3014 645 3046 dummodo
671 3023 710 3045 ne
739 3014 793 3055 ipli
819 3015 912 3056 legati
939 3016 1071 3056 persona

211 3062 363 3095 cogatur,
380 3055 552 3096 affligatur,
577 3056 669 3096 eique
684 3055 897 3096 relinquatur,
920 3066 959 3089 ne
968 3066 1068 3099 egeat,

211 3096 242 3126 ἃ
259 3097 301 3125 ita
319 3094 349 3126 se
370 3095 488 3137 semper
507 3099 589 3128 ulam
604 3119 613 3134 ,
637 3096 730 3137 idque
752 3100 924 3130 convenire
944 3098 1071 3129 consue-

209 3135 308 3167 tudini
332 3138 549 3179 plerarumque
571 3136 742 3179 Gentium,
775 3140 947 3180 praesertim
970 3139 1069 3173 uui-o-

1115 554 1251 586 paearum
1268 569 1278 585 ,
1314 545 1379 578 vid„
1432 546 1578 580 Aitzema
1608 549 1679 581 Lib.
1718 549 1846 582 XXIV.
1874 556 1904 590 p.
1932 557 1972 589 m:
2007 559 2008 562 ’

1116 595 1301 627 790—799.
1348 586 1415 627 Ipsa
1442 589 1567 628 querela
1587 590 1704 631 legati,
1727 591 1756 622 ἃ
1777 591 1814 622 ad
1831 599 1898 623 eam
1914 592 1972 631 Cu.
2007 598 2008 610 ¹

1115 626 1171 659 riae'
1184 627 1340 668 responsio
1358 628 1401 659 est
1417 630 1498 668 apud
1514 630 1591 661 Bort
1607 634 1640 662 de
1657 629 1787 672 Arrestis
1808 632 1838 663 C.
1864 631 1918 665 IV.
1937 643 1968 673 ¹!-

1119 678 1166 708 14.
1213 669 1254 701 Et
1273 670 1380 701 eadem
1399 668 1494 701 Curia
1517 670 1684 705 Lufitaniae
1704 673 1798 714 Regis
1819 673 1971 716 legatum„

1115 709 1158 740 ob
1181 720 1222 741 aes
1249 710 1404 750 alienum,
1428 710 1560 743 durante
1585 714 1743 755 legatione
1759 713 1949 752 contractum

1114 760 1178 782 non
1204 759 1326 783 tantum
1353 752 1383 783 in
1404 751 1452 791 jus
1472 754 1621 792 vocavit,
1646 755 1695 786 sed
1717 755 1746 787 ὅ(
1768 755 1971 792 arr-essodet-

1113 792 1205 831 nuit,
1229 799 1265 823 ut
1291 800 1446 825 memorat
1473 793 1683 835 Wicquefort
1703 806 1741 828 en
1748 796 1805 837 sim
1825 797 1947 840 Ambaff

1113 834 1184 865 deur
1209 833 1280 865 Lib.
1304 833 1327 865 Ι.
1355 833 1430 866 Soet.
1454 843 1503 875 27.
1523 841 1558 876 p.
1581 841 1654 878 838.
1679 837 1709 869 ὅ(
1734 842 1806 879 839.
1851 847 1943 875 tamer

1114 875 1231 916 vulgo,
1255 876 1308 915 qui
1324 875 1442 917 legatos
1457 875 1551 908 etiam
1575 876 1650 909 foro
1665 879 1769 910 alieno
1788 878 1939 919 subjiciun

1117 916 1156 947 ab
1173 915 1289 948 ari-esto
1304 923 1406 948 tamen
1423 917 1577 950 immunes
1593 921 1824 959 pronuncient,
1836 930 1923 961 quem

1115 957 1245 989 modum
1262 967 1324 989 uno
1341 968 1396 990 ore
1413 960 1623 998 pronunciant
1641 961 1816 1001 Auum-es,
1827 963 1976 1004 quoslag-

1115 999 1167 1030 dat
1187 1000 1265 1030 Bor-t
1280 1000 1307 1030 d.
1337 1001 1369 1032 C.
1395 999 1450 1031 IV.
1474 1010 1502 1031 n.
1531 1010 1579 1041 15.
1608 1005 1654 1034 16.
1685 1012 1732 1043 17.
1759 1008 1787 1035 oc
1808 1008 1854 1038 15.
1899 1004 1975 1044 Rut-

1115 1039 1165 1072 sus
1181 1041 1286 1072 eadem
1305 1040 1400 1073 Curia
1411 1065 1420 1078 ,
1445 1051 1486 1072 ex
1501 1044 1664 1074 contractu
1681 1045 1849 1077 locationis
1864 1047 1978 1084 conda-

1116 1081 1229 1113 {tionis
1244 1082 1380 1123 legatum
1400 1081 1606 1123 Hispanicum
1622 1085 1658 1115 ad
1681 1085 1710 1116 se
1727 1086 1756 1117 in
1776 1086 1825 1126 jus
1838 1087 1975 1128 vocavis

1118 1131 1152 1163 ut
1178 1122 1221 1154 est
1249 1124 1328 1164 apud
1361 1124 1505 1155 Aitzema
1531 1125 1601 1156 Lib.
1636 1125 1789 1158 XLVlil.
1817 1135 1849 1168 p.
1887 1137 1976 1169 1059.

1118 1164 1205 1209 Quin
1224 1165 1249 1195 ὅ(
1273 1165 1339 1196 haze
1366 1164 1428 1205 ipsa
1454 1165 1549 1197 Curia
1567 1167 1703 1207 legatum
1721 1168 1816 1209 Regis
1833 1169 1982 1211 Augila-9

1117 1205 1178 1236 huc
1195 1205 1317 1236 miffum
1333 1206 1368 1236 ad
1395 1207 1531 1237 rationes
1550 1209 1695 1244 quasdam
1714 1219 1784 1243 cuni
1807 1210 1981 1247 Ordinibus

1116 1247 1371 1286 componendas,
1395 1245 1511 1278 ari-esto
1525 1248 1676 1285 detinuitg
1702 1249 1752 1282 sed
1771 1250 1924 1284 iesciss‘um
1935 1251 1982 1287 eff

1118 1287 1147 1318 id
1176 1287 1324 1318 ari-ellum
1363 1286 1506 1319 Decreto
1532 1289 1687 1321 Ordinuni
1718 1291 1897 1325 hollandiae
1929 1303 1978 1335 14⁴.

1117 1329 1197 1369 Aug.
1227 1332 1316 1363 1681.
1338 1329 1422 1370 quod
1448 1328 1548 1361 exstat
1567 1330 1649 1362 inter
1672 1331 1824 1364 Ordinuin
1845 1332 1986 1370 Decreta

1117 1370 1218 1401 adhuc
1234 1370 1359 1402 inedita.
1640 1387 1644 1390 -
1712 1382 1714 1384 ’

1160 1410 1267 1443 Habes
1284 1413 1444 1451 rationes,
1469 1412 1498 1445 &
1515 1413 1622 1446 Curiae
1638 1415 1857 1448 austeritatem
1869 1413 1983 1455 contus

1116 1453 1165 1493 jus
1183 1452 1353 1485 revocandi
1384 1454 1523 1487 domum.
1555 1456 1671 1497 Neque
1689 1459 1793 1488 tamen
1810 1457 1920 1491 desunt
1935 1469 1976 1496 ra-

1118 1495 1240 1534 tiones,
1265 1495 1379 1535 quibus
1404 1505 1462 1536 pro
1487 1497 1554 1537 jure
1573 1497 1740 1529 revocandi
1761 1498 1888 1532 domuin
1901 1523 1913 1540 ,
1927 1501 1977 1536 sle-

1116 1535 1197 1577 gatis
1213 1545 1268 1576 per
1286 1537 1392 1568 omnia
1409 1537 1438 1568 ὃ(
1456 1538 1486 1569 in
1516 1539 1661 1571 omnibus
1677 1548 1901 1580 competente,
1922 1542 1977 1579 dis·

1114 1577 1275 1618 putari,&
1293 1578 1360 1610 aliis
1377 1579 1552 1611 rationibus
1569 1581 1743 1612 contradici
1758 1581 1861 1622 poffit.
1875 1583 1978 1630 Quan-

1116 1619 1140 1649 ti
1167 1617 1320 1650 Gentium
1345 1621 1556 1659 tranquillitas
1585 1622 1614 1653 &
1641 1622 1741 1653 amica
1763 1623 1876 1664 quies,
1901 1625 1977 1660 tanti

1117 1660 1293 1701 legatorum
1328 1661 1492 1692 ncceffitas
1519 1663 1548 1694 ἃ
1576 1663 1696 1695 utilitas
1723 1663 1899 1698 aestimanda
1921 1667 1982 1701 ests

1117 1702 1190 1734 Sine
1219 1702 1266 1733 his
1293 1702 1362 1743 quis
1388 1711 1496 1742 pacem
1524 1704 1553 1735 ὅ(
1584 1703 1705 1736 foedera
1731 1706 1977 1743 conciliaverit?

1117 1743 1187 1784 quis
1203 1741 1324 1775 Gentes
1341 1743 1585 1782 inimicas,dum
1603 1745 1634 1778 in
1653 1754 1791 1779 mutuam
1807 1749 1977 1789 perniciem

1117 1792 1231 1822 ruunt,
1250 1784 1371 1825 placide
1389 1785 1632 1826 composuerit?
1648 1788 1678 1819 c&
1691 1788 1765 1829 quis
1780 1798 1842 1820 non
1863 1789 1910 1822 his
1927 1800 1978 1832 pa-

1117 1826 1162 1857 cis
1180 1824 1400 1866 foederumque
1415 1827 1540 1859 nunciis
1557 1827 1588 1858 id
1607 1828 1693 1860 dabit
1706 1851 1716 1867 ,
1739 1836 1794 1869 ut,
1816 1829 1867 1863 ubi
1886 1830 1980 1872 sunt,

1118 1874 1191 1898 tuto
1210 1865 1271 1898 esse
1291 1866 1384 1898 liceat
1396 1867 1444 1900 ?fi
1463 1868 1537 1908 quid
1554 1878 1588 1900 ca
1606 1879 1654 1901 res
1672 1869 1783 1903 habeat
1798 1880 1838 1903 ex
1856 1873 1977 1914 iniquo,

1118 1916 1154 1939 ut
1173 1917 1267 1939 omne
1296 1917 1441 1949 magnum
1467 1911 1668 1950 exemplum,
1694 1912 1833 1944 utilitate
1854 1914 1986 1954 publica·

1117 1949 1318 1990 rependetur.
1362 1950 1394 1982 Si
1420 1950 1451 1981 in
1477 1950 1588 1983 deliCla
1607 1952 1744 1993 inquiri,
1770 1954 1800 1986 δε
1817 1954 1860 1986 ob
1875 1964 1910 1986 ea
1925 1965 1982 1996 pu·

1117 1991 1175 2022 nii-i
1196 1990 1542 2032 vislegatos51naxi1ne
1558 1993 1578 2025 si
1599 1993 1672 2032 quid
1691 1994 1982 2029 molianturadver-'

1117 2031 1167 2063 sus
1176 2031 1352 2072 Principem
1362 2056 1371 2071 ,
1384 2033 1419 2063 ad
1433 2041 1524 2072 quem
1541 2033 1619 2064 miffi
1639 2033 1707 2066 sunt
1717 2056 1727 2071 ,
1737 2035 1840 2067 nullus
1852 2060 1860 2074 ,
1873 2037 1978 2070 nullus

1116 2073 1260 2113 inquam,
1273 2073 1391 2114 legatus
1408 2072 1480 2105 satis
1499 2083 1585 2105 tutus
1603 2075 1673 2107 erit.
1693 2076 1819 2108 Excute
1836 2077 1977 2112 officium

1115 2114 1311 2154 legatorum,
1337 2122 1372 2145 ut
1389 2123 1473 2146 nunc
1492 2114 1554 2153 est,
1579 2115 1608 2147 ἃ
1626 2117 1702 2148 olim
1721 2116 1807 2156 fuit,
1831 2120 1861 2151 ἃ
1879 2119 1983 2161 absol-¹

1121 2156 1209 2187 vitur
1230 2155 1292 2186 hoc
1319 2164 1399 2194 uno,
1425 2164 1459 2186 ut
1488 2156 1625 2197 Principi
1653 2157 1708 2189 suo
1732 2168 1824 2199 quarn
1845 2161 1979 2194 maxime

1120 2196 1249 2237 prosint.
1295 2196 1384 2237 Saepe
1408 2206 1512 2229 autem
1542 2207 1702 2238 nequeunt
1729 2200 1898 2240 prodesse,
1925 2201 1983 2236 niff

1120 2238 1286 2279 Magnates
1304 2238 1334 2269 in
1350 2237 1486 2278 Imperio
1497 2261 1507 2277 ,
1527 2240 1581 2270 ubi
1598 2238 1614 2271 s
1613 2248 1685 2278 unt,
1701 2241 1862 2282 dividant,
1881 2244 1911 2276 ἃ
1926 2243 1981 2277 veli

1117 2288 1212 2320 prece
1227 2279 1279 2310 vel
1299 2279 1401 2319 pretio
1418 2279 1448 2310 in
1466 2278 1650 2312 sententiam
1669 2281 1687 2313 s
1685 2291 1751 2314 uam
1771 2283 1978 2324 t1·ahant;nffi

1116 2330 1226 2352 arcana
1244 2319 1371 2361 Imperii
1395 2321 1562 2361 explorent
1583 2322 1612 2353 ἃ
1632 2322 1799 2365 detegant,
1823 2322 1989 2366 corruptio?

1116 2360 1204 2393 forte
1221 2361 1477 2401 amanuensibus3
1503 2363 1557 2395 nili
1584 2362 1755 2396 simultates
1775 2366 1804 2398 δι
1824 2365 1978 2399 factiones

1118 2401 1219 2434 serant
1246 2412 1282 2433 ae
1304 2403 1408 2441 alant3
1431 2403 1486 2436 nifi
1512 2405 1647 2446 denique
1673 2406 1748 2437 vino
1778 2407 1807 2438 δι
1834 2406 1979 2444 Venere.

1116 2444 1215 2485 gratia
1231 2444 1259 2476 δέ
1276 2442 1417 2476 sordibus
1434 2455 1536 2477 rerum
1563 2445 1681 2478 suarum
1700 2445 1846 2487 satagant.
1892 2448 1979 2480 Mox

1115 2485 1213 2527 igitur
1235 2493 1341 2526 parata
1367 2486 1427 2517 erit
1447 2485 1606 2518 accusatio
1623 2488 1651 2518 &
1667 2487 1786 2526 poena‘.)
1812 2488 1890 2520 tolle
1908 2498 1976 2522 om-

1116 2537 1187 2562 nem
1216 2526 1426 2567 legationem,
1449 2528 1470 2559 fi
1494 2528 1560 2559 liaec
1582 2526 1700 2558 sublata
1721 2528 1820 2568 cupis.
1866 2529 1901 2561 In
1918 2531 1978 2562 cri-

1116 2569 1201 2600 mine
1222 2568 1381 2599 conmuni
1401 2577 1438 2599 an
1457 2578 1519 2599 non
1541 2577 1711 2605 carcer,an
1730 2578 1792 2600 non
1813 2568 1987 2612 alia,quae‘

1117 2609 1277 2646 incidunt,
1298 2608 1466 2640 turbabunt
1483 2609 1640 2640 literarum
1656 2611 1845 2642 commercia
1856 2634 1868 2650 ,
1885 2613 1978 2645 &im-

1117 2649 1482 2692 pedientem-(tutionem
1500 2649 1726 2681 mandatorum.
1775 2651 1808 2684 In
1827 2653 1976 2686 caufisci·

1117 2691 1235 2722 vilibus
1258 2690 1325 2722 sere
1352 2689 1532 2721 tantundem
1549 2690 1701 2729 dicimus,
1728 2701 1797 2724 nam
1816 2695 1866 2726 cui
1886 2695 1984 2735 juris*

1117 2731 1286 2763 dictionem
1304 2730 1429 2768 damus,
1445 2740 1481 2762 ca
1496 2740 1622 2772 quoque
1636 2732 1762 2772 damus,
1789 2734 1851 2766 line
1866 2735 1976 2777 quibus

1115 2772 1288 2812 jurisdictio
1313 2771 1464 2811 explicari
1487 2781 1550 2803 non
1568 2773 1681 2813 potest.
1705 2774 1726 2805 l.
1752 2786 1781 2807 2.
1797 2776 1840 2816 ff.
1862 2779 1896 2808 cle
1915 2776 1973 2817 Ju-

1115 2812 1226 2844 rt'sclibi.
1250 2811 1371 2857 frustra
1385 2810 1439 2843 est'
1454 2813 1556 2845 omnis
1578 2814 1607 2845 in
1626 2815 1674 2854 jus
1693 2817 1840 2856 vocatio,
1863 2817 1982 2850 frustm·

1116 2855 1146 2886 ἃ
1165 2853 1261 2886 inanis
1275 2852 1389 2893 judicis
1405 2851 1573 2893 sententia,
1599 2856 1649 2887 cui
1667 2865 1774 2898 parcre
1789 2867 1852 2890 non
1869 2859 1912 2890 est
1922 2867 1973 2891 ne-

1115 2894 1204 2926 cesse.
1240 2893 1306 2926 Nifi
1326 2893 1421 2934 igitur
1440 2904 1545 2935 pareat
1565 2897 1706 2937 legatus,
1730 2907 1800 2930 curn
1816 2898 1977 2932 damnaei-¹

1116 2945 1185 2967 mus
1202 2934 1239 2966 ad
1256 2935 1367 2967 malam
1385 2935 1573 2968 manfionem
1583 2960 1594 2976 ,
1605 2947 1638 2969 ut
1657 2938 1711 2970 fiat
1727 2943 1861 2973 carceris
1875 2940 1973 2983 inqui-

1116 2977 1217 3014 linus,
1240 2976 1324 3016 quod
1346 2984 1523 3009 extremum
1548 2980 1593 3010 est
1617 2979 1648 3011 in
1665 2980 1906 3019 jurisdictione?
1930 2981 1976 3016 liu·

1115 3017 1217 3048 minus
1233 3038 1244 3055 ,
1281 3017 1355 3057 quid
1388 3018 1528 3058 proderit
1555 3018 1707 3052 sententia
1719 3023 1736 3052 ἱ)
1767 3022 1808 3054 lin
1839 3032 1942 3056 autem
1955 3040 1971 3064 »,

1113 3068 1151 3089 an
1168 3067 1230 3089 non
1250 3057 1368 3099 legatio
1381 3060 1568 3100 impedietur
1580 3061 1596 3092 ?
1617 3060 1672 3092 Ait
1690 3062 1815 3103 quidem
1834 3063 1970 3099 Gentilis

1115 3108 1154 3129 eo
1170 3099 1262 3137 loco,
1288 3109 1379 3139 quem
1393 3101 1486 3132 initio
1503 3102 1587 3144 hujus
1606 3103 1718 3142 Capitis
1733 3103 1927 3144 adferebam,
1948 3104 1971 3139 fl

1113 3140 1225 3182 legatis
1242 3140 1359 3174 tribuas
1381 3141 1432 3182 jus
1449 3143 1619 3183 revoeaudi
1645 3143 1794 3187 domum,
1817 3147 1971 3192 nerninem

1883 3191 1976 3227 floret
