2008 3436
190 101 476 153 QUAEST.

34 183 166 216 cuilibet
186 182 223 214 ad
240 190 363 213 manum
379 179 448 213 sunt
464 182 515 214 vel
535 181 597 213 csse
612 180 758 223 possunt,
783 183 897 214 recita-

34 233 67 257 re
84 226 113 257 ὃ(
132 223 305 257 describere
319 223 382 254 nec'
398 232 511 262 vacat,
534 234 593 255 nec
619 224 717 256 lubet.

76 265 195 310 Quaero
218 265 344 305 potius,
377 273 450 297 nam
474 275 580 307 operae
603 265 742 306 pretium
762 265 826 305 est,
858 276 898 300 an

33 307 178 340 navarchi
189 328 200 345 ,
223 305 354 337 navibus
367 306 430 339 illis
445 307 642 349 praedatoriis
658 307 696 338 ab
711 308 896 340 exercitori-

33 349 90 382 bus
110 346 283 391 praepoiiti,
307 347 337 379 ὃς
359 348 397 380 ad
414 349 614 390 praedandum
630 349 776 381 conducti
787 371 799 388 ‚
823 359 896 383 cum

34 393 103 426 aliis
116 388 279 423 navarchis
295 388 409 430 posfint
417 389 530 431 pacisci
546 389 585 421 de
603 389 756 422 societate
769 392 895 433 praedae,

56 442 125 466 uam
149 430 313 473 separatim
337 433 459 472 capturi
483 431 581 464 sunt?
604 431 648 464 Et
664 432 685 465 fi
706 432 743 464 ad
761 433 897 475 praedan-

33 444 106 508 gum
128 473 280 506 duntaxat
301 472 359 504 fint
384 473 529 506 conducti
543 497 553 512 ,
579 483 638 506 nec
664 474 738 514 quid
754 475 838 507 aliud
859 476 896 508 iis

33 517 71 550 fit
85 515 261 548 mandatum
273 536 285 553 ,
306 514 410 546 verius
425 514 470 548 est
481 538 491 552 ‚
513 516 594 547 citra
606 515 792 549 consensum
809 526 896 550 exer-

34 559 170 590 citorum
191 556 308 592 nullam
324 565 434 588 eorum
462 556 524 589 effe
542 557 731 599 potestatem
743 580 753 599 ,
777 559 807 591 ἃ
823 569 895 605 pro-

34 599 105 632 inde
128 597 305 640 pathmos,
340 598 379 629 de
404 597 556 631 socictate
583 599 646 631 live
670 609 896 633 communione

55 639 142 674 raedae
157 639 268 677 initas,
283 639 345 670 effe
360 641 470 672 nullas.
492 640 569 672 Noli
589 642 746 682 objicere,
757 643 841 683 quod
856 652 897 674 ex

34 651 119 724 {ege
135 680 263 713 Solonis
278 680 376 713 refert
398 681 497 723 Gaius
514 683 546 714 in
561 684 588 714 d.
615 684 676 724 l.4.
681 683 722 725 ff.
732 685 765 715 de
786 684 897 727 Colleg.

34 723 69 760 Β
83 728 159 764 corp.
182 722 286 754 valere
308 723 396 764 pacta
420 724 439 751 ”τ”
468 726 508 753 ἐπὶ
529 727 585 753 >riu-⁴·
609 726 761 764 οἰχομένων,
784 736 896 764 eorum,

32 766 80 809 qui
93 766 131 797 ad
151 765 279 805 praedam
301 771 427 805 exeunt,
453 775 488 797 ut
504 765 573 798 haec
588 767 741 798 vertenda
756 768 786 800 ὁ(
797 767 898 808 expli-

35 806 132 840 canda
156 804 217 837 esse
246 806 462 839 existimabam
484 808 523 839 L.
563 807 586 840 Ι.
623 808 749 849 Observ.
782 810 812 841 C.
850 812 897 840 16.

31 857 103 881 nam
125 846 197 880 satis
219 856 368 890 apparet,
392 849 542 882 Solonem
570 849 633 882 effe
657 850 897 892 intelligendum

31 889 71 922 de
85 890 143 929 iis,
167 890 219 931 qui
246 890 288 922 sui
310 890 387 930 juris
412 890 507 929 sunt,
530 898 624 932 atque
642 892 686 923 ita
702 892 740 923 ad
760 892 898 932 praedam

32 940 149 964 exeunt
159 953 169 969 ,
179 940 290 973 utputa
299 932 320 964 li
329 931 382 972 ipfi
399 933 524 964 navium
532 933 652 965 domini
664 942 780 964 exeant
788 957 798 973 ,
811 934 840 965 δι
849 942 899 964 na-

32 973 141 1011 vibus,
152 973 495 1015 nautis,militibusque
505 973 564 1005 suis
581 973 635 1014 ipfi
650 981 778 1005 utantur
790 998 799 1013 ‚
809 974 899 1013 cujus

33 1013 225 1048 conditionis
244 1012 313 1046 sunt
331 1014 546 1054 exercitores,
558 1023 636 1055 quos
653 1015 759 1056 Belgae
777 1022 897 1046 vocant

34 1055 168 1089 Reeders.
185 1054 306 1087 Eorum
324 1055 411 1086 initae
427 1053 593 1087 societates
603 1055 753 1096 pactaque
769 1056 809 1088 de
844 1066 898 1088 rae-

33 1097 71 1131 da
85 1097 286 1135 erciscunda,
304 1096 333 1127 δε
349 1105 544 1138 quaecunque
563 1097 640 1137 alia,
661 1099 768 1140 utique
778 1108 817 1129 va
831 1105 898 1136 ent,

35 1139 106 1180 quia
121 1137 160 1170 de
175 1138 269 1170 rebus
284 1136 346 1169 suis
361 1145 400 1169 ex
414 1137 509 1170 animi
525 1137 679 1170 sententia
696 1140 746 1171 cui
772 1149 810 1170 uc
822 1140 898 1171 licet

35 1181 184 1219 statuere,
207 1177 259 1211 sed
277 1179 346 1210 haec
365 1189 429 1210 non
448 1179 533 1211 rcth
552 1179 718 1213 transferas
735 1191 751 1212 a
790 1190 896 1213 navar-

36 1222 128 1261 ehos,
148 1220 203 1254 nisi
218 1219 273 1262 ipfi
287 1229 410 1262 quoque
425 1220 484 1252 fint
499 1221 628 1253 navium
643 1221 761 1255 domini
772 1245 783 1261 ,
805 1230 841 1254 ut
852 1221 899 1254 fe-

36 1274 69 1298 re
81 1263 159 1296 nulli
178 1261 260 1295 sunt.
306 1261 357 1293 De
374 1262 421 1293 his
437 1265 625 1303 quaerimus,
650 1273 786 1305 quorum
805 1272 899 1305 opera

34 1315 98 1340 non
114 1303 160 1337 est
173 1303 346 1341 conducta,
369 1302 424 1335 nisi
441 1304 479 1335 ad
492 1304 713 1345 praedandum,
736 1306 766 1337 &
783 1315 818 1337 ea
828 1306 898 1337 abu-

35 1356 143 1381 tuntur
158 1346 195 1378 ad
222 1344 454 1387 paciscendum.
501 1346 611 1385 Magni
640 1347 793 1379 momenti
810 1347 848 1378 lis
863 1356 900 1378 ea

35 1391 74 1422 de
93 1398 128 1420 re
151 1388 282 1425 incidit,
307 1388 338 1418 &
359 1387 395 1418 ad
423 1385 520 1427 ipsum
544 1387 721 1419 Revifionis
745 1388 898 1428 judicium

58 1430 190 1462 ervenit.
234 1428 318 1461 Titii
334 1427 423 1459 navis
437 1428 640 1468 praedatoria,
666 1431 696 1462 ὃς
711 1430 770 1461 alia
783 1429 898 1462 Maevii

34 1441 132 1505 gostis
146 1480 258 1503 navem
274 1469 361 1502 simul
379 1478 556 1510 occupant,
572 1470 601 1502 ὅς
615 1471 746 1510 deinde,
766 1480 800 1503 ut
815 1472 897 1504 Mae-

34 1514 105 1546 vius
120 1513 223 1554 ajebat
233 1511 415 1553 ,utriusque
432 1512 520 1543 navis
537 1512 737 1552 praedatoriae
750 1512 900 1544 navarehi

32 1554 254 1597 paciscuntur,
279 1553 429 1594 reliquam
443 1562 584 1594 quoque,
610 1563 701 1594 quam
718 1555 840 1595 capturi
856 1564 900 1586 es-

33 1596 124 1634 sent,
146 1596 281 1637 praedam
297 1603 497 1627 communem
513 1595 596 1627 fore.
623 1596 706 1628 Mox
721 1596 900 1635 discedunt,

33 1637 182 1679 Titiique
197 1637 286 1669 navis
303 1635 368 1668 sola
382 1636 473 1668 aliam
484 1636 618 1669 hostium
627 1647 739 1669 navem
750 1645 898 1679 occupat,

33 1688 124 1722 quam
139 1678 281 1711 Maevius
300 1687 340 1710 ex
355 1687 394 1709 eo
411 1678 503 1720 patio
526 1688 727 1711 communem
743 1679 808 1711 effe
825 1689 900 1711 con-

35 1721 146 1753 tendit.
191 1718 296 1761 Negat
311 1720 434 1760 patrum
453 1720 514 1751 ess‘e
539 1720 667 1760 Titius,
694 1731 728 1753 ut
749 1721 845 1753 etiam
865 1730 901 1752 ea

34 1762 136 1804 praeda
152 1761 330 1793 communis
352 1760 448 1800 esset,
471 1771 563 1803 quam
590 1762 752 1805 separatim
770 1763 901 1804 quisque

35 1811 176 1845 caperet,
191 1803 221 1835 ὅ(
231 1824 243 1842 ,
254 1803 276 1835 fi
291 1801 384 1841 ess'et,
402 1803 446 1834 ait
463 1803 494 1834 id
509 1804 631 1844 pactum
647 1805 715 1845 Jure
732 1814 797 1836 non
810 1803 901 1836 subfi-

35 1843 125 1877 stere.
157 1844 311 1876 Obtinuit
326 1844 421 1875 etiam
441 1846 522 1885 apud
540 1845 666 1885 Judices
681 1846 791 1879 Vliffin
816 1856 902 1878 anos.

34 1886 96 1919 Sed
109 1894 204 1927 quum
214 1885 355 1917 Maevius
372 1885 572 1923 provocasset
584 1887 620 1918 ad
636 1888 784 1920 Senatum
816 1897 903 1928 upre-

33 1936 139 1966 mum,
163 1927 266 1958 vincit
290 1926 333 1957 ibi
355 1926 482 1958 Titium
502 1938 533 1969 3.
558 1928 657 1960 Mart.
687 1933 776 1967 1696.
803 1938 901 1970 eaque

35 1969 164 2002 Senatus
186 1966 339 2000 sententia
365 1968 398 1999 in
421 1967 542 2008 judicio
566 1969 742 2003 Revifionis
768 1970 901 2012 probata

36 2009 82 2042 est
97 2019 128 2050 4.
153 2009 224 2041 oct.
254 2013 344 2049 1697.
389 2008 433 2040 Et
457 2009 502 2041 ita
524 2019 650 2052 quoque
674 2013 705 2044 in
730 2012 791 2044 alia
809 2012 900 2044 causa-

36 2049 262 2091 responderunt
285 2051 338 2082 alii
362 2049 381 2091 (
394 2050 458 2092 1),
483 2051 513 2083 ἃ
538 2052 617 2085 olim
633 2054 727 2085 etiam
742 2053 899 2094 judicavit

37 2091 237 2124 Admiralitas
257 2091 562 2124 Amsterdammenfis
583 2103 665 2126 anno
685 2098 764 2135 1665
785 2095 870 2137 (2).

38 2154 42 2156 v
79 2132 161 2171 Sed,
184 2141 318 2174 excepta
342 2133 603 2174 Vliffinganorum
621 2134 796 2174 sententia,
822 2144 901 2178 puto

36 2183 197 2216 perperam
213 2173 393 2215 responsum
409 2175 438 2206 δε
455 2175 628 2214 iudicatum
643 2177 705 2209 ess'e
714 2201 725 2217 ,
738 2187 901 2219 utcunque

36 2215 160 2257 paetum
172 2214 249 2247 ess'et
260 2237 271 2254 ,
280 2223 314 2247 ut
327 2215 467 2247 Maevius
482 2217 592 2256 ajebat.
615 2218 722 2251 Miror
731 2229 780 2252 me
795 2220 902 2261 legiffe

35 2259 69 2290 in
79 2256 167 2289 Attis
184 2257 327 2297 Supremi
337 2257 465 2289 Senatus
476 2280 485 2293 ,
498 2258 611 2298 quibus
626 2259 751 2302 fingulae
766 2261 900 2303 singulo-

36 2307 107 2331 rum
122 2297 310 2330 Senatorum
329 2298 359 2330 ὅς
378 2297 565 2331 Revisorum
587 2299 749 2335 sententiae
764 2303 901 2336 inserun-

38 2347 105 2379 tur,
117 2339 147 2371 in
165 2348 201 2370 ea
211 2338 329 2380 specie,
339 2349 429 2381 quam
438 2340 584 2381 proposui
595 2367 603 2380 ‚
616 2343 709 2375 unice
725 2344 901 2377 laboratum

39 2380 116 2420 esse,
127 2390 165 2412 an
173 2390 287 2421 nempe
299 2381 383 2412 inter
394 2388 559 2423 utrumque
577 2385 767 2417 navarchum
783 2395 899 2418 conve-

38 2421 129 2455 niss'et
141 2431 197 2461 ,ut
211 2422 314 2454 omnis
323 2422 425 2463 praeda
439 2423 517 2455 esset
534 2426 711 2458 communis
725 2449 735 2465 ,
746 2426 840 2459 etiam
857 2426 901 2458 se-

39 2463 168 2506 paratim
179 2471 269 2504 capta
280 2486 290 2502 ,
314 2473 351 2495 an
370 2473 404 2495 ea
421 2465 592 2504 duntaxat,
607 2475 700 2507 quam
715 2467 796 2499 alter
812 2477 900 2509 cape-

39 2505 215 2544 ret‚altero
231 2504 404 2545 praesente3
428 2506 467 2537 de
484 2507 658 2548 quaestione
673 2517 777 2541 autem
795 2509 877 2550 Juris
889 2532 899 2547 ,

40 2555 108 2584 quae
120 2547 211 2578 mein
221 2546 329 2587 primis
340 2545 515 2580 sollicitum
526 2549 628 2588 habet,
639 2548 810 2582 sollicitum
822 2550 898 2583 fuis-

41 2587 72 2620 se
88 2587 256 2620 neminem.
291 2587 350 2619 Sed
369 2587 422 2620 fac
443 2598 571 2622 ornnem
591 2591 725 2631 praedam
744 2601 785 2623 ex
810 2592 901 2633 pacto

39 2627 131 2661 fuisse
150 2638 350 2660 communem
367 2629 461 2669 (nam
481 2630 521 2662 de
542 2631 713 2672 quaetlione
727 2632 803 2665 facti
822 2634 901 2666 nihil

40 2669 170 2710 dicam)
184 2669 291 2715 adhuc·
304 2677 435 2708 putem,
460 2673 605 2704 navarchi
629 2672 673 2705 sui
695 2675 819 2715 pastum
842 2674 901 2707 Ti-

37 2711 88 2744 zio
101 2710 181 2743 nihil
197 2710 346 2742 noculss'e.
392 2711 500 2745 Titius
516 2715 704 2747 navarchum
721 2715 841 2755 emifit,
865 2725 901 2749 ut

34 2751 162 2795 'fluctum
179 2752 232 2783 vel
244 2751 392 2785 damnum
407 2752 506 2785 ferret
521 2753 622 2795 solus,
634 2756 664 2788 ἃ
680 2757 759 2789 nihil
770 2758 798 2789 ei
811 2758 898 2799 quic-

41 2802 135 2836 quam
156 2792 341 2839 mandavit,
362 2802 453 2834 quarn
475 2803 511 2827 ut
540 2797 746 2838 praedaretur,
769 2800 899 2832 minime

33 2844 139 2875 ‚vei-o,
172 2842 209 2866 ut
229 2833 414 2867 societatem
429 2835 482 2867 vel
503 2837 534 2868 in
555 2838 702 2870 damnum
722 2840 774 2872 vel
800 2841 833 2873 in
857 2842 901 2873 lu-

34 2885 133 2908 ιρι-ιω]
153 2875 239 2908 suum
254 2875 457 2907 contraheret
470 2899 479 2913 ‚
504 2877 571 2918 ipso
593 2879 688 2912 Titio
705 2882 855 2922 pafturo.
880 2883 902 2915 ss

36 2915 200 2951 ,Maevium
227 2916 377 2949 voluiffet
413 2916 526 2949 habere
554 2919 684 2953 socium.
741 2922 904 2967 Quicquid

35 2957 142 2999 jgitur
165 2957 232 2996 ejus
256 2959 299 2989 rei
323 2958 390 2999 egit
417 2957 502 2989 Titii
526 2961 697 2995 navarchus
717 2987 726 3001 ,
750 2965 816 3006 egit
840 2966 902 2997 fine

45 2998 322 3038 mandat03‘quod
349 2999 371 3031 fi
397 2998 434 3030 fit
450 3022 459 3037 ,
490 3009 592 3040 neque
615 3005 810 3038 exercitores
837 3006 907 3040 suos

47 3039 187 3080 obligare
211 3040 327 3081 potuit.
371 3040 468 3081 Scio,
490 3040 512 3073 fi
536 3043 625 3076 navis
649 3045 762 3080 Maevii
788 3043 904 3091 praeda.

90 3163 105 3198 (
113 3163 148 3199 1)
168 3163 260 3202 confit.
281 3164 360 3203 Belg.
383 3167 415 3196 T.
430 3169 482 3197 Ν.
504 3168 686 3207 Confi1.204.

89 3202 103 3238 (
97 3203 342 3280 1a‘gnltzhrelatum
359 3206 399 3236 est
414 3206 442 3237 d.
461 3207 565 3239 confir.
581 3217 648 3245 204.
667 3218 697 3239 n.
712 3217 740 3246 3.

551 98 778 148 JUR1S
842 90 1633 146 rnsst1cr,·t113.1.c.xvrn.

1739 123 1808 156 225

943 182 1024 214 toria
1048 180 1142 215 aliam
1167 181 1313 216 hostilem
1343 184 1475 226 'cepisset
1501 187 1563 220 sola
1579 212 1590 228 ,
1624 190 1720 224 Titio'
1747 193 1811 225 noti

941 222 1113 255 difficulter
1148 224 1325 264 persuaderi
1360 227 1499 267 potuiffe
1519 252 1529 267 ,
1562 240 1597 262 ut
1633 234 1663 265 in
1690 244 1812 274 partem

940 264 1052 307 praedae
1078 265 1222 305 veniret,
1247 266 1298 299 sed
1326 277 1386 299 nec
1411 269 1537 302 Moevio
1563 272 1752 315 difficulter,
1775 286 1810 308 ut

940 313 1015 338 tunc
1030 305 1214 340 defenderet
1234 309 1265 341 id
1278 308 1400 351 ipsum,
1425 311 1509 352 quod
1534 322 1616 345 nunc
1633 314 1744 348 Titius
1757 319 1809 348 de-

939 348 1054 380 fendit.
1099 348 1206 381 Prima
1227 353 1317 383 navis
1345 351 1468 385 hostilis
1496 356 1718 389 communibus
1737 362 1810 392 viri,

939 390 997 423 bus
1012 398 1103 432 capta
1116 415 1124 426 ,
1136 393 1314 425 cummunis
1330 403 1398 427 erat
1409 404 1450 426 ex
1465 395 1556 427 causa
1568 395 1729 433 societatis
1738 423 1749 439 ,
1761 412 1810 433 ca„

940 431 975 464 su
992 432 1180 473 incidentis,
1205 433 1257 466 sed
1273 445 1337 468 non
1355 446 1443 478 aeque
1465 436 1618 477 secunda,
1642 448 1735 480 quam
1752 444 1810 475 Ti-

941 474 979 505 tii
1002 475 1092 506 navis
1121 475 1311 516 praedatoria
1340 479 1426 520 cepit
1452 478 1537 519 sola,
1561 488 1717 522 quamque
1741 485 1811 518 idco

941 515 995 548 fibi
1023 515 1083 548 soli
1112 516 1240 549 habebit
1259 542 1269 557 ‚
1303 518 1325 551 fi
1341 542 1351 558 ,
1378 529 1413 552 ut
1440 530 1500 562 ego
1524 522 1649 562 quidem
1675 526 1810 567 opinor,

941 557 1066 599 pastum
1085 559 1235 591 navarchi
1256 559 1299 593 sui
1316 560 1463 601 praestare
1483 572 1547 595 non
1569 570 1723 599 teneatur.
1751 568 1809 600 At-

940 608 1000 640 que
1016 599 1059 630 ita
1076 608 1116 630 ex
1131 601 1252 633 ratione
1270 602 1371 641 juris,
1387 602 1520 645 sepoiita
1538 603 1710 646 quaestione
1719 609 1808 650 facti,-

940 640 1208 714 yli'ffinganorum
1228 641 1416 677 sententiam
1437 645 1507 677 aliis
1526 646 1674 683 omnibus
1693 660 1809 692 praetu-

955 691 1043 714 erim.

986 723 1138 757 Ceterum
1165 726 1349 768 diligentius
1379 731 1583 770 quaerendum
1605 730 1650 763 est
1666 731 1705 763 de
1723 741 1810 764 com-

943 766 1094 798 munione
1119 768 1231 808 praedae
1249 792 1259 807 ‚
1283 769 1304 801 fi
1330 779 1389 802 una
1407 771 1553 812 pluresve
1577 783 1671 805 naves
1698 783 1810 807 navem

943 806 1089 840 hostilem
1117 810 1278 850 ceperint,
1304 810 1396 850 aliis,
1421 821 1494 845 cum
1522 823 1557 845 ca
1582 823 1704 851 eretur,
1731 825 1809 857 pra}-

942 847 1081 881 sentibus
1092 873 1102 888 ,
1128 849 1179 882 sed
1196 860 1260 883 non
1277 854 1498 893 pugnantibus.
1545 823 1644 903 {uod
1661 857 1698 889 ad
1715 867 1810 889 naves

941 890 1072 923 bellicas
1090 890 1233 923 Decreto
1252 893 1408 926 Ordinum
1438 894 1640 931 Generalrurn
1667 904 1717 934 28.
1743 898 1808 940 jan.

946 935 1037 973 1631.
1062 931 1079 973 (
1088 933 1135 974 3)
1150 934 1352 973 continetur,
1374 937 1427 968 dat
1451 948 1516 969 men
1536 949 1588 972 een
1609 950 1671 971 van
1687 950 1738 972 een
1755 950 1809 971 αη-

941 974 991 1003 der
1008 976 1196 1015 geabvrdeerc
1204 974 1291 1016 schip
1313 978 1361 1008 ook
1387 978 1447 1009 wel
1466 989 1535 1022 mag
1552 983 1706 1013 aborct'eren
1718 1007 1727 1021 ,
1753 983 1808 1024 dog

941 1015 1004 1045 niet
1030 1015 1076 1046 als
1091 1016 1147 1046 den
1170 1017 1358 1048 abordeerder
1373 1025 1473 1060 roept,
1519 1032 1570 1053 een
1589 1024 1657 1063 hulp
1675 1034 1736 1055 van
1756 1033 1805 1054 ⁷10-

941 1057 996 1087 den
1017 1062 1044 1087 te
1059 1056 1174 1088 hebben.
1221 1058 1282 1090 Sed
1298 1059 1376 1091 illud
1401 1061 1477 1093 mihi
1509 1064 1628 1104 peciale
1645 1065 1707 1096 effe
1723 1065 1809 1096 vide-

942 1104 994 1128 tur
1022 1097 1053 1129 in
1074 1098 1207 1130 navibus
1234 1099 1376 1140 bellicis,
1399 1103 1538 1145 alioquin
1559 1105 1639 1137 nihil
1661 1106 1808 1147 impedit,

943 1139 1111 1179 quominus
1130 1139 1252 1174 hostem
1269 1151 1470 1177 communem
1481 1168 1492 1184 ,
1507 1146 1646 1179 nondum
1666 1156 1808 1188 captum,

943 1181 973 1212 &
995 1180 1061 1227 'ipse
1080 1181 1241 1228 aggred-iar
1264 1183 1294 1215 δι
1321 1183 1410 1217 fimul
1431 1189 1564 1228 capiam.
1610 1188 1662 1221 Ob
1679 1189 1809 1220 eandem

942 1231 1096 1254 rationem
1117 1223 1251 1264 lpeciale
1278 1234 1406 1266 quoque
1422 1228 1569 1269 videtur,
1593 1230 1679 1271 quod
1702 1230 1810 1262 statuit

943 1263 972 1305 §.
994 1267 1026 1296 6.
1051 1263 1196 1304 Formae,
1221 1274 1312 1306 quam
1331 1267 1465 1302 Ordines
1483 1268 1653 1304 Gener-ales
1675 1281 1722 1312 15.
1747 1271 1808 1312 Jul.

947 1308 1038 1348 1633.
1063 1305 1142 1347 (4)
1160 1305 1314 1353 dederunt
1339 1310 1491 1351 privatis,
1516 1313 1545 1344 in
1566 1312 1713 1345 America
1730 1323 1808 1354 prae·

941 1347 1062 1393 daturis
1080 1356 1192 1379 contra
1211 1346 1392 1390 Hispanos,
1416 1362 1527 1385 navem
1547 1353 1670 1386 scilicet
1691 1355 1807 1396 praeda-

943 1397 1055 1420 tor-iam
1084 1388 1220 1436 praedae,
1243 1399 1336 1431 quam
1350 1392 1439 1426 simul
1461 1397 1544 1438 cepit
1565 1406 1637 1428 cum
1655 1405 1734 1427 nave
1752 1397 1808 1429 So-

942 1430 1066 1463 cietatis
1081 1430 1276 1462 Amerrcanae
1287 1455 1296 1471 ,
1322 1442 1442 1474 partem
1460 1445 1523 1469 non
1540 1436 1602 1469 effe
1618 1437 1808 1476 habituram,

943 1471 998 1503 nifi
1017 1470 1157 1513 expresse
1174 1473 1206 1504 in
1228 1474 1382 1507 auxilium
1399 1475 1498 1510 fuerit
1519 1487 1643 1511 vocata.
1692 1479 1810 1512 Rursus

942 1513 1079 1554 speciale
1102 1513 1164 1545 effe
1188 1514 1346 1554 dixerim,
1370 1519 1453 1558 quod
1478 1520 1521 1552 ait
1547 1519 1577 1562 §.
1608 1530 1637 1562 7.
1670 1521 1810 1562 ejusdem

944 1554 1068 1586 Formae
1081 1577 1092 1593 ,
1114 1557 1168 1587 dat
1188 1556 1514 1599 Coiizmffe-Vaarders
1526 1585 1536 1600 ‚
1562 1568 1595 1603 op
1608 1560 1676 1605 stag
1696 1563 1809 1595 leonen-

943 1597 977 1628 de
991 1619 1001 1635 ,
1025 1602 1135 1628 moeten
1160 1596 1282 1637 afstacm
1306 1609 1368 1631 van
1392 1602 1414 1632 ’t
1434 1603 1561 1644 exploz't,
1587 1605 1638 1635 dat
1656 1606 1704 1636 des
1727 1605 1808 1636 Com-

941 1639 1082 1682 pagm'e's
1089 1639 1216 1680 schepen
1224 1640 1329 1672 willen
1348 1642 1418 1674 doen
1430 1668 1440 1683 ‚
1458 1651 1491 1685 op
1500 1647 1651 1677 verheurte
1661 1647 1812 1688 vanschz'p

944 1690 980 1711 en
999 1681 1081 1723 goed.
1127 1680 1181 1713 Sin
1208 1689 1311 1714 autem
1338 1685 1427 1716 navis
1445 1686 1653 1727 praedatoria,
1677 1688 1708 1720 in
1726 1690 1813 1720 auxi-

943 1722 1022 1754 lium
1044 1730 1159 1753 vocata
1178 1744 1190 1760 ‚
1214 1732 1286 1755 cum
1315 1733 1395 1756 nave
1418 1728 1588 1761 Societatis
1613 1729 1811 1762 Americanae

944 1763 1031 1795 fimul
1048 1764 1185 1805 praedam
1203 1765 1324 1806 ceperit
1336 1789 1344 1802 ‚
1361 1767 1510 1802 intereos
1527 1770 1630 1811 praeda
1641 1771 1809 1811 dividitur,

944 1803 1013 1844 sed,
1038 1805 1121 1846 quod
1137 1815 1222 1838 nunc
1237 1807 1319 1847 juris
1335 1811 1513 1843 communis
1531 1811 1593 1843 effe
1606 1814 1738 1853 opinor,
1773 1822 1810 1845 ro

943 1847 1107 1887 utriusque
1126 1847 1341 1888 magnitudine
1359 1850 1388 1882 ἂ
1410 1852 1529 1883 viribus
1544 1854 1572 1884 d.
1588 1852 1617 1894 §.
1634 1857 1663 1885 6.
1688 1855 1716 1886 d.
1746 1863 1810 1886 ⁴01·-

945 1897 1004 1921 mae
1034 1891 1126 1930 1633.
1177 1889 1209 1921 Si
1238 1889 1322 1921 vires
1354 1891 1474 1924 fuerint
1501 1895 1636 1934 aequales
1654 1918 1663 1934 ‚
1696 1896 1812 1937 cuique

944 1929 1046 1970 praeda
1064 1929 1148 1961 cedit
1168 1939 1225 1970 pro
1250 1929 1388 1972 semisse,
1413 1933 1554 1976 alioquin
1578 1938 1806 1977 geometricam,

945 1980 1038 2045 qffam
1053 1973 1420 2013 vocantproportionem
1432 1973 1548 2009 servari
1567 1977 1686 2019 aequius
1698 1978 1811 2010 melius

943 2022 961 2044 e
991 2037 998 2045 .

985 2055 1045 2087 Sed
1060 2056 1133 2097 quid
1149 2057 1304 2097 dicemus,
1328 2058 1351 2091 fi
1365 2060 1437 2092 duae
1452 2061 1600 2102 pluresve
1617 2072 1713 2096 naves
1730 2072 1813 2104 prae-'

943 2096 1074 2129 datoriae
1096 2107 1208 2130 navem
1234 2099 1381 2133 hostilem
1406 2102 1633 2144 persequantur
1650 2127 1662 2144 ,
1694 2105 1724 2136 &
1749 2115 1809 2137 una

943 2138 1091 2179 ceperit?
1108 2140 1215 2179 vel,s1
1229 2141 1332 2182 plures
1346 2141 1433 2175 forte
1448 2145 1564 2185 adsint,
1589 2145 1640 2178 sed
1657 2146 1810 2188 spectato-

941 2188 991 2212 res
1005 2187 1127 2224 tantum
1138 2203 1149 2220 ,
1171 2191 1235 2214 non
1253 2183 1390 2225 actores,
1415 2185 1435 2217 fi
1454 2187 1580 2228 quidem
1597 2197 1658 2220 una
1673 2188 1812 2228 ceperit?

944 2221 996 2253 Ex
1010 2221 1040 2253 d.
1065 2221 1196 2255 Decret.
1220 2229 1271 2259 28.
1295 2224 1361 2265 Jan.
1388 2230 1479 2269 1631.
1505 2229 1594 2270 cujus
1611 2228 1652 2261 fic
1668 2229 1810 2267 memini,

944 2264 1027 2294 word
1043 2264 1077 2295 de
1090 2270 1162 2306 prys
1182 2267 1312 2297 verdeelt
1327 2277 1397 2299 over
1413 2269 1471 2300 able
1488 2271 1522 2301 de
1545 2270 1812 2313 Oorlog-Jbbepen,

944 2306 990 2336 die
1007 2305 1041 2336 de
1052 2311 1125 2347 prys
1140 2308 1278 2350 ver-volgt
1292 2309 1397 2341 hebben
1408 2332 1419 2349 ,
1441 2321 1529 2343 maar
1546 2314 1592 2343 aie
1607 2312 1725 2344 dezelve
1741 2322 1806 2343 ver-

944 2352 1027 2378 overt
1040 2346 1139 2388 heeft,
1163 2348 1244 2389 heeft
1258 2350 1291 2380 de
1311 2350 1424 2382 Vivres
1435 2375 1444 2391 ,
1454 2352 1653 2395 bandgeweer
1668 2363 1704 2384 en
1718 2353 1809 2393 plim-

943 2389 1058 2431 derage.
1105 2388 1166 2420 Sed
1181 2390 1271 2422 vides
1286 2390 1387 2424 rursus
1401 2395 1449 2434 agi
1463 2393 1504 2424 de
1518 2395 1651 2425 navibus
1666 2393 1810 2431 bellicis,

942 2428 981 2460 de
997 2439 1127 2470 quarum
1143 2431 1246 2470 praeda
1263 2430 1397 2464 Ordines
1414 2443 1472 2474 pro
1487 2435 1620 2466 arbitrio
1635 2434 1691 2466 suo
1705 2434 1812 2467 decer-

943 2477 1039 2508 nunt3
1063 2472 1247 2512 ceteroquin
1263 2471 1284 2503 fi
1302 2472 1340 2504 de
1353 2474 1481 2514 privatis
1499 2484 1662 2517 ageretur,
1684 2485 1743 2517 ego
1755 2486 1811 2517 po-

945 2511 1006 2543 tius
1022 2511 1158 2551 praedam
1174 2512 1382 2553 adjudicarem
1398 2516 1426 2547 ei
1445 2515 1526 2557 soli,
1551 2518 1603 2558 qui
1621 2527 1733 2549 navem
1752 2518 1810 2550 ho-

946 2552 1048 2584 stilem
1071 2555 1266 2595 oppugnavit
1282 2555 1311 2586 ὅ(
1327 2555 1427 2595 vicit,
1450 2566 1610 2599 quotquot
1631 2559 1699 2591 aliae
1714 2568 1811 2591 naves

943 2593 1003 2626 fint
1019 2593 1233 2640 persequutae,
1256 2597 1307 2627 vel
1322 2595 1512 2637 spectatores
1527 2599 1695 2633 adfuerint.
1731 2601 1811 2632 Sunt

945 2644 1049 2666 tamen
1058 2658 1067 2673 ,
1079 2636 1293 2677 qu1&praedae
1312 2637 1416 2672 socios
1431 2640 1620 2681 admittunt,
1632 2642 1810 2683 quicunque

944 2676 1127 2717 simpliciter
1152 2677 1338 2718 adfuerunt,
1364 2682 1416 2713 vel
1442 2682 1475 2714 in
1492 2683 1679 2724 conspectu,
1704 2691 1722 2713 e
1739 2683 1807 2715 lon-

942 2718 1071 2759 ginqu0.
1116 2717 1214 2765 Quod
1229 2721 1422 2762 largiendum
1439 2733 1504 2756 non
1517 2723 1574 2756 est.
1617 2724 1710 2761 Scio,
1732 2724 1814 2762 alioz,

942 2769 1010 2792 rum
1033 2759 1085 2792 vel
1113 2759 1210 2792 solam
1237 2761 1434 2802 praesentiam
1458 2766 1583 2796 efficere
1597 2764 1750 2806 potuine,
1774 2774 1810 2797 ut

946 2800 1070 2833 hostilis
1094 2802 1182 2835 navis
1195 2801 1320 2836 facilius
1338 2806 1392 2837 vel
1408 2814 1590 2847 caperetur,
1615 2805 1667 2836 vel
1685 2805 1813 2838 dedere-

947 2850 1015 2880 tur,
1039 2841 1091 2874 sed
1119 2853 1185 2876 non
1208 2846 1397 2886 quaerr'mus,
1422 2847 1625 2887 quamobrem
1649 2854 1740 2887 capta
1760 2849 1814 2880 vel

946 2883 1049 2916 dedita
1073 2884 1111 2916 fit
1126 2886 1232 2924 navis,
1257 2885 1309 2918 sed
1324 2888 1395 2928 quis
1413 2888 1634 2928 occupaverit:
1659 2897 1760 2929 neque
1779 2898 1810 2920 e-

945 2925 1010 2963 nim
1026 2925 1139 2957 Arcem
1150 2950 1159 2965 ‚
1173 2926 1293 2959 Urbem
1311 2929 1364 2960 vel
1379 2928 1531 2966 Classem,
1542 2929 1573 2960 in
1588 2938 1717 2969 quarum
1734 2939 1809 2962 con-

945 2965 1052 3008 speetu
1068 2967 1171 3008 praeda
1186 2977 1278 3008 capta
1295 2970 1358 3008 est,
1384 2970 1415 3000 in
1431 2968 1618 3000 societatem
1637 2970 1750 3011 praedae
1760 2971 1810 3002 ad-

947 3008 1162 3047 mitteremus,
1188 3009 1244 3041 etfi
1259 3011 1311 3041 vel
1330 3010 1465 3041 maxime
1482 3019 1586 3042 carum
1602 3020 1688 3043 metu
1709 3013 1818 3053 praeda-

948 3058 1040 3090 capta
1053 3048 1116 3080 dici
1132 3049 1244 3089 poffet.
1269 3051 1366 3083 Plane
1381 3050 1404 3082 fi
1420 3050 1450 3083 δε
1469 3051 1528 3083 alia
1546 3052 1636 3085 navis
1654 3061 1812 3101 oppugna-

1730 3103 1813 3127 verli.

996 3174 1054 3211 (3)
1074 3174 1151 3202 Plac.
1172 3175 1209 3203 ΙΙ.
1231 3181 1255 3209 5.
1276 3177 1302 3204 8.
1325 3182 1350 3203 2.
1375 3184 1400 3204 1.

995 3214 1054 3249 (4)
1076 3212 1178 3242 Ibidem
1197 3214 1218 3242 1.
1241 3221 1268 3241 2.
1291 3221 1316 3247 3.
1337 3221 1362 3248 3.
1387 3222 1411 3242 1.

1090 3254 1142 3288 Ff
