2008 3436
181 107 622 153 OBSERVATIONUM
652 105 787 155 JURIS
812 103 1024 141 ROMANI
1072 100 1159 142 Liss.
1186 106 1291 143 VIII.
1345 109 1450 145 CAP.
1482 110 1583 147 xm.-
1609 104 1710 148 xiv.

85 172 287 240 Tbeophilus
310 195 355 226 ita
379 193 447 226 haec
470 191 605 233 accipit,
630 195 722 229 atque
741 185 763 218 fi
779 185 952 226 Imperato-

84 249 136 271 res
158 235 397 279 rescripsissent,
429 233 616 270 codicillos,
653 227 838 261 testamento
859 234 953 277 'vetu-

84 280 213 319 sslOI'CS,
246 279 377 316 valcre,
418 277 460 312 &4
488 279 523 310 pu}
546 272 663 310 γιομᾶνης
697 269 950 315 κομφιςμαξιωνΘ-ι)

83 323 216 364 quamvis
240 329 296 351 non
306 318 431 361 sequuta
452 315 667 357 confirimitione
680 333 691 350 ,
715 310 811 342 modo
828 319 846 341 a
863 310 950 356 codi-

83 362 185 395 cillari
201 361 368 393 voluntate
385 369 448 391 non
460 358 557 390 fucrit
575 353 736 387 recessum.
782 351 948 398 Theoplii-

82 404 150 438 111111
174 402 342 444 sequuntur
367 400 461 441 longe
500 397 602 431 lurimi
623 395 814 434 interpretes
829 415 840 432 ,
862 402 947 440 rati,

81 445 157 486 vers}
167 443 196 483 fi
210 448 369 484 appareat,
394 441 437 473 ita
455 444 483 472 el
496 440 516 470 'e
535 437 773 478 intelligendum
785 457 796 473 ,
819 442 913 475 atque
927 435 949 467 11

81 488 126 519 ita
144 485 292 526 scriptum
313 482 407 522 effet,
428 480 485 520 mfi
502 484 642 522 appareat
656 475 818 517 testatorem
833 486 852 507 a
869 476 946 507 codi-

82 527 180 559 cillari
197 526 347 557 voluntate
372 522 501 564 receffiffe
525 544 536 560 ,
570 521 632 552 hoc
647 519 691 551 est
711 543 720 558 ‚
751 517 807 549 nisi
826 524 947 563 mutata

80 568 228 600 voluntas
249 565 400 607 probetur
417 588 427 604 ‚
458 573 494 595 ea
517 563 601 594 enim
620 570 684 593 non
709 559 850 598 irobata,
873 558 946 605 satis

79 619 118 656 ap
141 616 243 646 arere,
266 616 282 638 a
299 606 406 647 priore
423 605 592 637 voluntate
618 612 689 634 rece
714 601 769 632 'um
789 609 853 646 non
872 599 942 646 elie.

79 651 110 684 Si
120 619 193 681 ¹{iaec
209 647 247 680 sit
271 645 425 679 sententia
447 645 623 686 Rescripti,
649 644 678 676 ὃς
697 651 866 716 &ominus
889 642 945 687 lit,

78 690 173 724 verba
187 698 252 722 non
268 687 412 728 obstant,
438 688 547 728 utique
562 685 639 718 niliil
655 694 696 717 ex
742 682 881 724 escripto
901 691 945 714 in-

79 731 197 766 trusum
214 728 259 763 est
289 731 316 762 d.
343 730 364 761 l.
388 739 417 770 5.
451 738 524 760 cum
540 728 593 759 illa
607 728 714 768 exigat
729 730 946 766 argumentum

76 773 214 814 ejusdem
232 772 425 810 voluntatis,
448 770 548 802 adbuc
565 768 725 806 dui-antis,
753 765 837 807 quod
858 762 945 796 secus

76 815 153 847 esset
171 815 202 846 in
219 812 407 854 Rescripto,
434 812 521 844 &iic
543 812 570 842 d.
596 810 615 841 l.
640 819 669 850 5.
704 808 742 855 ab
757 806 943 838 emblemate

76 856 221 889 vindicat
236 854 395 887 Antonius
409 853 508 885 Faber
531 851 572 883 L.
583 851 656 883 XV.
670 847 830 891 Conyeeiur.
843 846 874 892 C.
893 855 939 886 15.

75 897 240 929 vindicant
259 895 289 928 ἀ
306 895 371 927 alii.
415 895 457 926 At
473 902 551 925 vero
569 891 774 932 Imperatores
785 888 938 928 Jurispiu-

74 938 234 977 dentiam,
270 946 338 978 quae
364 935 456 967 Plinii
476 943 547 966 aevo
563 931 748 977 obtinebat,
769 931 798 961 ἃ
819 936 940 960 tantuin

77 979 210 1012 rationis
227 976 376 1015 habebat,
401 976 525 1017 penitus
547 974 705 1013 abrogalle
714 994 726 1010 ,
747 968 894 1015 gi·aveest
906 978 941 1000 ut

76 1020 232 1052 dicamus:
262 1027 351 1055 nain,
382 1017 404 1049 fi
420 1016 551 1057 sequuto
570 1012 939 1057 testiinentoconliima-

75 1061 165 1094 tione
180 1058 400 1091 codicillorum
428 1066 491 1088 non
509 1054 583 1087 esset
599 1064 698 1096 opus,
720 1063 771 1084 cui
788 1052 873 1099 bono
885 1057 936 1098 jii-

76 1102 202 1134 ventius
234 1097 344 1132 Celsus
367 1099 400 1130 in
433 1098 452 1129 l.
490 1102 538 1132 18.
564 1096 604 1138 ff.
638 1096 670 1127 de
702 1094 779 1140 Jure
809 1093 935 1124 codicill.

72 1141 245 1180 Plotianae,
267 1149 307 1171 ex
320 1138 405 1171 fatto
423 1138 620 1177 consulenti,
636 1133 937 1180 respondiss'ethuo

71 1190 256 1224 argumento
283 1180 445 1213 censeatur
467 1178 691 1216 confirmatio,
715 1185 750 1209 ut
767 1176 936 1223 codicilli,

70 1232 144 1259 ante
164 1222 382 1255 testamentum
402 1221 496 1260 fasti,
524 1220 584 1253 rati
599 1219 682 1252 lint?
703 1219 752 1258 &‚
776 1217 936 1264 irinutilis

70 1263 291 1303 confirmatio,
317 1273 372 1295 cur
394 1263 537 1305 periculo
555 1260 631 1294 SCti
646 1259 812 1292 Liboniani
830 1258 859 1290 se
878 1258 932 1289 ob-

69 1304 211 1354 jecisset,
234 1305 287 1349 qui
302 1304 486 1344 codicillos,
501 1311 573 1335 ante
589 1301 808 1335 testamentum
821 1299 932 1339 fastos,

69 1357 105 1380 m
129 1346 241 1388 quibus
269 1346 406 1387 legatum
433 1347 461 1377 ei
490 1345 681 1385 adscriptum
707 1350 772 1374 erat
788 1366 797 1382 ,
822 1341 934 1373 confir-

71 1388 163 1421 mat?
197 1387 226 1419 ὅ(
253 1395 355 1419 tamen
376 1387 408 1419 in
425 1386 545 1419 SCtum
564 1385 702 1417 incidere
722 1384 857 1429 Paulus,
881 1383 932 1415 Sc-

69 1437 150 1464 vero
167 1428 197 1461 &
213 1428 377 1461 Antonino
399 1428 543 1460 nonnihil
566 1425 740 1469 posterior,
767 1424 885 1465 lcripsit
902 1425 933 1456 in

69 1470 93 1503 1.
118 1480 170 1502 22.
195 1468 223 1511 §.
247 1473 278 1502 6.
296 1469 337 1511 ff.
349 1470 382 1501 de
406 1470 483 1512 Leg.
509 1469 620 1500 Cornel.
646 1469 678 1499 de
704 1467 782 1508 Fals.
805 1467 932 1498 Haeceo

69 1512 252 1555 pertinent,
274 1520 330 1550 ne,
352 1519 387 1542 ut
405 1511 460 1550 fit,
485 1519 574 1543 tanto
598 1509 766 1551 supercilio
787 1508 930 1549 objurga

72 1562 144 1586 mus
167 1561 222 1584 eos
248 1551 457 1593 Interpretes,
482 1552 535 1594 qui
554 1560 666 1592 putant
689 1551 716 1582 d.
742 1559 814 1595 vers.
833 1547 861 1588 fi
881 1555 930 1590 ap-

64 1600 195 1637 pareat,
215 1592 382 1626 desiderare
399 1594 618 1635 probationem
638 1593 815 1624 voluntatis
831 1590 930 1622 adhuc

68 1634 296 1678 perseverantis
310 1657 322 1674 ,
346 1634 375 1673 fi
397 1641 537 1676 appareat
553 1657 564 1673 ,
599 1634 631 1666 id
648 1633 713 1673 est,
731 1632 759 1672 fi
773 1633 932 1674 probetur,

68 1675 249 1710 testatorem
275 1676 472 1709 voluntatem
502 1676 717 1709 codicillarem
734 1684 798 1706 non
819 1682 931 1706 mutas-

67 1716 122 1758 se,
154 1718 238 1751 aliud
261 1717 344 1750 enim
366 1717 445 1758 effe,
465 1717 494 1757 fi
511 1729 528 1750 a
545 1724 651 1759 pareat
670 1727 727 1749 non
747 1715 881 1757 mactasse,
902 1725 931 1748 a·

66 1759 154 1800 liud,
178 1758 236 1799 nifi
252 1766 289 1801 ap
309 1765 391 1792 areat
423 1725 561 1834 τηιιῑαέγζ,
584 1760 622 1791 ad
647 1758 728 1798 hoc,
759 1758 905 1798 inquiunt
920 1780 930 1796 ,

66 1799 201 1841 sufficit,
232 1810 284 1834 mo
307 1811 327 1833 o
352 1811 417 1834 non
445 1805 499 1834 exi
515 1810 546 1833 et
573 1800 729 1833 contraria
753 1799 900 1831 voluntas
919 1820 931 1837 ,

65 1842 157 1883 cuius
181 1842 328 1885 probatio
360 1843 465 1875 heredi
492 1843 666 1882 incumbit,
687 1842 725 1874 ad
737 1840 816 1873 illud
831 1839 930 1885 requi-

67 1883 150 1922 titur
171 1884 347 1917 voluntatis
362 1908 374 1924 ,
403 1885 561 1917 codicillis
579 1883 747 1926 expreffae,
772 1884 931 1920 retentio,

91 1924 153 1957 uod
168 1925 236 1967 eJus
253 1925 298 1959 est
315 1927 466 1969 probare,
477 1927 531 1968 qui
546 1936 586 1959 ex
600 1925 758 1961 codicillis
773 1924 846 1965 agit.
869 1922 932 1954 De-

66 1933 199 2001 flderant
224 1967 321 2009 igitur
342 1967 389 1999 illi
413 1967 603 2009 Interpretes
618 1967 769 2000 indicium
787 1964 932 1997 volunta-

67 2007 112 2041 tis
133 2007 233 2041 adhuc
256 2007 396 2041 durantis
412 2033 422 2048 ,
450 2017 543 2050 atque
559 2010 603 2042 ita
621 2007 819 2048 Rescriptum
838 2006 932 2052 inter-

68 2057 252 2122 pretantur,
286 2050 394 2091 utique
416 2051 614 2092 interpretari
628 2055 758 2091 oportet
774 2056 883 2079 omnes
899 2047 934 2079 11-

84 2099 139 2130 os,
163 2091 217 2131 qui
237 2100 278 2122 ex
296 2100 335 2122 eo
353 2091 556 2133 Papinianum
572 2092 633 2124 effe
652 2089 877 2131 interpolatum
889 2097 933 2120 ai·-

71 2131 241 2177 guunta&
257 2131 332 2173 quin
352 2132 421 2164 haec
448 2132 609 2166 subsistant
624 2131 793 2164 secundum
812 2129 934 2176 regulas

71 2171 164 2246 11³5&ae
197 2173 463 2214 interpretationis
485 2184 579 2207 nemo
601 2182 680 2208 unus
709 2173 774 2212 est,
793 2181 847 2213 qui
870 2180 932 2203 am-

94 2223 104 2245 i
147 2221 170 2245 t.

106 2222 158 2287 ggt
169 2253 190 2287 fi
201 2264 241 2286 ex
250 2253 413 2297 Rescripto
421 2256 515 2288 etiam
522 2257 642 2290 necess'e
651 2255 696 2289 est
703 2278 714 2295 ,
722 2256 932 2295 voluntatem,

70 2304 142 2338 quae
161 2296 317 2328 codicillis
348 2298 501 2335 lacuerat,
521 2297 674 2331 servatam
689 2298 836 2340 probari,
859 2297 935 2338 quid

71 2336 200 2370 interest
219 2339 301 2369 inter
313 2306 724 2380 AEncennamPapiniani‚&
743 2338 898 2380 Rescripti
916 2338 934 2370 ἱ)

71 2378 152 2413 nihil
181 2378 271 2419 plane
296 2387 370 2410 tunc
396 2379 539 2411 interesse
554 2379 690 2421 disputat
705 2380 863 2412 Antonius
879 2378 904 2411 F
905 2390 934 2411 a·

70 2415 127 2452 ber
148 2420 177 2451 d.
202 2419 241 2451 L.
268 2419 341 2452 XV.
376 2419 502 2463 conjeci.
535 2422 566 2453 C.
596 2431 644 2462 15.
668 2421 698 2453 &
716 2429 819 2453 tamen
839 2421 934 2453 inter-

72 2459 134 2492 effe
151 2460 245 2492 debet
261 2483 271 2500 ‚
293 2461 367 2493 dum
384 2463 445 2493 boc
470 2461 516 2493 illi
539 2470 706 2504 opponunt
724 2460 933 2503 Institutiones.

109 2501 160 2534 uid
176 2501 196 2534 fi
213 2501 371 2541 dicamus,
396 2512 492 2534 verna
515 2503 674 2545 Papiniani
686 2526 697 2542 ‚
718 2513 790 2545 quae
803 2503 935 2544 exigunt

72 2543 224 2616 AEecialem
240 2544 439 2581 voluntatem,
457 2553 527 2585 quae
544 2545 713 2577 codicillos
731 2545 851 2586 priores
860 2553 935 2577 con-

113 2591 197 2623 met,
228 2583 458 2616 Tribonianum
480 2585 673 2618 intellexisse
696 2586 736 2617 de
760 2585 828 2627 ipso
845 2583 932 2617 testa-

73 2631 183 2656 mento
202 2647 212 2663 ,
239 2634 303 2657 non
323 2625 362 2657 de
383 2626 452 2658 aliis
474 2627 569 2659 etiam
585 2628 679 2660 animi
700 2626 844 2666 indiciis,
865 2636 934 2668 quae

73 2663 281 2706 Imperatores
305 2665 445 2697 sufficere
467 2668 720 2700 existimassent?
759 2668 839 2700 male
867 2669 935 2709 qui-

74 2705 146 2739 dem
173 2714 248 2739 tunc
272 2706 473 2748 Papinianum
488 2709 712 2750 intellexiffec,
736 2709 788 2742 sed
805 2710 876 2752 plus
890 2708 934 2741 se-

655 2818 930 2858 CAPU

1802 114 1875 157 265³

995 185 1059 218 mel
1078 185 1308 229 imprudentior
1324 188 1436 220 incidit
1453 190 1484 221 in
1502 191 1597 223 verba
1613 192 1758 225 veterum
1774 190 1871 232 JCtQ⁴

995 236 1086 266 rum,
1110 234 1146 259 ut
1168 227 1297 259 memini
1328 229 1402 261 alias
1421 239 1472 262 ine
1486 233 1626 272 probare.
1672 233 1789 266 Eadem
1808 231 1870 263 uti-

994 277 1056 310 que
1076 268 1287 310 imprudentia
1315 270 1345 301 6(
1362 271 1442 302 alios
1463 272 1556 303 hodie
1573 273 1692 307 refellit
1712 275 1869 315 Interpre-

996 317 1061 350 tes,
1090 311 1162 352 qui,
1191 319 1227 342 ut
1254 309 1344 356 supra
1371 311 1457 351 dixi,
1488 313 1527 344 de
1549 313 1617 354 ipso
1633 326 1759 357 quoque
1776 314 1868 347 testa-

993 360 1103 383 mento
1127 351 1224 383 verba
1244 350 1405 394 Papiniani
1435 353 1638 395 intelligunt,
1670 366 1782 388 contra
1798 357 1866 396 eJus

992 401 1153 433 mentem,
1175 395 1281 439 aperte
1300 392 1440 426 testatam
1460 395 1491 426 in
1515 403 1543 427 α.
1569 397 1588 428 l.
1613 407 1645 438 5.
1663 397 1703 439 ff.
1729 399 1761 428 de
1785 396 1865 438 Jure

991 435 1117 467 codic-ill.
1164 435 1239 467 Scio
1264 435 1427 476 interell'e,
1459 444 1566 469 utrum
1581 439 1723 470 codicilli
1743 440 1866 480 priores

992 476 1220 508 confirmentur
1235 475 1302 517 ipso
1318 478 1523 517 tesiaiiientQ
1548 489 1584 510 an
1601 480 1670 512 aliis
1686 480 1864 519 codicillis,

991 516 1204 556 schedulis,&
1217 517 1264 550 his
1275 517 1423 551 similibus
1434 520 1528 551 animi
1546 520 1717 561 indiciis3fi
1730 520 1798 563 ipso
1817 529 1862 551 te-

990 557 1143 590 stamento
1152 583 1162 599 ,
1176 559 1242 599 ejus
1256 568 1331 591 tunc
1346 568 1449 601 partes
1465 560 1583 593 censeri
1595 587 1604 602 ‚
1618 563 1647 595 ὃς
1663 572 1721 604 pro
1738 561 1863 594 insertis

989 599 1169 645 lia=³endos‚
1190 608 1284 641 atque
1299 601 1376 633 adeo
1394 602 1514 644 legata,
1533 604 1666 644 tutelas,
1689 604 1865 643 libertates,

989 641 1148 673 codicillis
1165 642 1251 673 datas
1258 664 1270 680 ,
1296 650 1372 675 tunc
1388 644 1456 684 jure
1466 644 1587 676 directo
1602 645 1862 686 sublistcre,quae

988 682 1051 714 alio
1077 683 1128 728 uin
1145 692 1210 714 non
1227 683 1520 725 defendunturmifi
1535 686 1603 726 jure
1619 686 1860 726 fideicommissi,-

988 732 1024 755 ut
1084 725 1201 764 ujacius
1233 724 1271 756 L.
1306 725 1430 759 XVIII.
1465 727 1588 768 OhJerv.
1623 729 1656 761 C.
1689 739 1716 771 7.
1751 729 1782 761 ἀ
1805 728 1862 760 ahi

987 764 1134 806 deinceps
1153 766 1279 806 prolixe
1294 767 1477 807 probarunt.
1522 769 1598 801 Scio
1614 772 1708 803 etiam
1724 771 1762 803 de
1772 768 1860 811 fidei-

986 805 1124 847 commlff)
1140 807 1236 852 verba
1250 807 1318 839 fieri
1338 808 1367 840 in
1388 809 1555 851 Rescripto
1565 833 1576 849 ‚
1589 821 1647 843 nec
1663 813 1702 843 de
1720 822 1759 844 eo
1769 812 1858 853 quic-

985 856 1077 894 quam
1092 847 1153 879 else
1171 857 1202 893 in
1222 847 1375 881 sententia
1403 850 1576 893 Papiniani.
1620 853 1679 885 Sed
1695 853 1857 886 fideicom-

984 888 1062 934 milii
1086 897 1207 920 mentio
1223 911 1237 935 ⁹.
1267 891 1300 921 ni
1326 889 1442 932 fallor,
1473 894 1517 923 eft
1534 903 1573 925 ex
1589 893 1693 935 fasto,
1719 896 1771 927 cui
1794 894 1856 926 Re-

983 928 1136 974 scriptum
1158 931 1280 962 caulam
1303 938 1461 973 prae'iuit,
1487 944 1587 976 neque
1603 936 1687 968 enim
1706 936 1860 978 quaeritur

984 980 1015 1002 in
1040 972 1067 1002 d.
1095 970 1123 1012 §.
1150 980 1175 1002 1.
1212 970 1286 1012 [nst.
1311 974 1344 1003 de
1369 975 1501 1006 Codici'll.
1526 985 1584 1007 nec
1607 977 1639 1009 in
1663 979 1691 1010 dr
1718 979 1739 1011 ί,-
1761 987 1792 1018 5.
1812 977 1855 1018 ff.

983 1013 1016 1057 cie
1041 1011 1118 1058 Jure
1143 1013 1268 1058 codicill.
1292 1024 1356 1055 quo
1374 1015 1443 1055 jure
1462 1017 1608 1057 valeant,
1631 1029 1700 1060 quae
1725 1019 1856 1051 codicil-

983 1053 1021 1084 lis
1039 1055 1110 1084 iunt
1128 1053 1253 1093 rencia,
1276 1053 1344 1094 sed,
1379 1055 1513 1103 sequuto
1537 1059 1746 1099 testamento,
1770 1071 1809 1092 an
1825 1061 1857 1093 δε

979 1094 1240 1134 quemadmodum
1267 1095 1325 1128 fint
1352 1099 1582 1138 confirmanda,
1604 1109 1640 1132 ut
1657 1111 1765 1133 eorum
1783 1111 1858 1142 qua-¹

980 1136 1146 1177 liscuiique
1171 1137 1253 1168 ratio
1279 1137 1384 1169 haberi
1410 1140 1514 1180 poliit.
1559 1141 1590 1173 Si
1607 1143 1713 1184 exigat
1733 1143 1855 1175 Rescri-

978 1185 1070 1221 ptum
1089 1177 1310 1218 probationem
1332 1179 1510 1213 voluntatis
1525 1192 1587 1214 non
1617 1193 1794 1224 revocatae,
1820 1195 1854 1215 u-

979 1226 1066 1259 tique
1087 1220 1167 1265 hanc
1187 1219 1218 1251 ὅτ.
1233 1220 1420 1267 testamento
1437 1222 1504 1254 fieri
1522 1223 1608 1265 poss'e
1625 1248 1635 1263 ,
1661 1235 1734 1258 cum
1752 1226 1852 1258 niaxi-

978 1268 1028 1291 me
1050 1260 1199 1302 largitur,
1231 1261 1261 1294 ὃ(
1284 1262 1357 1294 inde
1379 1272 1507 1305 apparet
1522 1288 1534 1304 ,
1557 1265 1595 1297 de
1609 1267 1825 1309 fideimmmzffi)
1839 1289 1853 1305 ,

977 1300 1049 1347 data
1074 1311 1170 1347 opera
1189 1326 1199 1341 ‚
1224 1312 1288 1335 non
1313 1303 1374 1335 effe
1391 1305 1568 1346 loquutum.
1616 1308 1732 1341 Valent
1752 1309 1853 1350 igitur

977 1342 1142 1388 codicilli,
1166 1344 1426 1387 qualitercunque
1448 1348 1625 1382 confirmati
1640 1360 1651 1389 ;
1674 1360 1738 1392 quo
1753 1351 1823 1391 jure
1838 1374 1854 1390 ,

975 1384 1117 1423 (1110110,
1151 1395 1189 1417 an
1214 1385 1348 1432 obliquo
1365 1409 1374 1427 ,
1406 1388 1511 1421 nullus
1536 1400 1662 1433 quoque
1684 1392 1726 1425 ibi
1745 1392 1851 1426 sermo

976 1430 1041 1472 eet,
1064 1426 1205 1472 nec-ulla
1230 1436 1311 1459 inter
1331 1428 1536 1470 Papinianum
1554 1432 1583 1464 ὅ(
1600 1433 1667 1475 ejus
1684 1433 1790 1466 Princi
1815 1443 1851 1466 es

975 1468 1161 1513 diberentia.
1209 1467 1302 1502 Hanc
1320 1478 1422 1503 tamen
1440 1471 1591 1512 Cujaci'us
1613 1476 1642 1506 d.
1668 1475 1707 1507 L.
1721 1474 1786 1507 XV
1805 1474 1850 1508 ΙΙ.

978 1509 1100 1556 Olmiai.
1138 1510 1224 1556 0.,7.
1256 1510 1429 1552 quaefivisse
1451 1513 1593 1555 videtur,
1611 1517 1793 1557 priusquam
1814 1517 1850 1550 in

975 1550 1144 1596 Pqpen-fflw
1171 1555 1235 1582 1110
1252 1552 1290 1597 de
1314 1553 1501 1587 emblemate
1529 1557 1695 1599 cogitaret.
1740 1557 1849 1591 Etiam

974 1591 1026 1623 alii
1048 1598 1100 1623 nic
1115 1592 1154 1624 de
1171 1592 1219 1625 his
1237 1592 1424 1627 differentiis
1440 1597 1581 1637 garriunt
1596 1599 1698 1640 plenis
1714 1598 1850 1639 buccis,

976 1632 1028 1664 seu
1043 1631 1177 1673 frustra,
1201 1643 1236 1666 111
1255 1635 1332 1667 1111111
1350 1636 1475 1677 quidem
1492 1639 1628 1673 videtur.

1018 1673 1169 1721 Ceterum
1182 1675 1361 1722 fingamus,
1394 1678 1479 1719 quod
1497 1679 1620 1723 fingunt
1636 1682 1850 1717 Accusatores

976 1716 1216 1756 emblematici,
1253 1717 1456 1759 Papinianum
1485 1722 1629 1763 putasse,
1657 1722 1725 1765 ipso
1756 1724 1848 1757 testa-

976 1765 1085 1790 mento
1103 1758 1271 1791 codicillos
1291 1758 1353 1792 effe
1367 1761 1598 1796 confirmandos
1609 1788 1621 1804 ,
1645 1766 1675 1798 ὃς
1692 1765 1849 1807 hancejus

975 1797 1160 1846 sententiam
1179 1799 1289 1832 referri
1307 1801 1340 1833 in
1362 1803 1395 1841 d.¹
1417 1801 1446 1844 §.
1475 1813 1501 1837 1.
1525 1813 1637 1838 contra
1660 1805 1847 1849 rescripsisse

974 1839 1172 1888 Antoninum
1195 1842 1225 1874 &
1252 1842 1422 1883 Severum,
1458 1845 1488 1878 &
1502 1846 1578 1879 alias
1592 1848 1687 1880 etiam
1704 1849 1847 1882 durantis

974 1891 1068 1914 animi
1081 1883 1300 1928 =probationes
1317 1884 1467 1918 admisiss'e
1481 1909 1493 1926 ‚
1527 1888 1556 1920 &
1579 1888 1633 1923 has
1651 1889 1731 1931 ipsas
1750 1889 1849 1923 inser-

977 1931 1023 1955 tas
1039 1923 1101 1969 esse
1129 1925 1157 1955 d.
1189 1924 1210 1956 l.
1233 1934 1263 1965 5.
1294 1935 1333 1971 an
1362 1934 1528 1967 propterea
1550 1929 1710 1970 dicemus,
1735 1941 1753 1963 a
1769 1931 1849 1963 Tri-

976 1965 1142 2012 boniano,
1165 1971 1231 1998 non
1255 1966 1293 1998 ab
1317 1976 1327 1997 i
1353 1967 1385 2000 so
1404 1967 1574 2009 Papiniano
1590 1981 1641 2004 eas
1658 1972 1722 2005 esse
1761 1972 1849 2005 rofe-

977 2006 1066 2052 61αεῖ
1090 2007 1197 2048 quidni
1225 2007 1262 2039 ab
1287 2008 1319 2049 ip
1334 2018 1354 2040 o
1372 2008 1571 2051 Papiniano?
1594 2013 1701 2046 Sabini
1735 2022 1847 2047 enten-

978 2057 1022 2079 tia
1048 2048 1251 2089 Papinianum
1279 2050 1311 2082 111
1335 2052 1530 2085 contrarium
1548 2057 1697 2095 vocavit,
1723 2063 1759 2087 ut
1779 2055 1848 2098 ipse

976 2087 1063 2135 de-se
1078 2090 1227 2136 praedicat
1245 2091 1276 2123 in
1298 2091 1321 2123 l.
1339 2095 1369 2124 6.
1395 2091 1424 2133 §.
1453 2103 1479 2126 1.
1499 2093 1540 2136 ff.
1563 2097 1596 2128 de
1618 2096 1702 2128 Serv.
1730 2103 1845 2138 export.

976 2130 1085 2179 quidni
1102 2140 1199 2172 igitur
1225 2132 1255 2165 &
1279 2132 1525 2175 Imperatorum,
1548 2132 1603 2169 sub
1621 2137 1735 2179 quibus
1752 2139 1844 2170 vive-

975 2171 1029 2218 bat
1044 2171 1170 2213 imperii
1185 2168 1364 2205 secundus?
1385 2175 1553 2209 Memento
1577 2179 1692 2219 eciam,
1716 2180 1746 2212 d.
1769 2180 1791 2212 l.
1810 2189 1844 2221 5.

976 2213 1038 2259 elie
1054 2223 1090 2244 ex
1106 2213 1192 2260 Lihr.
1210 2214 1280 2247 VII.
1306 2214 1532 2259 Responsbrmn,
1557 2219 1589 2252 in
1607 2220 1720 2261 quibus
1736 2220 1844 2254 Libris

977 2254 1031 2286 ille
1051 2255 1088 2286 de
1110 2265 1180 2302 jure
1201 2254 1407 2302 respondebat
1424 2282 1434 2297 ,
1462 2259 1526 2291 hoc
1548 2269 1652 2293 autem
1677 2262 1753 2302 J'uris
1769 2262 1815 2294 est
1832 2284 1846 2301 ,

976 2297 1061 2343 quod
1077 2295 1215 2343 Principi
1232 2298 1361 2338 placuit.
1407 2299 1503 2332 Aliud
1519 2301 1706 2343 Papinianus
1728 2303 1760 2335 in
1785 2302 1846 2336 Di-

977 2338 1208 2378 iputationibus
1222 2339 1303 2379 juris
1318 2339 1445 2372 censere
1494 2343 1599 2382 omit,
1620 2343 1705 2375 aliud
1720 2343 1759 2375 de
1775 2344 1846 2385 jure·

977 2377 1212 2411 consulentibus
1229 2378 1415 2421 respondere
1435 2382 1475 2416 de
1498 2383 1561 2423 uit,
1586 2383 1608 2417 fi
1627 2383 1777 2426 Princeps
1792 2395 1846 2417 au-

977 2419 1126 2466 ctoritate
1146 2419 1199 2452 sua
1224 2421 1308 2454 aliud
1333 2421 1382 2462 jus
1404 2424 1605 2457 constituerit
1619 2448 1631 2466 ‚
1659 2426 1689 2458 &
1710 2426 1790 2459 nihil
1808 2436 1844 2459 o-

977 2470 1086 2507 mnino
1101 2461 1268 2508 prohibet,
1297 2464 1464 2504 quominus
1482 2466 1622 2500 dieamus
1631 2490 1643 2506 ‚
1661 2466 1845 2508 responsum

975 2501 1135 2543 Papiniani
1153 2513 1186 2535 in
1219 2505 1247 2536 d.
1271 2503 1291 2535 l.
1315 2513 1352 2550 5..
1372 2503 1465 2539 fuiffe
1480 2507 1636 2548 posterius
1655 2508 1843 2550 Rescripto,

973 2543 1058 2589 quod
1070 2552 1335 2590 commemoratur
1344 2555 1374 2577 in
1384 2548 1412 2578 d.
1426 2546 1455 2589 §.
1469 2557 1494 2580 1.
1506 2549 1558 2581 Sic
1574 2549 1745 2591 Papiniano
1755 2548 1843 2581 obse-

973 2593 1038 2625 quii
1059 2585 1160 2625 gloria
1180 2587 1288 2618 relicta
1313 2586 1390 2632 effet
1404 2611 1417 2627 ‚
1443 2589 1500 2621 nifi
1522 2590 1677 2623 maluisset
1693 2589 1813 2622 discere
1828 2612 1841 2629 ,

977 2625 1062 2666 quod
1089 2627 1196 2667 postea
1225 2628 1337 2660 didicit
1353 2650 1365 2666 ‚
1384 2630 1474 2662 nullo
1499 2629 1555 2663 suo
1574 2633 1709 2670 merito,
1733 2630 1844 2672 quanti

976 2667 1100 2700 constet
1123 2671 1183 2709 πρὶς
1203 2670 1343 2710 κρότωνας
1364 2671 1562 2714 ἀντιφερίζειν,
1585 2681 1621 2706 ut
1635 2672 1738 2714 inquit
1755 2671 1823 2704 ille.
1867 2701 1873 2706 .

980 2820 1016 2858 T
1111 2817 1258 2860 XIV.

212 2901 434 2949 Composttores
457 2903 556 2951 Jurz's
580 2908 664 2943 nihil
684 2910 847 2956 quicquam
873 2907 1010 2956 turbqffe
1036 2911 1069 2945 in
1095 2909 1136 2943 L.
1165 2919 1197 2944 2.
1225 2907 1317 2956 5.1.
1346 2904 1385 2942 ff.
1412 2906 1523 2942 Solut.
1550 2904 1701 2944 matrim.

166 3007 209 3030 on
235 2997 280 3029 est
303 2999 341 3045 ad
366 3009 513 3042 manum,
566 3003 597 3036 ui
622 3005 698 3037 mihi
720 3002 864 3038 videatur
886 3015 931 3038 re÷

188 3039 236 3071 cte
252 3041 418 3086 explicaffe
435 3042 540 3075 locum
587 3044 681 3087 lpiani
695 3047 727 3080 in
736 3048 764 3078 d.
784 3047 805 3079 l.
818 3057 847 3079 2.
859 3046 889 3088 §.
905 3057 932 3079 1.

99 3082 171 3112 abet
196 3089 300 3121 autem
330 3089 394 3113 ita:
461 3086 514 3115 uod
523 3083 552 3123 fi
564 3086 596 3116 in
629 3088 704 3119 atris
718 3087 858 3129 potestate
873 3099 887 3120 e
922 3110 934 3127 ,

76 3122 113 3171 ὅ.)
126 3123 175 3153 dos
190 3122 227 3153 ab
243 3132 273 3153 eo
284 3122 417 3171 profebia
443 3132 486 3163 ic,
497 3124 581 3165 ipsius
598 3092 634 3162 g*
645 3126 716 3168 filiae
731 3130 779 3160 dos
796 3127 844 3170 eft.
905 3139 931 3159 e-

75 3173 162 3205 mque
174 3168 262 3203 pater
274 3174 331 3195 non
345 3164 434 3196 aliter
471 3175 537 3197 uam
558 3176 595 3198 ex
608 3168 758 3200 voluntate
771 3170 861 3209 filice,
879 3176 931 3210 pe=

75 3205 270 3280 tereroterln,
297 3215 348 3238 mc
365 3212 421 3248 per
457 3217 471 3238 e
478 3228 491 3247 ‚
520 3216 572 3240 nec
589 3213 644 3250 per
655 3215 869 3251 procuratorem
879 3216 931 3252 pe·

149 3255 200 3279 om.
240 3267 247 3277 .

974 3003 1028 3047 test
1045 3003 1106 3039 &a
1159 3002 1376 3036 Tribonianus
1405 3002 1458 3034 hic
1507 3003 1632 3035 eccavit
1661 2999 1793 3045 πρρθέσά,
1817 2998 1841 3039 fi

974 3046 1079 3080 audias
1103 3042 1292 3076 Goveanum
1329 3044 1369 3075 L.
1395 3043 1418 3075 Ι.
1496 3045 1589 3077 ariar.
1618 3043 1703 3079 Leti.
1729 3045 1761 3079 C.
1788 3057 1840 3088 44.

976 3087 1156 3122 &ameum
1175 3084 1220 3117 est
1236 3085 1267 3116 in
1285 3085 1410 3124 verbis,
1435 3083 1528 3120 &dos
1545 3087 1581 3117 ab
1597 3095 1627 3117 eo
1641 3085 1775 3127 profesta
1785 3087 1837 3127 fil).v

974 3126 1062 3172 Quid
1086 3126 1225 3157 moverit
1250 3125 1483 3168 Tribonianum‘
1497 3149 1507 3165 ,
1539 3126 1697 3168 intelliges
1719 3132 1760 3160 ex'
1783 3129 1843 3161 hac

974 3167 1170 3200 emblematis
1196 3166 1418 3211 conjefilione:
1450 3166 1522 3210 Jure
1546 3168 1675 3212 antiquo
1701 3169 1759 3202 dos
1777 3178 1847 3202 tam‘

973 3207 1180 3283 adventitiIa',I
1198 3217 1291 3251 quain
1308 3207 1496 3252 'profectitia
1510 3230 1523 3250 ,
1546 3209 1577 3242 &
1592 3210 1689 3252 patris
1713 3211 1743 3245 &
1764 3210 1842 3247 ffliae·

1771 3252 1847 3284 'dos
