2008 3436
234 103 676 153 OBSERVA‘rioNUM
727 97 862 150 JURIS

16 200 69 233 ἄξω
88 208 144 231 noi-z
163 204 279 238 teneat,
310 195 452 229 rationem
471 189 622 232 usurarum
639 183 737 216 haberi
754 191 811 212 non
820 180 876 221 fa-

15 244 71 274 cite
105 244 256 274 dicendum
288 237 337 280 eft.
392 232 513 267 Basilici
553 229 591 262 L.
611 224 705 274 XIII.
720 223 767 270 .T·
790 232 819 254 2.
843 222 874 253 C.

16 297 64 326 Ἃ.
110 284 281 325 Papiniano
299 285 462 321 negantem
485 272 670 306 sententiam
688 264 877 314 tribuerunt,

17 328 65 360 sod
85 326 240 367 Inte-“pres
259 321 390 354 Graecus
407 316 509 349 addit:
533 314 596 343 omi·
618 312 737 341 ὑποκάτω
752 318 877 352 ’μα-«ξω,

17 374 48 400 ὠ,
69 368 170 405 ἄ-μέξᾴ
186 367 227 394 im·
243 368 309 394 τὼ.
323 364 337 394 n'
353 361 499 393 semein.
529 363 629 387 verum
648 347 746 392 postea
770 349 878 395 flv‘ces,

15 398 312 442 axziiti'admodum'boc
328 402 396 444 cafic
414 403 554 440 competat
571 393 644 426 acrio
659 389 786 437 depositi.
820 388 878 435 Re-

16 448 126 490 fucit,
151 450 181 482 ni
196 448 310 486 fallor,
334 444 489 482 interpres
507 438 546 485 ad
558 435 654 484 verba
664 430 877 478 finalia-Papi-

16 480 121 532 n‘isini,
147 491 198 522 ubi
221 490 286 521 ait:
322 486 354 517 Si·
369 491 465 515 tumen
482 482 517 513 ab
536 483 621 510 uncio
645 476 679 507 de
697 476 791 522 usuris
802 478 876 522 psae-

17 535 126 575 standis
146 531 281 563 convenit
301 551 312 567 ‚
339 527 388 558 lex
412 518 764 563 contradus-servabitur.
810 519 877 559 ber-

10 572 140 608 'vabitur
168 580 272 605 autem
297 569 419 601 actione
438 562 589 605 depositi,
622 568 694 606 quia
710 558 770 602 alia
788 555 882 586 aetio-

15 627 54 649 ne
80 614 192 647 servari
217 622 281 644 non
304 607 427 652 potest,
464 614 499 637 ut
517 603 640 635 tandem
657 600 849 646 'Rapinianus
869 619 879 634 ,

16 656 86 700 post
100 654 352 690 dubitationem,
385 650 416 681 in
443 656 510 679 eam
530 644 714 690 sententiam
739 639 882 671 videatur

16 699 107 733 fuiss'e
123 695 319 739 proclivior,
343 698 454 724 contra
469 696 561 729 quam
583 694 648 724 ejus
669 688 807 725 mentem
827 679 882 710 Ba-

16 740 93 775 silici
119 734 344 779 cxposueriint.
399 731 516 772 Aperte
543 726 652 767 utique
670 722 783 770 l'aulus
799 730 829 751 m
854 721 882 750 cl.

17 785 39 815 l.
60 784 108 814 26.
133 779 161 822 §.
187 787 213 810 1.
239 774 421 817 respondit,
446 769 562 810 adjecta
580 766 722 812 deposito
744 770 883 793 conven-

19 825 126 861 tione,
152 829 187 852 ut
210 819 304 850 ctiam
329 824 401 848 ante
422 820 543 844 moram
564 810 663 840 usui-ze
680 803 884 847 praestentur,

10 865 170 909 sec'mdwn
185 859 403 892 conventionem
421 854 519 892 usuras
536 859 639 892 quoque
660 853 813 892 ΛςτιοΝιε
825 852 884 874 Dr:-

21 914 132 939 rOSITI
148 904 209 944 peti
224 900 308 942 poffc.
354 898 456 938 Atque
474 893 543 925 inde
561 890 622 937 esse
641 896 775 932 opinor,
800 883 885 926 quod

22 949 52 981 ὅ(
71 945 165 978 bodie
195 937 412 976 Mercatorum
441 935 666 968 foeiierationes
683 928 807 968 deposito
827 935 884 956 vo-

23 997 145 1021 centur.
565 1015 570 1020 ,
841 1009 847 1014 ¹

65 1029 110 1062 Ut
131 1037 164 1060 ut
181 1027 274 1060 ioitur
291 1034 308 1055 a
322 1029 430 1054 natura
439 1014 572 1057 depositi
590 1013 755 1054 degeneret
768 1009 882 1050 pastio,

22 1081 57 1104 ut
77 1078 184 1103 tantun
208 1077 257 1099 em
276 1062 434 1107 pecuniae,
458 1067 522 1089 non
541 1055 647 1087 eadem
666 1060 800 1094 pecunia
816 1049 882 1096 red-

21 1114 129 1150 datur,
154 1107 293 1141 obtinuit
311 1112 430 1139 tamen,
453 1098 486 1146 'si
508 1097 538 1128 id
556 1096 658 1128 astum
673 1094 739 1130 eli,
763 1092 881 1132 depoli-

24 1162 90 1187 tum
107 1150 177 1183 effe.
222 1147 255 1180 Id
281 1153 384 1178 autem
412 1152 428 1173 a
452 1149 531 1178 itur,
560 1146 625 1169 non
644 1133 804 1181 tantumsi
828 1140 882 1163 ex-

22 1191 118 1239 presse
139 1192 183 1223 ita
198 1185 401 1223 convenerit,
441 1182 479 1214 ed
496 1180 525 1212 δε
537 1204 547 1219 ,
569 1187 604 1210 ut
622 1176 755 1209 Alienus
767 1180 836 1221 μη,
860 1172 882 1205 si

43 1235 88 1268 uis
116 1231 279 1275 pecuniam
303 1235 404 1269 neque
426 1222 572 1259 claudat,
594 1216 853 1263 nequeoblignet
871 1237 881 1254 ,

34 1276 71 1309 ed
91 1272 273 1316 simpliciter
291 1269 490 1303 adnumeret,
513 1260 641 1305 pei-inde
660 1267 743 1309 enini
766 1259 796 1288 id
816 1255 881 1295 est,

19 1325 112 1359 atque
126 1315 147 1347 si
170 1312 352 1346 tantundem
367 1307 453 1340 reddi
480 1303 662 1347 paciscatur.
706 1298 883 1345 ber-*undum

20 1359 90 1392 haec
125 1356 310 1398 Papinianus
345 1351 374 1383 in
407 1350 427 1381 l.
451 1357 501 1388 25.
528 1345 556 1386 §.
584 1354 610 1376 1.
633 1341 673 1384 ff.
706 1341 808 1381 Depos.
840 1347 883 1370 ita

19 1398 144 1434 scribit:
173 1398 222 1439 qui
237 1395 390 1437 pecuniam
412 1390 487 1431 apicii
505 1391 538 1429 Je
555 1395 612 1417 non
629 1381 827 1429 obsignatam,
848 1386 884 1428 *ut

19 1440 193 1475 tantundem
220 1438 377 1471 redderet,
406 1428 558 1476 depositarii
577 1450 589 1466 ,
618 1428 655 1456 ad
680 1426 883 1471 10¹zqspp·oprzos

20 1482 184 1520 convertit,
205 1475 269 1521 post
282 1485 389 1509 moram
405 1475 439 1504 in
454 1474 554 1514 usuras
569 1478 620 1511 quo
642 1477 674 1498 [ιε
685 1489 696 1505 ,
712 1466 824 1509 judicio
835 1466 881 1512 df-

14 1523 124 1568 positi,
147 1518 377 1554 condemnandus
395 1513 444 1556 est.
491 1512 569 1550 Ait,
585 1515 633 1556 po]
667 1517 795 1554 moram,
811 1515 883 1549 quia

19 1565 120 1599 usurae.
142 1565 173 1597 in
191 1559 321 1604 depositi
338 1557 482 1596 afflone,
512 1561 548 1586 ut
566 1552 596 1584 ὅ(
611 1561 644 1583 in
664 1558 778 1582 ceteris
792 1549 882 1580 bonae

18 1607 93 1642 fidei
115 1605 256 1647 judiciis,
278 1610 318 1633 ex
333 1608 421 1631 mora
437 1596 545 1629 venire
561 1593 663 1639 solent
687 1592 706 1623 l.
725 1601 755 1634 3.
781 1591 813 1622 C.
826 1589 886 1637 De-

13 1648 75 1692 pff
108 1655 181 1680 ante
203 1652 320 1678 moram
344 1641 441 1682 igitur
462 1638 483 1671 fi
507 1634 659 1677 ejusmodi
683 1631 885 1674 depositarius

61 1690 186 1722 cuniam
205 1697 269 1720 non
287 1683 476 1723 obsignatam
493 1679 530 1710 ad
554 1675 626 1722 usus
670 1674 793 1721 roprios
810 1683 884 1706 con-

19 1731 174 1771 verterit,
205 1729 333 1771 impune
354 1724 454 1757 feret:
484 1729 556 1753 nam
575 1728 628 1760 qui
657 1724 799 1764 epona,
823 1722 887 1762 tan3

18 1773 151 1807 tundem
165 1777 365 1813 recepturus,
390 1764 443 1796 vel
454 1787 464 1803 ,
498 1761 582 1837 {Quod
599 1759 727 1805 perinde
742 1756 787 1789 est
798 1779 809 1797 ,
832 1766 886 1799 qui

18 1816 184 1858 pecuniam
209 1809 340 1854 deponit
367 1816 432 1839 non
454 1804 495 1836 ob
509 1809 664 1845 ignatam,
686 1799 813 1846 videtur
830 1808 885 1841 po-

19 1855 164 1890 testatem
180 1854 284 1887 facere
306 1848 429 1883 utendae
447 1845 598 1889 pecuniae.
644 1841 778 1874 Accedit
794 1840 825 1887 id
835 1841 885 1888 de-

20 1897 156 1942 potitum
183 1895 220 1929 ad
244 1893 345 1927 mutui
373 1898 536 1928 naturam,
556 1885 607 1919 sed
625 1892 728 1916 tamen
746 1882 884 1925 Papinia-

20 1949 80 1972 nus
97 1938 130 1972 id
145 1937 251 1970 censet
267 1936 335 1978 jure
354 1931 506 1974 depositi,
535 1929 565 1962 ὅτ.
585 1927 656 1959 ideo
674 1924 743 1968 post
768 1934 887 1958 moram

21 1979 128 2014 usuras
143 1979 250 2012 deberi
275 1976 328 2010 res
345 1968 445 2006 ondit.
491 1972 598 2020 Quare
613 1967 714 2000 usurae
731 1966 886 2014 debebun-

23 2029 94 2064 tur,
115 2031 180 2055 non
222 2020 272 2052 uia
288 2028 308 2050 u
324 2027 359 2050 us
375 2014 421 2048 cst
438 2013 572 2056 pecunia
588 2033 599 2050 ,
627 2009 682 2057 sed
692 2019 765 2051 quia
787 2017 887 2040 mora-

22 2063 142 2096 tusest.
220 2071 257 2093 ec
281 2057 472 2093 contradicit
503 2052 649 2088 Scaevola
673 2061 706 2083 in
734 2051 756 2082 l.
778 2055 828 2086 28.
845 2050 885 2092 ff,

23 2103 132 2147 Depos.
151 2113 223 2136 nam
243 2101 328 2144 quod
357 2099 401 2132 ibi
421 2096 522 2130 usurae
545 2094 717 2127 debeantur
734 2099 807 2124 ante
821 2102 887 2124 mo-

23 2155 110 2185 ram,
140 2145 239 2176 efficit
263 2141 394 2185 epistola
410 2163 421 2180 ,
452 2148 512 2181 qua
538 2135 695 2170 Candidus
722 2133 887 2176 promisit,

25 2186 58 2220 se
78 2193 258 2218 curaturum
276 2208 286 2224 ,
317 2192 356 2215 ne
384 2179 554 2222 Rogatiani
572 2177 705 2220 pecunia
731 2185 826 2217 penes
856 2174 887 2207 se

25 2227 103 2260 effet
122 2236 238 2265 vacua,
262 2222 522 2267 quemadmodum
545 2221 576 2252 &
596 2217 887 2264 GraecusScholia-

25 2269 87 2302 stes
105 2267 286 2300 observavit
305 2265 343 2297 ad
361 2266 389 2295 d.
413 2264 434 2295 l.
457 2271 532 2294 tunc
547 2261 629 2293 enim
649 2259 806 2292 Candidus
817 2258 887 2290 usu-

25 2321 74 2344 ras
92 2310 202 2348 debet,
223 2308 287 2340 five
306 2304 371 2347 ipse
386 2313 427 2336 ex
450 2301 802 2346 pecunia-perceperit,
824 2301 890 2333 sive

26 2361 94 2384 eam
113 2351 145 2383 iu
163 2359 229 2382 rem
252 2347 336 2380 suam
366 2346 507 2377 verterit.
553 2343 627 2376 Pius
650 2342 770 2384 negotii
789 2340 890 2374 faces-

25 2392 63 2428 fit
82 2391 196 2425 Paulus
213 2392 246 2423 in
270 2390 291 2421 l.
313 2399 361 2426 29.
387 2386 415 2428 §.
437 2397 462 2419 1.
481 2385 523 2428 ff.
544 2383 648 2425 Depos.
693 2384 748 2422 Si,
766 2383 888 2425 inquit,

26 2443 64 2467 ex
102 2434 172 2465 errni
195 2443 215 2464 u
231 2441 290 2463 meo
309 2429 432 2471 depofita
442 2428 568 2469 pecunia
587 2428 631 2463 is,
646 2430 735 2465 penes
749 2434 831 2466 quem
841 2426 887 2456 de-

22 2439 114 2519 posga
133 2484 147 2506 e
180 2496 192 2512 ‚
218 2478 337 2510 utatur,
358 2477 390 2502 ut
411 2471 442 2501 in
459 2470 560 2500 ceteris
577 2469 653 2498 bonae
666 2465 740 2507 fidei
754 2467 890 2508 judiciis,

27 2516 125 2558 mitras
141 2517 202 2558 ejus
216 2515 329 2546 nomine
343 2509 479 2554 praesi'are
497 2509 568 2541 mihi
587 2509 711 2550 cogitur.
756 2507 832 2548 Agit
850 2508 890 2539 de

26 2557 202 2600 quantitate
228 2554 386 2596 deposita,
409 2562 482 2584 cum
503 2551 643 2592 alioquin
660 2547 732 2580 usus
745 2549 889 2591 pecuniae

27 2608 92 2631 non
117 2598 256 2639 potuerit
282 2595 344 2627 ess'e
371 2593 533 2636 permissus
548 2616 558 2632 ,
588 2592 618 2624 δε
633 2590 760 2622 videtur
777 2591 862 2623 velle
877 2612 889 2628 ,

27 2646 156 2682 propter
174 2637 261 2670 usum
278 2636 419 2678 pecuniae
441 2634 545 2666 usuras
561 2631 690 2671 deberi,
719 2631 812 2673 idque
827 2640 891 2664 tam

27 2688 120 2719 ante,
143 2688 234 2720 quam
250 2677 320 2720 post
335 2686 463 2709 moram.
514 2675 574 2707 Sed
597 2675 641 2706 ita
655 2673 736 2705 inter
753 2673 892 2716 Papinia-

28 2731 104 2754 num
122 2721 152 2752 in
174 2721 202 2752 d.
223 2721 244 2751 1.
256 2728 307 2759 25.
325 2718 352 2761 §.
370 2728 396 2750 r.
420 2718 450 2750 ὅ(
466 2716 596 2748 Paulum
616 2715 647 2747 in
663 2715 692 2746 h.
713 2716 732 2746 l.
745 2725 795 2752 29.
818 2714 847 2757 §.
864 2724 892 2746 1.

27 2770 94 2798 non
113 2762 305 2799 conveniet,
336 2759 391 2792 nisi
420 2759 582 2797 dicamus,
605 2766 664 2788 nec
683 2757 785 2796 aliud,
806 2755 892 2798 quod

28 2803 186 2841 dicamus,
217 2800 295 2833 mihi
318 2798 491 2839 succurrit,
522 2798 652 2831 Paulum
676 2798 842 2830 admittere
857 2807 891 2828 u-

30 2842 132 2882 suras,
152 2842 175 2874 si
199 2842 268 2883 quis
294 2851 343 2873 me
368 2841 497 2873 volente
514 2841 648 2882 pecunia
666 2849 734 2871 mea
752 2847 860 2871 utatur
879 2862 893 2878 ,

30 2883 83 2916 sed
101 2883 285 2921 admittere,
305 2888 336 2913 ut
351 2883 384 2913 in
398 2883 499 2913 ceteris
518 2883 594 2913 bonoe
605 2881 678 2922 fidei
688 2882 831 2923 judiciis,
850 2889 891 2912 ex

30 2934 120 2958 mora
137 2933 208 2956 nem
257 2947 266 2963 ,
287 2923 326 2953 de
341 2932 400 2964 qua
416 2921 516 2963 specie
531 2923 714 2963 Papinianus
732 2922 843 2954 traCtat
858 2922 892 2953 in

31 2967 61 2997 ᾶ-
82 2965 104 2996 l·
129 2974 179 3004 25·
231 2989 238 2997 =
266 2974 292 2997 1-
323 2963 374 3008 VC}
401 2972 441 2995 CX
461 2964 551 3005 pafto
566 2963 705 3004 adjefto,
725 2963 764 2995 de
781 2972 846 3004 quo
867 2963 891 2994 j-

31 3005 87 3048 pse
103 3006 215 3037 tractat
234 3005 347 3037 Paulus
365 3013 396 3035 in
416 3006 446 3035 d.
467 3005 487 3036 l.
511 3009 560 3036 26.
581 3004 608 3046 §.
631 3014 657 3037 x,
680 3004 721 3045 ff.
743 3004 848 3045 Depos]

74 3047 135 3079 Sed
153 3047 301 3088 quicquid
321 3045 359 3076 de
382 3043 481 3076 usuris
502 3045 657 3085 dicamus,
680 3046 712 3077 id
731 3045 892 3078 nihilomi-

29 3098 90 3123 nus
104 3086 246 3127 constat,
265 3095 302 3120 ut
322 3086 421 3118 locati
433 3109 445 3125 ‚
466 3085 507 3118 fic
524 3086 555 3118 &
567 3085 697 3127 depofiti
715 3087 779 3119 duo
799 3096 889 3128 gene-

915 94 1131 134 ROMANI
1180 95 1268 132 LIB.
1293 95 1396 134 V111.
1449 96 1490 132 C.
1517 93 1566 132 V.
1720 101 1790 138 255·

921 188 954 210 ra
975 177 1055 216 effe,
1078 176 1213 208 alterum
1241 176 1371 216 vulgare
1400 175 1430 207 ὅ(
1449 176 1635 217 proprium,
1658 172 1793 207 alterum

921 220 1024 252 minus
1043 218 1173 259 vulgare
1193 216 1359 257 minusque
1377 218 1550 259 proprium.
1598 217 1649 249 De
1667 217 1729 249 hoc
1740 214 1794 246 Al-

920 261 1012 294 fenus
1028 260 1093 301 agit
1110 269 1141 290 in
1157 259 1184 290 h.
1207 258 1228 289 l.
1247 266 1298 299 31.
1325 258 1355 289 δε
1374 259 1561 299 i'apinianus
1580 259 1610 290 δε
1632 253 1746 290 Paulu's
1762 256 1794 288 iu

920 303 1005 342 illis,
1026 311 1095 344 quae
1111 300 1227 339 adtuli,
1248 299 1414 340 capitibus.
1462 299 1560 344 Quod
1579 308 1682 332 autem
1706 297 1795 331 Alfe«

920 354 979 377 nus
996 345 1040 376 ait
1052 366 1062 382 ,
1087 342 1108 375 fi
1125 343 1157 374 in
1170 340 1314 383 deposito
1333 340 1467 382 pecunia
1492 349 1594 381 neque
1610 341 1794 378 claudatur,

921 395 1020 433 neque
1040 384 1221 426 obsignetur
1234 406 1244 422 ‚
1270 381 1321 414 sed
1338 383 1581 420 adniiiitei·ctui·,
1602 381 1732 423 defungi
1741 381 1793 412 de-

921 427 1121 470 pomarium,
1148 424 1169 457 si
1188 424 1370 457 tantundem
1395 422 1524 462 reddat,
1555 424 1582 454 ei
1602 423 1796 464 consequens

921 470 986 508 est,
1009 478 1074 500 non
1091 465 1242 508 defungi,
1264 465 1286 498 fi
1307 465 1440 508 pecunia
1455 463 1559 496 clausa
1574 464 1732 507 signatave
1743 465 1796 495 de-

924 518 1079 553 ponatur,
1101 517 1176 540 tunc
1195 509 1276 539 enirn
1300 506 1364 549 ipsa
1384 515 1585 539 nummorum
1606 515 1742 538 coriora
1751 514 1798 536 es-

925 553 993 586 sent
1009 551 1171 583 reddenda.
1218 549 1260 581 Et
1278 548 1318 581 sic
1337 548 1382 581 est
1398 549 1550 587 omnino;
1572 549 1643 580 audi
1688 547 1798 579 aulum

925 596 956 627 in
979 594 1000 624 l.
1022 603 1071 630 29.
1098 598 1146 633 pr.
1169 591 1210 632 ff.
1241 591 1345 633 Dequ.
1386 591 1419 622 Si·
1432 591 1585 632 socculum
1612 591 1661 622 vel
1692 598 1799 631 argen-

925 643 986 668 tum
1001 633 1156 676 signatum
1173 635 1341 674 deposuero,
1363 632 1399 668 ὅ)
1416 635 1441 664 is
1452 656 1462 672 ‚
1480 638 1570 673 peries
1595 642 1677 682 quem
1695 628 1800 671 depost-

926 684 985 709 ττιυι
997 676 1065 716 sim
1078 698 1089 714 ,
1113 685 1156 705 me
1176 676 1271 705 invito
1288 673 1514 706 corita-efflaverit
1530 696 1541 713 ‚
1571 674 1608 710 ὅ*
1625 672 1742 715 depofihi
1762 670 1800 705 ἐξ

917 719 1001 760 furti
1029 718 1103 748 aetio
1131 716 1203 746 mihi
1229 717 1261 746 in
1290 726 1354 747 eum
1367 717 1513 757 competit.
1558 716 1663 749 Petita
1679 714 1724 746 est
1745 713 1800 745 illa

926 762 978 793 lex
990 768 1030 791 ex
1049 758 1134 790 Pauli
1155 758 1376 789 Sententiarum
1393 758 1484 789 Libro
1495 757 1532 789 ΙΙ.
1556 758 1609 790 ubi
1626 758 1801 789 etiamnum

926 800 1027 833 exstat
1051 800 1085 831 T.
1103 798 1179 832 XII.
1198 805 1244 839 pr.
1272 807 1306 830 ut
1327 801 1356 831 ἃ
1374 799 1404 831 in
1433 800 1536 831 Collat.
1568 799 1641 833 LL.
1670 797 1798 840 BIcfiziC.

927 843 963 878 ὃ)
984 842 1070 873 Rom.
1104 841 1137 872 ¹1¹.
1161 840 1205 872 X.
1237 841 1288 871 loc.
1313 850 1341 881 7.
1372 840 1424 871 ubi
1444 849 1547 872 tamen
1556 841 1702 883 sacellum
1722 839 1798 881 legi-

930 892 1061 929 tur-pro
1077 882 1247 924 sacculum,
1280 882 1310 913 ἃ.
1335 882 1500 914 omittitur
1510 882 1686 930 figizatun25
1714 880 1800 924 quod

928 932 1036 957 omitti
1055 933 1119 955 nou
1138 923 1292 960 debebat,
1313 925 1386 965 quia
1409 926 1447 955 ab
1467 934 1506 956 eo
1524 926 1593 956 solo
1615 925 1732 966 pendet
1749 922 1800 954 vis

928 965 1099 1004 orationis,
1117 963 1239 1006 figmata
1255 965 1372 1007 quippe
1382 969 1511 1007 pecunia
1521 990 1530 1005 ,
1541 966 1650 998 eadem
1669 965 1799 997 redden-

927 1009 965 1039 da
979 1006 1041 1045 est,
1067 1015 1130 1037 non
1157 1006 1352 1039 tantundem.
1399 1007 1586 1051 Obsignatio
1602 1008 1722 1039 indicat
1738 1006 1801 1038 arii-

927 1058 1015 1081 inum
1038 1047 1227 1093 deponentis
1245 1071 1255 1086 ,
1289 1049 1431 1088 pecuniae
1454 1050 1511 1081 usu
1528 1049 1570 1081 fic
1589 1050 1686 1081 tacite
1705 1050 1802 1080 inter-

924 1090 1019 1122 dicto.
1066 1089 1099 1120 Si
1115 1097 1183 1134 quis
1199 1088 1298 1134 igitur
1318 1089 1417 1130 figilla
1434 1091 1569 1122 revellat
1582 1113 1592 1128 ‚
1617 1092 1646 1122 dc
1665 1089 1801 1132 pecunia

925 1138 1032 1163 utatur
1043 1152 1055 1176 ,
1078 1137 1180 1160 utitur
1196 1129 1301 1172 invito
1318 1130 1470 1170 domino,
1482 1132 1513 1164 δε
1528 1130 1802 1173 tamfurti,quam

925 1171 1057 1218 depositi
1079 1177 1214 1202 tenetur.
1259 1171 1308 1202 Ex
1330 1172 1378 1204 liis
1394 1173 1560 1214 principiis
1574 1173 1705 1205 definire
1724 1173 1803 1204 licet

926 1212 1152 1259 quaestionem,
1178 1211 1259 1258 saepe
1275 1213 1445 1254 agitatam,
1470 1224 1508 1247 an
1525 1215 1653 1254 Scriba,
1678 1215 1802 1246 aliusve

926 1255 1053 1297 publica
1071 1254 1259 1285 au6t01·1tate
1276 1254 1493 1296 constitutus,
1516 1255 1578 1289 fine
1593 1255 1704 1288 fraude
1728 1265 1803 1298 pos-

925 1297 962 1330 sit
990 1296 1036 1344 uti
1061 1295 1193 1338 pecunia
1219 1305 1314 1336 penes
1341 1296 1372 1328 se
1395 1297 1536 1339 deposita
1552 1298 1570 1329 ἱ)
1600 1299 1742 1339 itemque
1763 1306 1804 1329 ari

926 1338 1020 1380 possit
1034 1336 1239 1383 Magistratus
1248 1360 1258 1378 ‚
1283 1338 1336 1379 qui
1350 1339 1479 1379 publice
1494 1347 1624 1372 exercet
1641 1340 1803 1372 tabernam

926 1388 1132 1422 argentariam
1150 1378 1167 1410 ‘.2
1198 1377 1286 1420 posse
1313 1378 1438 1412 scilicet
1461 1381 1524 1413 fine
1559 1381 1671 1413 fraude
1699 1381 1805 1421 cujus-

927 1431 1020 1464 quam
1032 1445 1042 1461 ,
1063 1420 1105 1459 fi,
1129 1426 1165 1451 ut
1181 1420 1281 1462 vulgo
1301 1420 1357 1462 fit,
1381 1422 1419 1453 ad
1437 1423 1648 1464 quantitatem
1666 1423 1804 1465 pecunia

925 1470 1102 1505 deponatur
1113 1484 1124 1501 ,
1148 1470 1212 1493 non
1231 1461 1340 1504 posse,
1365 1462 1387 1496 fi
1398 1463 1574 1506 deponatur
1588 1465 1692 1498 clausa
1707 1473 1804 1506 atque

925 1505 1097 1548 obsignata.

970 1548 1076 1589 Pergit
1105 1546 1262 1596 Alfenus:
1289 1547 1452 1590 secundum
1479 1560 1536 1594 luce
1552 1550 1651 1582 videri
1668 1551 1804 1582 triticum

919 1588 1038 1630 facium
1058 1589 1195 1637 Saufeji,
1207 1589 1243 1626 ὅ)
1253 1593 1326 1623 recle
1344 1593 1453 1624 datum.
1501 1593 1614 1625 Omnis
1629 1591 1805 1633 disputatio

929 1632 991 1678 liuc
1010 1631 1104 1663 redit.
1149 1633 1181 1665 Si
1202 1639 1305 1664 nautae
1323 1633 1502 1667 vehendum
1521 1633 1723 1667 commissum
1738 1632 1810 1665 fue-

926 1680 969 1705 rit
993 1672 1302 1720 fijumentuijvel
1326 1675 1463 1716 quodvis
1492 1676 1597 1716 aliud,
1629 1676 1662 1708 in
1691 1684 1807 1717 genere

926 1713 1125 1761 functionem
1141 1724 1297 1756 recipiens
1307 1739 1318 1756 ,
1351 1718 1404 1749 vel
1420 1717 1443 1749 si
1466 1719 1530 1750 tale
1548 1717 1624 1759 quid
1640 1716 1740 1749 fuerit
1759 1726 1806 1748 ar-

929 1756 1009 1789 tlficl
1036 1756 1199 1796 locatum,
1228 1757 1281 1789 vel
1306 1757 1502 1800 depositum,
1527 1767 1563 1791 ut
1582 1758 1807 1791 committatur

927 1808 964 1830 ea
979 1807 1027 1830 res
1045 1808 1109 1844 non
1127 1807 1274 1839 tanquam
1290 1808 1428 1841 corpus,
1459 1800 1511 1832 sed
1527 1801 1706 1844 quantitas,
1728 1809 1805 1832 nau-

929 1847 1012 1886 tam,
1036 1839 1211 1886 artificem,
1236 1839 1457 1886 depositarium
1483 1852 1549 1876 non
1565 1842 1627 1874 effe
1643 1842 1807 1874 debitore-s

929 1880 1066 1929 speciei,
1096 1889 1129 1913 at
1149 1891 1291 1923 generis,
1326 1882 1414 1924 poffe
1433 1884 1531 1926 igitur
1551 1894 1612 1927 pro
1629 1883 1734 1916 lubitu
1751 1883 1807 1916 vel

929 1924 1012 1970 idem
1029 1931 1145 1964 corpus
1163 1922 1316 1970 reddere,
1349 1925 1402 1956 vel
1422 1925 1525 1964 aliud,
1552 1928 1584 1958 in
1600 1925 1693 1958 simili
1711 1933 1807 1967 quan-

930 1973 1022 1997 titate
1040 1966 1069 1996 &
1107 1965 1239 1997 ualitate
1256 1964 1436 1999 consistens.
1482 1968 1661 2000 Secundum
1672 1966 1741 1998 haec
1752 1967 1807 1998 tri-

930 2007 1031 2053 ticum
1047 2006 1080 2037 vi
1103 2006 1147 2038 eri
1166 2005 1288 2038 factum
1304 2006 1441 2049 Saufeji,
1455 2018 1526 2041 nam
1543 2017 1736 2041 mercatores
1751 2017 1807 2040 no-

930 2047 1020 2081 luisse
1037 2057 1168 2094 quceque
1182 2047 1326 2080 distintta
1346 2048 1393 2080 sui
1408 2048 1563 2083 frumenti
1579 2051 1717 2082 retinere
1734 2059 1805 2081 cor-

929 2099 1026 2132 pora,
1051 2092 1081 2122 dc
1099 2092 1174 2136 ideo
1187 2089 1364 2121 confudisse
1382 2091 1413 2123 in
1430 2101 1632 2124 communem
1643 2101 1805 2129 acervum,

932 2139 1033 2178 iit-ex
1060 2140 1100 2163 eo
1124 2140 1240 2177 cuique
1267 2131 1471 2165 redderentur
1496 2142 1548 2166 tot
1574 2133 1694 2172 modii,
1727 2140 1808 2173 quot

931 2182 1062 2214 quisque
1081 2182 1153 2204 naV1
1169 2172 1371 2213 imposuerat.
1417 2174 1578 2207 Absoluto
1600 2175 1697 2216 igitur
1713 2175 1807 2206 itine-

931 2224 965 2262 re
978 2214 1140 2261 Saufejum
1156 2214 1240 2245 recte
1256 2215 1310 2246 uni
1327 2215 1493 2248 reddidisse
1504 2224 1555 2249 tot
1567 2217 1692 2248 modios
1702 2240 1711 2256 ‚
1726 2223 1807 2258 quot

932 2255 997 2303 ipse
1014 2255 1205 2298 imposuerat
1219 2276 1230 2294 ‚
1259 2265 1325 2288 non
1348 2257 1527 2298 exspectata
1542 2259 1679 2290 aliorum
1692 2257 1807 2299 repeti-

933 2306 1042 2346 tione,
1074 2306 1146 2329 nam
1173 2306 1233 2338 qua
1258 2296 1367 2330 fronte
1391 2299 1556 2340 negasset?
1585 2300 1618 2332 Si
1634 2299 1750 2341 igitur,
1771 2298 1806 2330 vi

931 2349 1068 2387 maiore,
1092 2337 1201 2380 postea
1217 2339 1307 2386 navis
1324 2342 1473 2381 perierit,
1496 2341 1550 2373 vel
1567 2341 1598 2373 in
1618 2348 1731 2382 portu,
1751 2339 1805 2372 vel

931 2391 963 2414 in
981 2381 1115 2427 statione
1127 2403 1147 2427 ,ι
1159 2390 1224 2412 non
1240 2379 1320 2420 esse,
1345 2382 1430 2422 quod
1454 2391 1559 2415 nautae
1577 2381 1806 2424 imputeturja-

932 2423 1019 2469 &ura
1037 2422 1148 2469 reliqui
1166 2421 1329 2454 frumenti.
1375 2423 1470 2455 Plane
1488 2423 1718 2465 utJustinianus
1730 2433 1806 2455 con-

933 2463 1036 2496 stituit
1051 2473 1084 2496 iri
1105 2464 1201 2510 holt.
1228 2464 1259 2494 C.
1285 2463 1389 2505 Depos
1423 2464 1445 2496 fi
1466 2466 1536 2507 quis
1552 2475 1664 2507 nempe
1680 2472 1805 2496 certum

932 2505 1055 2552 pondus
1070 2515 1135 2537 auri
1151 2505 1203 2537 vel
1221 2507 1342 2546 argenti
1360 2505 1541 2547 deposuerit
1551 2531 1563 2547 ,
1575 2507 1721 2550 &plures
1733 2505 1806 2537 sci-i-

932 2546 1028 2588 pserit
1047 2546 1175 2593 heredes
1185 2569 1197 2585 ,
1220 2546 1250 2578 δί
1272 2556 1351 2578 unus
1367 2557 1407 2579 ex
1426 2548 1475 2579 his
1492 2557 1612 2590 partem
1629 2548 1712 2580 suam
1725 2557 1741 2578 a
1752 2546 1804 2578 dc-

932 2587 1083 2630 positario
1112 2588 1271 2629 acceperit
1286 2610 1298 2626 ,
1324 2589 1404 2620 alter
1425 2597 1532 2630 petere
1553 2589 1750 2631 neglexerit,
1774 2588 1807 2619 ὅτ.

934 2628 1042 2671 postea
1067 2629 1242 2670 depositum
1266 2629 1329 2661 sine
1354 2630 1432 2662 dolo
1463 2631 1592 2672 pei-ierit
1612 2653 1623 2668 ,
1654 2629 1804 2662 coheredi

934 2680 1046 2704 contra
1072 2671 1259 2703 coheredem
1281 2671 1436 2703 astionem
1464 2681 1527 2704 non
1551 2671 1630 2710 effe,
1654 2669 1734 2713 quafi
1750 2680 1803 2707 eo,

934 2714 1006 2754 quod
1022 2712 1133 2744 coheres
1154 2715 1289 2754 accepit,
1318 2715 1460 2744 communi
1480 2711 1653 2753 constituto.-
1677 2720 1747 2743 nam
1771 2710 1804 2742 iri

933 2755 991 2786 hac
1019 2753 1123 2796 specie
1139 2778 1149 2794 ,
1181 2754 1262 2786 haud
1284 2752 1372 2786 secus
1388 2763 1481 2796 atque
1502 2755 1534 2786 in
1559 2753 1709 2794 pecunia,
1734 2761 1804 2793 quae

932 2795 1103 2838 deponitur
1118 2819 1128 2835 ‚
1163 2802 1323 2828 numerata
1338 2819 1347 2834 ,
1378 2794 1515 2836 potuisse
1531 2793 1718 2825 coheredem
1734 2803 1802 2835 pai·-

934 2844 998 2869 tem
1016 2837 1101 2869 suam
1121 2838 1281 2878 recipere,
1313 2847 1368 2873 ne,
1395 2836 1517 2877 inquit,
1540 2832 1687 2875 industria
1702 2836 1814 2875 paenass

932 2878 1043 2919 desidite
1051 2879 1161 2920 solvat.
1210 2879 1243 2909 Si
1265 2879 1343 2908 enim
1373 2876 1409 2911 &³
1425 2877 1502 2907 alius
1516 2876 1596 2906 heres
1613 2882 1739 2916 tempora
1755 2881 1802 2916 op-

929 2926 1077 2961 portuno,
1109 2920 1341 2960 quemadmodum
1368 2917 1479 2948 coheres
1503 2917 1584 2958 ejus,
1607 2916 1774 2958 ohservaffet
1790 2941 1804 2956 ‚

935 2961 971 2996 ἐξ)
981 2962 1068 3003 sicam
1092 2966 1208 3001 uterque
1233 2960 1393 2998 reciperet,
1421 2957 1654 2998 &sequentibus
1674 2959 1799 2990 alterca-

934 3004 1059 3035 tionibus
1077 3003 1196 3032 minime
1224 3001 1300 3031 locus
1324 2999 1543 3040 relinqueretur.
1590 2999 1805 3041 Exemplum,

932 3045 1017 3086 quod
1035 3042 1176 3084 apprime
1191 3040 1237 3073 est
1250 3042 1283 3073 in
1301 3049 1366 3072 rein
1382 3039 1579 3081 praesentem.
