2008 3436
191 115 239 151 88

190 200 273 228 ram,
296 191 382 231 quod
399 198 434 222 tu
455 190 600 230 reponis,
624 198 679 220 non
693 186 887 227 defenffiribus
901 183 964 226 zstix
982 193 1045 226 ege—

192 242 272 271 mus,
295 232 357 272 jam
376 230 449 262 satis
468 231 535 262 illic
552 230 616 261 loci
633 231 748 261 iveram
765 226 930 268 probatum
942 249 952 263 ‚
977 226 1046 256 Ivo-

189 282 262 305 nem
287 282 352 304 non
382 272 609 309 Auchenfflcas,
633 278 800 310 carumque
826 268 919 298 verba
936 266 1047 298 recita-

191 324 247 352 re,
271 313 321 346 sed
337 313 397 345 alia
421 312 631 345 Novellarum
660 309 855 351 compendia.
902 308 998 352 Quod
1026 306 1049 338 fi

191 365 257 388 non
275 355 382 386 credas
407 353 527 391 adhuc,
551 354 638 393 lege,
663 361 756 394 quam
779 350 822 381 ibi
841 350 952 388 laudo,
974 348 1047 388 juli-

191 397 242 429 ani
273 395 446 437 Epitomen
476 393 688 425 Novellarum
712 392 782 424 Lib.
817 390 843 423 I.
878 390 938 421 Tit.
971 388 1048 420 XV.

193 439 225 470 ὅ(
244 437 349 476 disce,
372 437 502 468 Ivonem
522 435 559 466 P.
584 434 647 467 III.
676 434 708 465 C.
734 437 802 472 184.
828 430 967 463 retulisse
986 439 1049 461 non

190 479 323 519 alicujus
347 476 551 510 Authenticae
567 499 576 514 ‚
610 484 642 507 at
664 484 742 506 vero
768 473 856 505 illius
882 471 1049 514 Epitomes

192 519 289 552 verba
306 531 376 550 xum
392 518 485 548 πόδας.

236 561 353 601 Vides,
375 558 547 591 dulciffime
564 555 738 598 Magister,
760 564 792 588 te
818 556 923 587 inanes
947 553 1052 584 turbas

193 601 332 641 dediss‘e3
357 609 427 633 narn
440 599 583 640 quamvis
611 600 642 630 in
665 596 830 629 refutanda
853 595 997 627 Diatriba
1016 604 1052 625 ea

193 651 316 675 tantum
341 641 504 681 selegeris,
528 649 597 680 quae
618 646 690 671 tuto
712 638 866 670 videbaris
886 635 1053 673 lacess‘ere,

193 684 272 716 nihil
291 692 396 715 tamen
421 690 531 712 eorum
553 679 598 712 est
623 680 809 721 quicquam,
833 678 918 719 quod
938 685 969 708 te
985 686 1050 708 non

191 725 280 765 jubet
298 724 431 765 plorare.
477 722 571 753 Vides
583 744 594 760 ,
616 729 649 753 te
667 720 805 762 undique
821 719 954 751 noxium
974 717 1047 756 effe,

193 774 287 806 atque
313 765 391 796 adeo
413 762 527 794 frustra
554 771 701 801 monere,
724 763 859 793 innocuos
875 770 912 792 ne
936 760 1044 790 rodam.

195 806 255 838 Abi
280 806 376 848 igitur
400 813 502 844 nunc,
526 804 556 836 ἀ
579 803 744 836 νὶξὶοτῐτιιῃ
767 811 844 835 cane
869 802 902 834 in
927 808 1045 832 corona

359 108 596 147 CORNELII
620 116 692 145 vm
717 102 1082 143 BYNKERSHOEK
1109 102 1413 139 CONTENTIO
1436 102 1761 138 L1TTERAR1A.

1087 183 1264 215 auditorum
1284 190 1427 220 tum-unu
1450 183 1525 223 quin
1542 182 1649 224 potius
1666 191 1770 228 quaere
1785 181 1944 227 laqueum,

1089 234 1153 265 quo
1181 232 1213 255 te
1236 224 1345 265 perdas
1367 223 1479 262 miser,
1505 233 1575 255 nam
1601 223 1785 264 digmtatem
1808 223 1946 260 stationis
1998 230 2000 240 ’

1092 274 1154 297 tuae
1172 267 1252 297 tueri
1272 274 1337 297 non
1354 272 1456 304 potes.
1478 265 1532 296 Sin
1545 288 1555 303 ‚
1579 274 1616 295 an
1637 264 1668 295 id
1687 265 1833 304 expediat
1845 288 1856 303 ‚
1873 276 1946 300 non-
1994 277 1995 281 ¹

1090 307 1164 338 dum
1181 315 1277 378 aucas
1295 305 1487 337 constituere
1500 328 1509 343 ‚
1532 304 1656 342 rursus,
1678 305 1699 337 fi
1717 306 1793 347 quid
1814 306 1870 338 tibi
1886 309 1948 340 ani-

1091 348 1135 379 mi
1161 357 1202 393 c„
1238 347 1392 387 reliquum
1414 371 1424 384 ‚
1452 346 1534 378 bella
1568 355 1683 384 move,
1705 347 1736 379 ἃ
1767 347 1822 379 illa
1842 348 1947 388 plura,

1091 398 1160 429 quae
1185 387 1328 426 tervasti,
1352 395 1386 418 ut
1411 388 1492 428 gulae
1516 395 1579 418 tuae
1604 396 1762 426 parceres,
1786 389 1891 429 quaeso
1914 399 1950 422 ut

1091 429 1251 470 prodeant.
1298 428 1393 459 Diem
1410 438 1493 460 nunc
1511 428 1628 469 perdidl
1649 427 1784 461 solidum
1809 430 1841 461 in
1868 429 1949 463 refu-

1092 470 1194 517 tandis
1217 470 1307 516 nugis
1333 469 1418 508 tuis,
1442 470 1473 501 in
1495 468 1673 510 posterum,
1698 478 1735 501 ut
1754 478 1785 501 te
1805 471 1950 511 perdam,

1094 512 1161 558 b.¹¹¹¹
1188 510 1259 544 sams
1282 520 1383 542 erunt.
1428 511 1471 542 At
1498 511 1593 550 scius,
1617 520 1666 550 te,
1691 512 1721 543 ni
1749 510 1865 544 scribas
1887 522 1950 544 me-

1096 554 1175 599 }1us,
1200 553 1231 584 ni
1249 561 1312 584 non
1329 550 1530 593 personatus,
1555 553 1611 583 vix
1634 551 1865 593 responsionem
1889 553 1951 586 effe

1096 601 1351 640 1mpe51·aturum:
1376 592 1418 625 fin
1442 601 1545 625 tamen
1568 593 1647 625 mihi
1669 594 1814 626 videatur
1843 595 1951 633 aliter,

1095 644 1155 666 nec
1180 643 1242 673 xta,
1264 643 1299 666 ut
1324 643 1409 666 nunc
1431 635 1596 674 equidem,
1620 644 1669 666 me
1695 636 1807 667 taedeat
1823 636 1952 677 ineptia—

1095 686 1163 708 rum
1188 684 1332 714 tuarum,
1356 675 1519 707 retundam
1546 684 1601 714 te,
1624 684 1658 707 ut
1690 677 1800 718 dignus
1825 686 1877 715 es,
1898 686 1952 718 per

1094 716 1229 758 satyram
1255 716 1425 754 videlicet;
1450 715 1523 748 satis
1544 726 1627 748 nunc
1661 726 1766 751 tecum
1791 717 1871 751 serio
1902 717 1952 759 egi

1092 758 1122 790 &
1140 758 1324 790 clementer.
1371 757 1451 790 Vale
1468 758 1497 790 δε
1516 757 1669 798 refipisce.

853 979 1296 1030 FINIS.

1775 3192 1814 3236 C
1840 3191 1882 3233 O
1907 3191 1961 3236 R-
