2008 3436
305 138 465 175 LIBRI
518 132 881 174 SINGULARIS
929 132 1008 171 AD
1058 133 1098 171 L.
1155 134 1365 179 LECTA,
1416 135 1513 173 CAr.
1541 136 1585 174 X.

681 249 1041 286 CAPUT

1773 143 1817 183 25⁴

1142 250 1187 286 X.

51 337 229 388 Dicebam,
254 345 326 391 quia
347 344 442 390 pasta
465 341 677 377 incontinenti
692 336 793 386 satia
809 336 1017 385 stipulationi
1042 336 1138 384 ineffe
1162 338 1352 381 credimur,
1387 340 1521 386 perinde
1548 338 1627 387 ff,
1652 353 1691 377 ac
1710 339 1742 386 fi
1764 348 1823 387 per·

93 397 238 445 singulos
263 403 382 446 menses
407 406 527 433 certam
549 396 720 441 pecuniam
734 392 934 440 stipulatus,

959 392 1059 440 quoad
1083 392 1207 428 tardius
1225 392 1333 440 solum
1359 393 1455 441 effer,
1482 393 1594 441 usuras
1619 395 1795 443 adJ'ecijffet.

50 500 272 585 Postquam,
294 511 358 549 quo
374 501 413 533 de
426 499 617 542 disputatum
637 498 761 536 fuerat,
785 497 913 529 dixisset
946 495 1001 539 sed
1017 506 1074 538 qua
1097 503 1191 529 mente
1218 498 1287 539 quid
1317 500 1480 540 (liceretur,
1502 501 1737 532 animadvertere
1754 509 1819 531 con-

135 543 266 582 Paulus,
299 543 483 575 lentcntiam
514 541 596 573 suam
621 540 787 573 exorditur
811 540 910 572 illico.

50 587 194 619 Dicebam
208 607 220 623 ,
253 585 351 626 inquit
376 584 434 615 &a
468 583 628 614 vocabulo
648 583 680 615 in
697 581 760 614 foi-i
776 580 913 622 disputa-

51 627 191 659 tionibus
215 625 381 657 admodum
406 624 589 665 frequenti,
613 624 678 656 vid.
702 624 721 654 l.
746 632 802 671 97..
815 623 857 664 ff.
880 623 914 653 de

50 678 114 710 aeq.
132 667 179 698 vel
194 669 288 699 ossiii'tr.
311 667 412 698 [κενεά.
445 666 467 698 l.
492 671 542 708 38.
573 673 620 707 pr.
640 665 680 707 ff.
706 666 739 697 ci'e
763 674 867 711 unitor.
891 664 912 695 l.

54 719 102 752 ¹3-
119 709 159 748 ff.
174 708 267 750 judic.
276 708 396 750 shira&
415 708 435 739 l.
455 717 483 745 9.
503 708 545 749 ff.
562 717 596 739 cie
615 707 700 749 castr.
715 713 781 748 pec.
805 706 858 737 ubi
879 705 916 736 ad

51 750 230 790 exe-izplum
261 751 289 782 b.
313 750 333 782 Ι.
368 749 612 791 Properabatur,
648 750 824 791 quaerebatur
843 767 853 786 ,
886 747 916 778 &

50 801 148 830 mox,
170 792 309 824 dicebam.
356 791 416 823 Vel
442 793 623 830 dicebamus,
654 789 916 832 quemadmodum

51 834 132 866 idem
152 832 265 864 Paulus
282 834 312 864 in
338 833 357 864 l.
382 833 434 864 ult.
453 832 496 874 ff.
511 834 582 885 qyocl
599 842 663 864 cum
680 842 730 871 eo,
754 831 803 873 qui
822 831 855 861 in
875 829 915 860 cil.

47 875 220 908 Praemittit
237 883 341 906 autem
353 897 362 912 ‚
387 883 474 906 more
490 874 576 915 jutis
593 883 656 906 non
675 874 844 909 inusitatO,
867 880 918 902 eo-

52 927 140 956 rum,
173 925 241 957 quae
268 916 466 957 postmodum
485 923 625 955 enarrat,
645 916 798 946 rationem
820 912 917 943 lianc:

51 958 148 1004 Quin
180 960 297 990 FACTA
325 957 588 989 INCONTINENTI
625 964 736 988 FACTA
762 962 919 1002 ST¹,¹TUL².³‘

50 1008 152 1031 'rloNl
182 1008 296 1031 messis
323 1007 548 1030 CREDUNTUR.
602 1000 654 1026 'ias
673 1000 785 1034 raeco»,
810 1001 853 1024 uis
871 1007 912 1030 '54

51 1044 79 1070 n·
97 1040 215 1071 muru!
241 1039 426 1081 haecjeptem
443 1038 557 1076 verba,
582 1047 646 1071 non
670 1038 753 1070 recte
770 1044 913 1082 accepta,

50 1081 222 1125 praesertim
239 1081 269 1112 in
288 1078 377 1111 causa
396 1078 488 1118 sunt,
512 1089 591 1120 quur
609 1087 677 1111 tota
694 1078 781 1110 istaec
804 1079 855 1109 lex
871 1087 913 1109 in-

53 1133 100 1156 ter
115 1123 228 1164 Jeptem
254 1120 423 1153 Damnatus
453 1122 574 1153 dicatur
598 1120 751 1152 familiam
787 1119 912 1151 ducere.

51 1165 176 1211 Quare,
201 1162 221 1195 fi
240 1173 309 1204 qua:
327 1163 492 1203 qualitates
505 1185 515 1201 ,
538 1171 573 1194 ut
592 1163 636 1194 ita
657 1164 792 1208 loquar„
807 1161 916 1206 oecul-

52 1215 94 1238 tae
120 1213 252 1237 numero
277 1203 450 1246 septenario
475 1203 587 1242 insint,
620 1213 670 1235 eas
692 1213 755 1235 non
774 1203 868 1234 fausti
885 1202 916 1233 &

50 1246 186 1289 religiosi
211 1246 287 1288 quid
312 1245 499 1286 portendere
528 1245 751 1277 hariolabimur
778 1253 849 1290 cum
866 1243 915 1274 de-

49 1299 129 1321 voro
147 1288 184 1320 ad
205 1287 456 1329 superstitionem
480 1285 651 1328 Justiniano
670 1287 699 1318 in
728 1283 913 1359 Corzjirrn.sff.

51 1331 91 1364 h.
118 1330 147 1372 ᾗ.
169 1339 197 1362 1.
240 1329 299 1361 Sed
328 1328 390 1360 hoc
415 1336 502 1360 certe
519 1329 618 1367 loco,
653 1336 688 1359 ut
708 1329 738 1360 ἃ
762 1327 838 1359 alibi
878 1337 917 1359 ae-

50 1375 142 1415 pius,
173 1372 336 1413 augurium
360 1369 451 1412 plane
476 1370 668 1402 contrarium
692 1369 839 1412 polliceri
859 1377 915 1402 nu-

75 1422 204 1446 mmum
478 1448 480 1451 ⁸

52 1425 280 1488 ἕἸΟοὲ-ιῆηειητ
298 1455 336 1487 de
355 1448 454 1487 Pastis
474 1453 684 1487 incontinenti
704 1452 916 1499 contractibus

51 1498 128 1539 juris
153 1497 248 1529 stricti
276 1496 387 1528 additis
402 1518 415 1535 ,
444 1505 536 1537 quam
560 1505 600 1528 ex
618 1505 779 1537 proponto
795 1504 915 1528 numeri

52 1539 216 1580 septenarii
244 1546 400 1570 commate
425 1538 524 1579 vulgo
552 1538 671 1570 cudunt
695 1537 886 1583 Interpretes
903 1557 915 1575 ‚

50 1581 122 1614 sed-2
139 1581 266 1622 propi-ia
285 1579 457 1611 locabimus
473 1579 505 1610 in
516 1578 633 1619 adiecta
649 1589 684 1611 ea
701 1579 739 1610 de
754 1588 788 1610 re
807 1577 915 1625 Dispu-

51 1630 162 1655 tattone
181 1621 340 1663 peculiari.
384 1619 508 1652 Diffusa
528 1621 611 1652 enim
628 1630 725 1663 quum
741 1619 778 1652 sit
796 1620 862 1660 eJ'us
870 1620 915 1652 di-

52 1663 190 1705 sputatio
207 1685 217 1702 ,
249 1661 350 1694 visum
371 1661 416 1694 est
439 1662 662 1701 commodius,
685 1661 740 1694 suo
755 1670 822 1693 eam
842 1661 916 1707 loco

51 1706 230 1747 dengnare,
252 1713 343 1746 quam
359 1703 430 1735 heic
448 1704 551 1745 vagari
572 1704 649 1745 pede
667 1704 801 1735 incerto.
849 1703 915 1735 Pla-

50 1756 105 1780 cet
135 1754 239 1779 tamen
262 1745 480 1777 velitationem
513 1746 665 1786 quandam
695 1745 915 1792 praemittere,

50 1788 123 1831 quia
140 1796 194 1828 per
213 1796 338 1820 omnem
355 1786 455 1829 legem
471 1785 643 1829 dispersum
670 1788 809 1820 cernitur
827 1787 918 1828 huius

52 1831 98 1863 rei
115 1837 321 1861 momentum.

95 1870 260 1903 Credimus
278 1871 385 1914 itaque
403 1879 525 1904 certum
548 1871 717 1906 immotum
740 1882 778 1905 ue
791 1871 872 1911 effe,
896 1871 918 1905 fi

53 1913 145 1946 unica
170 1911 189 1944 l.
202 1912 296 1945 Leda
306 1936 318 1953 ‚
340 1921 431 1946 extra
443 1915 520 1954 juris
537 1914 690 1947 ambitum
707 1917 736 1947 el
747 1915 784 1946 'et
801 1914 916 1955 relega·

54 1962 105 1993 ta,
126 1955 282 1987 neminem
307 1964 369 1995 tam
397 1964 510 1988 amotae
527 1957 641 1989 mentis
658 1956 751 1996 fore,
775 1964 811 1988 ut
829 1955 916 1987 dubi-

53 2002 119 2028 tare
129 2018 141 2034 ,
153 1996 274 2035 *nedum
290 1997 441 2029 affirmare
458 1996 620 2030 sustineret
634 2021 646 2037 ‚
668 1998 829 2043 pactiones
844 2006 918 2029 con-

54 2037 203 2070 tractibus
229 2037 342 2071 strictis
365 2039 396 2070 iri
419 2048 532 2080 genere
551 2063 562 2079 ,
594 2040 647 2072 vel
665 2039 861 2081 stipulationi
886 2039 919 2086 in

55 2077 157 2119 specie
172 2089 212 2119 ex
223 2081 402 2119 continenti
417 2081 556 2121 Juncras,
579 2082 690 2114 iisdem
709 2081 826 2113 ineffez
847 2091 921 2127 quia

47 2121 136 2152 ratio
153 2121 228 2160 iuris
244 2121 423 2161 manifesta,
454 2122 655 2164 ejusdemque
676 2123 845 2155 aucioi-itas
860 2123 920 2154 alia

55 2170 162 2193 omnia
178 2160 324 2201 suadent,
344 2163 465 2202 jubent.
516 2163 718 2208 Quapropter
735 2165 787 2196 hic
806 2163 917 2205 suppo-

49 2203 158 2235 nimus
180 2203 197 2243 (
222 2204 284 2235 uod
307 2204 454 2246 deinceps
476 2205 508 2237 in
534 2209 608 2238 loco
628 2207 789 2238 communi
808 2207 842 2237 de
857 2206 918 2238 Pa-

55 2243 110 2275 etis
132 2245 198 2285 adje
229 2247 253 2276 is
277 2244 379 2277 sumus
408 2245 592 2288 probaturi)
624 2247 826 2279 certiffimum
859 2246 921 2279 esse

55 2285 138 2326 Juris
158 2286 292 2318 Romani
310 2287 519 2328 principium,
544 2288 631 2330 pacta
644 2287 740 2321 stric'ti
757 2289 835 2330 juris
843 2299 919 2321 con-

47 2326 232 2366 nauibus,
264 2328 407 2369 quamvis
441 2329 595 2362 continuo
621 2330 725 2362 addita
746 2354 755 2370 ,
788 2331 920 2362 omnino

46 2377 119 2400 non
146 2367 240 2400 ineffe
260 2380 268 2400 ε
299 2368 439 2410 adeoque
465 2379 523 2402 nec
548 2371 702 2403 actionem
718 2372 893 2413 producere
908 2394 919 2410 ,

53 2418 114 2441 nec
129 2409 177 2449 jus
195 2409 302 2452 agendi
330 2409 398 2451 ipso
421 2410 489 2450 jure
504 2419 646 2452 mutare,
670 2413 723 2444 vel
743 2413 856 2445 tollere
873 2414 918 2445 ul-

56 2447 90 2482 lo
111 2450 207 2482 modo
227 2450 333 2491 possc3
358 2451 428 2490 sed,
454 2452 621 2485 secundum
637 2454 794 2494 vulgareis
812 2454 917 2495 pacto-

48 2500 123 2531 ‚rum
141 2493 261 2533 regulas
277 2492 314 2524 ad
331 2494 554 2534 exceptionem
573 2495 733 2536 prodeffe,
757 2505 857 2536 neque
873 2496 919 2528 ul-

48 2538 124 2570 tra,
146 2534 275 2572 perinde
293 2542 329 2565 ac
350 2534 371 2566 fi
387 2544 428 2566 ex
452 2535 623 2568 intervallo
640 2543 847 2578 apponantur.

49 2604 52 2605 γ
97 2573 157 2611 Sed
179 2575 233 2614 qui
260 2575 289 2606 id
305 2574 406 2615 ipsum
425 2586 480 2617 per
499 2576 670 2610 obstanteis
693 2586 854 2617 catervas,
877 2588 918 2611 ex

57 2611 123 2645 sola
143 2614 164 2646 l.
189 2615 281 2646 Laeta
303 2616 392 2657 (nam
408 2617 648 2651 difficultatibus
671 2620 796 2652 aliunde
809 2621 918 2661 petitis

56 2654 91 2687 in
109 2653 314 2702 Dfffirzqtione
332 2657 386 2703 fiet
401 2658 492 2700 satis)
515 2660 663 2692 coiiecias
678 2662 830 2702 explicari
843 2670 916 2702 que-

57 2703 111 2733 at,
139 2705 200 2735 Jam
223 2707 284 2736 Jam
316 2697 544 2740 disquirendum
577 2702 647 2734 erit.
693 2702 916 2735 Duriusculam

57 2745 144 2782 certe
161 2738 312 2777 zamizim,
334 2739 503 2780 praesertim
521 2742 660 2775 securius
675 2745 829 2786 cogitanti
840 2766 852 2782 ,
870 2745 915 2776 in-

55 2785 126 2817 jicit
143 2787 227 2825 nova
245 2778 330 2811 Pauli
350 2782 566 2816 ratiocinatio:
590 2784 826 2824 Dicebamffiit,
847 2788 917 2828 quia

51 2817 143 2859 pacta
169 2821 362 2852 incontinenti
377 2822 464 2861 faeta
490 2826 548 2857 dic.
593 2826 786 2858 Sententiam
802 2833 916 2859 noni-ze

57 2860 244 2899 contrariam
273 2860 414 2894 distentis
428 2887 438 2902 ,
471 2872 505 2896 ut
521 2866 564 2897 ita
584 2867 707 2906 dicam,
728 2867 876 2901 uberibus
900 2879 918 2900 e

56 2899 143 2932 disto
170 2899 281 2940 Verfic-
311 2903 458 2944 emulget]
485 2906 571 2947 posse
593 2908 790 2941 contendunt
817 2910 916 2943 Inter·

56 2949 162 2986 pretes
177 2941 214 2987 ad
234 2952 328 2989 unuin
349 2953 472 2989 omnes:
505 2948 650 2988 inquiunt
665 2951 765 2989 enim,
789 2952 877 2992 pacta
895 2951 918 2984 fi

57 2981 154 3028 insint
165 2981 380 3027 stipulationi,
405 2993 441 3016 ut
458 2986 569 3020 Paulus
587 2989 681 3022 inesse
698 2990 819 3032 scripsit
829 3015 840 3031 ,
864 2994 917 3025 vel

50 3022 96 3057 >ad
113 3026 268 3068 aetionem
286 3024 402 3066 profint
420 3027 574 3065 necefl'um
594 3030 662 3071 est,
685 3033 736 3065 vel
754 3033 862 3066 saltem
879 3034 918 3066 ad

58 3063 285 3109 obligationem
302 3067 450 3107 praeviam
468 3067 534 3109 ipso
550 3070 617 3110 jure
633 3072 816 3107 elidendam.
855 3075 917 3107 ve·-

57 3111 127 3136 rum
153 3113 236 3136 enim
261 3116 338 3139 vero
361 3107 429 3139 haec
451 3112 594 3143 moventi
611 3111 710 3146 ferme
725 3116 788 3155 est,
813 3124 848 3148 ut
865 3123 918 3148 oc-

57 3144 180 3178 cinatui·
206 3145 285 3178 illud
311 3148 446 3189 Alpheni
474 3152 554 3191 apud
577 3152 706 3187 Paulum
723 3157 864 3189 nostrum
885 3158 917 3190 in

58 3184 80 3216 1.
99 3191 173 3259 {egb
185 3186 289 3260 ſjhad
310 3191 404 3222 exbib.
451 3190 524 3223 Non
539 3199 662 3235 oportere
683 3198 773 3230 verba
788 3200 916 3239 captari,

955 541 1069 571 venire.
1114 539 1216 570 Verba
1241 541 1324 572 enim
1353 541 1374 574 fi
1392 551 1428 574 ca
1453 551 1522 583 tes,
1547 551 1719 583 eorumque
1737 541 1823 574 nudo

956 579 1071 611 cortici
1089 580 1264 620 adhaereas,
1283 592 1391 614 verum
1410 552 1472 624 eft,
1491 583 1605 624 JCtum
1622 583 1753 623 dixiffe,
1771 592 1823 624 pa-

957 622 1005 653 Cta
1024 622 1232 653 incontinenti
1261 622 1342 655 facta
1360 623 1556 666 stipulationi
1574 625 1687 664 ineffe,
1712 633 1827 658 verum

957 661 1021 701 est,
1047 663 1125 694 hunc
1142 664 1338 696 locutionem
1358 667 1483 700 unionis
1508 668 1574 699 vim
1592 674 1708 698 tantam
1728 667 1824 699 infer-

959 714 1010 743 re,
1042 711 1077 735 ut
1103 705 1230 746 pei-inde
1255 708 1377 747 ratium
1405 709 1501 748 illud,
1549 708 1611 740 uod
1628 707 1725 748 inest,
1750 718 1824 750 ope-

959 754 1063 784 retur,
1096 755 1188 787 atque
1212 746 1232 778 fi
1256 748 1466 789 stipulationis
1501 749 1534 782 so
1549 750 1691 782 emnibus
1723 751 1823 782 muni-

960 796 1026 819 tum
1047 787 1148 819 foret:
1180 786 1231 819 sed
1259 796 1325 820 tum
1342 790 1451 823 itidem
1471 801 1580 823 vei-um
1599 791 1662 823 ess'e
1681 793 1826 825 evineam

960 827 1087 870 postea,
1119 838 1219 870 neque
1240 829 1369 863 Paulum
1388 832 1486 865 Paulo
1507 834 1702 874 convenire,
1725 841 1828 875 neque

959 870 1112 912 JCtorum
1133 871 1188 902 ulli
1201 893 1213 909 ,
1236 880 1267 902 at
1288 882 1360 904 cum
1376 883 1454 915 vaga
1469 874 1550 915 Juris
1566 874 1681 906 Civilis
1699 876 1826 908 incerti-

962 912 1069 943 tudine
1085 912 1191 951 omnia
1209 921 1397 946 concurrere
1409 916 1569 948 frontibus
1586 916 1728 950 adver-fis.
1755 918 1829 958 Qua

962 960 1066 984 mente
1091 953 1189 994 igitur
1216 954 1247 984 id
1271 956 1394 987 dicatur
1417 958 1710 991 animadvertamus.
1757 960 1826 993 Hu-

956 995 1043 1035 jusce
1068 996 1156 1029 ρίοιως
1173 1016 1184 1032 ,
1209 995 1299 1035 pacta
1324 998 1521 1031 incontinenti·
1548 1000 1609 1031 ἃς.
1639 1010 1702 1032 non
1731 1003 1827 1035 alium

956 1035 1017 1067 ess'e
1045 1034 1165 1067 sensum
1196 1046 1234 1068 ex
1259 1038 1407 1071 Auctoris
1434 1040 1531 1081 scopo
1548 1041 1658 1082 colligi
1676 1042 1762 1082 poss'e
1777 1045 1824 1075 vi-

957 1078 1047 1108 detur
1060 1101 1068 1116 ‚
1094 1086 1206 1118 quam,
1232 1088 1286 1121 pei·
1305 1080 1481 1121 patlionem
1502 1082 1587 1113 illam
1606 1083 1635 1114 in
1654 1081 1732 1115 vers.
1754 1086 1827 1117 Con-

957 1121 1041 1150 vemt
1060 1140 1072 1157 ,
1101 1119 1182 1150 idem
1200 1142 1209 1158 ‚
1234 1119 1381 1153 effectum
1400 1123 1551 1164 siquidem
1574 1124 1769 1166 confideres,
1797 1137 1827 1159 a-

958 1160 1043 1191 etum
1057 1159 1119 1191 effe
1131 1183 1141 1199 ‚
1165 1170 1201 1192 ac
1217 1160 1238 1193 ss
1258 1162 1300 1193 ita
1319 1164 1506 1197 nominatim
1524 1164 1725 1206 stipulatione
1750 1168 1828 1200 fuis->

961 1200 1006 1233 set
1023 1210 1161 1233 cautum.
1207 1202 1311 1235 Verba
1339 1205 1437 1247 igitur
1455 1219 1648 1244 saa-mmmmm
1667 1217 1760 1241 erunt
1776 1219 1827 1241 ac-

960 1243 1121 1289 cipienda,
1146 1243 1314 1277 videlicet:
1339 1256 1393 1288 per
1416 1248 1647 1294 oppositionem
1664 1251 1828 1292 exceptioa

960 1285 1009 1316 nis
1026 1284 1128 1325 pacti,
1153 1282 1245 1317 sortis
1263 1287 1413 1328 petitioni
1430 1290 1624 1329 faciendam,
1638 1290 1829 1333 debitorem,

961 1334 1080 1357 eventu
1095 1323 1254 1367 inspecto,
1278 1328 1311 1360 id
1329 1328 1429 1371 ipsum
1445 1330 1711 1371 consecuturum,
1730 1334 1829 1375 quod,

959 1367 1078 1399 etiamsi
1098 1368 1192 1400 verba
1208 1369 1289 1411 pasti
1307 1370 1339 1403 in
1355 1370 1526 1406 solemnem
1541 1372 1830 1416 stipulationisfor-

959 1417 1042 1441 mam
1057 1417 1213 1455 concepta
1227 1409 1376 1454 fument,
1400 1413 1656 1456 consequeretur.
1701 1417 1761 1449 Per
1777 1427 1830 1460 paa

960 1450 1046 1482 ctum
1062 1450 1158 1482 dilata
1176 1450 1222 1499 eil:
1239 1451 1333 1486 sortis
1348 1456 1490 1496 exastiO,
1523 1457 1663 1499 adeoque
1679 1459 1710 1491 ὅ(
1725 1458 1830 1492 usura-

959 1501 1046 1532 rum,
1070 1491 1243 1538 praesertim
1262 1503 1335 1542 cum
1350 1497 1416 1530 111ae
1423 1521 1433 1538 ,
1450 1507 1491 1531 ex
1508 1508 1596 1531 mora
1612 1500 1747 1540 debitae,
1763 1510 1831 1534 nori

959 1540 1203 1580 committantur
1221 1558 1231 1575 ,
1263 1536 1319 1568 ubi
1337 1539 1424 1571 nulla
1440 1549 1528 1572 mora
1550 1540 1609 1573 fit:
1634 1541 1705 1574 haec
1721 1551 1830 1576 autem

960 1574 1028 1622 fieri
1048 1584 1112 1607 non
1139 1576 1349 1619 intelligitur,
1383 1581 1437 1613 ubi
1451 1582 1538 1615 nulla
1555 1581 1600 1615 est
1615 1584 1753 1624 petitio,
1778 1585 1830 1617 uti

959 1627 991 1649 in
1001 1619 1084 1664 seqq.
1107 1626 1342 1659 argumentatur
1371 1622 1490 1663 JCtus‚
1516 1625 1547 1657 ὅς
1561 1625 1674 1657 valide.
1720 1626 1829 1668 Atque

959 1657 1027 1690 haec
1046 1660 1190 1704 luggeret
1206 1662 1357 1702 exceptio
1371 1664 1451 1706 pacti
1467 1666 1619 1699 conventi
1629 1687 1643 1706 ,v
1650 1676 1753 1709 eoque
1762 1677 1830 1700 mo-

958 1701 1001 1732 do
1025 1707 1216 1742 petitionem
1242 1703 1410 1737 creditoris
1436 1705 1589 1749 infringet
1604 1730 1616 1747 ‚
1653 1718 1691 1740 ac
1713 1708 1736 1741 fi
1759 1709 1829 1751 ipso

960 1743 1027 1785 jure
1044 1751 1162 1788 eannon
1177 1751 1321 1784 teneret,
1344 1745 1407 1779 hoc
1424 1746 1486 1787 est,
1511 1758 1547 1780 ac
1565 1748 1588 1781 fi·
1607 1749 1729 1790 pactum
1743 1749 1830 1783 foret

960 1783 1026 1825 ipsa
1051 1782 1087 1815 sti
1113 1784 1212 1816 ulatio
1229 1808 1240 1825 ,
1273 1786 1304 1818 &
1329 1787 1374 1820 ita
1400 1787 1634 1831 stipulationem
1651 1792 1828 1833 praeceden-

961 1833 1025 1859 tem
1040 1824 1074 1857 su
1104 1826 1208 1858 uliffet
1224 1826 1378 1862 funditus.

1003 1866 1100 1900 Hanc
1115 1867 1180 1900 vim
1199 1877 1240 1900 ex
1263 1870 1555 1915 praescriptionibus
1571 1876 1734 1909 oriundam
1749 1875 1828 1908 Pau-

961 1910 1010 1942 lus
1029 1907 1134 1942 noster
1150 1910 1265 1942 clarius
1280 1911 1393 1946 edocet
1410 1916 1441 1949 in
1466 1917 1486 1948 l.
1514 1926 1583 1950 112.
1602 1917 1644 1959 ff.
1669 1920 1702 1950 de
1727 1919 1769 1951 R.
1789 1919 1830 1960 J.

962 1951 1054 1984 Nihil
1071 1951 1208 1994 interest,
1233 1953 1297 1993 ait,
1310 1955 1367 1996 13pr
1379 1957 1447 1998 jure
1464 1960 1528 1999 quis
1543 1959 1685 1992 affirmem
1703 1970 1760 1991 non
1776 1961 1828 1993 ha-

962 1996 1027 2026 heat
1043 2017 1068 2040 ³.
1086 2003 1126 2024 cm
1147 2001 1201 2035 per
1235 1999 1431 2037 exceptionem
1455 1999 1631 2040 infirmetur,
1683 2001 1829 2034 Eundem

962 2035 1036 2068 vide
1060 2043 1092 2067 in
1112 2035 1132 2067 l.
1161 2045 1230 2075 115.
1249 2035 1282 2082 ·§.
1311 2047 1339 2071 1.
1361 2041 1419 2072 eod.
1453 2040 1483 2072 ὅ(
1506 2042 1537 2074 in
1556 2043 1684 2075 eandem
1705 2042 1830 2077 senten-

963 2077 1039 2109 tiam
1061 2077 1230 2123 Ulpianum
1247 2088 1279 2110 in
1301 2079 1320 2111 l.
1351 2090 1396 2123 13.
1416 2081 1458 2122 ff.
1480 2084 1514 2114 de
1538 2082 1579 2116 R.
1598 2084 1637 2126 J.
1662 2084 1716 2125 qui
1733 2085 1830 2118 idcir-

962 2128 1003 2150 co
1020 2118 1196 2159 astionem,
1229 2123 1420 2162 exceptione
1444 2123 1689 2158 submovendam
1707 2150 1717 2167 ,
1770 2125 1833 2166 uafi

961 2160 1075 2192 nullam
1098 2160 1179 2192 dicit
1209 2161 1241 2193 in
1273 2162 1293 2194 l.
1318 2173 1347 2204 7.
1379 2163 1407 2206 §.
1433 2170 1462 2200 8.
1487 2167 1521 2198 de
1545 2168 1600 2200 dol.
1625 2167 1694 2200 mal.
1741 2136 1831 2212 {uin

963 2203 994 2234 δι
1013 2202 1200 2234 tralatitium
1218 2202 1282 2243 est,
1306 2204 1388 2246 Juris
1410 2206 1506 2239 nostri
1526 2208 1700 2241 Consultos
1720 2209 1833 2251 saepius

961 2243 999 2275 ab
1016 2252 1155 2290 eventu,
1177 2254 1271 2286 quem
1286 2247 1405 2286 ocu10,
1428 2248 1535 2281 dicere
1553 2250 1667 2290 liceat,
1692 2250 1831 2291 juridico

960 2285 1136 2327 praevrdere
1160 2295 1280 2327 queunt
1294 2310 1306 2327 ,
1339 2290 1469 2331 negotia
1485 2291 1612 2330 metiri,
1636 2293 1667 2324 ἂ
1687 2293 1758 2324 inde
1779 2302 1831 2333 ap*-

960 2326 1165 2368 pellationem
1182 2328 1306 2361 ducere.
1358 2329 1407 2362 Ita
1424 2332 1506 2363 aelio
1532 2342 1597 2365 non
1622 2333 1767 2365 habitura
1784 2332 1831 2365 ef*

959 2368 1079 2400 fecium
1096 2392 1109 2410 ,Α
1139 2370 1323 2411 simpliciter
1348 2373 1453 2413 negari
1477 2373 1596 2405 dicitur
1620 2375 1651 2407 in
1681 2375 1704 2407 l.
1733 2384 1761 2407 1.
1781 2381 1827 2415 pr.

954 2411 997 2452 ff.
1021 2411 1059 2441 ad
1084 2412 1193 2444 SCtum
1214 2411 1335 2444 Maced.
1361 2423 1433 2455 quae
1461 2415 1657 2457 caetcroquin
1674 2416 1713 2448 ab
1733 2416 1831 2448 initio

960 2454 1171 2492 competebat.
1196 2454 1217 2485 l.
1244 2462 1293 2485 11.
1325 2456 1385 2486 eod.
1430 2455 1519 2487 Adde
1544 2456 1666 2489 Rubric.
1678 2458 1720 2499 ff.
1743 2457 1827 2506 Qua-

959 2503 1024 2525 rum
1038 2503 1134 2527 rerum
1149 2495 1224 2527 aerio
1243 2505 1301 2526 non
1316 2497 1412 2528 datur.
1458 2497 1518 2529 Sed
1541 2498 1609 2530 haec
1635 2500 1734 2541 vulgo
1751 2507 1828 2531 nota

961 2534 1044 2570 sunt.
1088 2536 1164 2569 Non
1187 2536 1279 2568 aliter
1306 2537 1377 2569 heic
1394 2560 1406 2576 ,
1437 2544 1534 2579 prout
1560 2540 1747 2581 explicitum
1765 2539 1829 2579 est,

961 2575 1025 2608 sese
1043 2587 1091 2610 res
1109 2577 1229 2610 habet:
1246 2577 1268 2610 fi
1284 2579 1354 2620 quis
1369 2579 1454 2611 enim
1477 2580 1648 2618 efficaci-‘im
1669 2582 1750 2623 pasti
1773 2591 1830 2613 no-

962 2617 1014 2649 stri
1044 2620 1228 2661 diligentius
1260 2619 1429 2652 excusserit
1447 2643 1457 2660 ,
1498 2621 1585 2654 illam
1619 2623 1831 2664 deprehendet:

962 2667 1100 2700 tantam,
1131 2670 1168 2693 ut
1191 2670 1300 2693 revera
1325 2661 1405 2694 nihil
1430 2661 1550 2696 interfit
1569 2687 1580 2703 ,
1612 2673 1719 2696 utrum
1743 2663 1830 2696 suam

960 2703 1180 2736 tantummodo
1197 2703 1421 2745 exceptionem
1433 2704 1607 2746 producat,
1629 2715 1667 2747 an
1681 2714 1759 2737 vero
1778 2705 1828 2737 sti-

958 2744 1115 2783 pulationi
1133 2744 1229 2776 ineffe
1242 2744 1338 2777 dicas.-

1000 2786 1094 2826 Juvat
1114 2785 1193 2818 hanc
1210 2787 1525 2827 interpretationem,
1545 2788 1628 2829 quod
1638 2787 1751 2820 Paulus
1761 2798 1827 2821 non

960 2824 1144 2868 fimpliciter
1161 2827 1285 2867 pactum
1303 2827 1388 2869 ineffe
1403 2828 1540 2868 dixerit,
1565 2828 1616 2860 sed
1635 2828 1721 2870 iizeffe
1738 2831 1827 2861 credi.

960 2869 1088 2901 Etenim
1109 2869 1372 2910 quemadmodum
1393 2878 1502 2901 verum
1519 2868 1583 2908 est,
1608 2871 1640 2897 πί
1657 2872 1755 2909 credi,
1779 2872 1828 2902 vi-·

960 2912 1041 2950 deri,
1073 2919 1137 2942 non
1163 2919 1234 2941 raro
1259 2909 1340 2950 apud
1358 2909 1510 2949 Veteres,
1530 2911 1688 2952 praecipue
1705 2911 1804 2952 JCtos
1817 2936 1828 2952 ,

960 2961 1018 2992 pro
1043 2951 1174 2992 fimplici
1201 2949 1370 2982 assertione
1395 2960 1562 2984 occurrere
1577 2975 1585 2991 ,
1628 2961 1692 2993 quo
1715 2953 1754 2984 de
1775 2952 1830 2986 Fr.-

961 2992 1127 3025 Duarenus
1151 2991 1271 3024 Aizniv.
1295 2990 1415 3032 Drspm.
1442 2992 1484 3024 L.
1504 2993 1546 3024 Π.
1573 2993 1605 3024 C.
1635 3002 1683 3025 11.
1708 2995 1827 3027 itanon

959 3034 1062 3066 minus
1088 3042 1199 3064 verum
1228 3032 1293 3070 est,
1316 3042 1408 3073 quam
1426 3034 1562 3066 maxime
1576 3035 1704 3075 proprie
1720 3035 1828 3068 eadem

959 3085 1014 3117 per
1039 3075 1156 3105 ..meua
1181 3072 1322 3114 usurpari
1348 3082 1388 3104 eo
1412 3073 1518 3114 sensu,
1554 3084 1616 3116 quo
1633 3076 1663 3107 in
1679 3075 1783 3108 nostra
1806 3079 1826 3109 l.

960 3130 989 3147 n
1009 3117 1087 3147 credi
1104 3114 1222 3146 distum
1242 3113 1297 3145 est.
1320 3113 1370 3146 Ab
1386 3114 1454 3155 ipso
1463 3115 1560 3148 Paulo
1569 3126 1609 3148 ex
1620 3118 1730 3149 eodem
1743 3117 1828 3162 Que-

953 3155 1083 3199 stz'onum
1100 3165 1195 3197 opere
1212 3155 1392 3197 exemplum
1411 3164 1553 3196 petamus
1571 3158 1602 3189 in
1635 3159 1654 3190 l.
1678 3169 1725 3200 17.
1750 3164 1778 3203 ᾗ.
1801 3170 1826 3192 1.

954 3198 996 3240 ff.
1020 3200 1054 3230 de
1077 3195 1181 3239 irioffic.
1206 3195 1270 3270 τιεέῑ.
1319 3196 1389 3228 Cum
1407 3200 1509 3231 contra
1528 3198 1760 3240 Testamentum,
1784 3202 1827 3232 in·
1847 3214 1852 3217 ·

1741 3243 1809 3283 quit
1819 3263 1833 3280 ‚
