2008 3436
150 105 435 157 QUAEST.
490 101 722 153 JURIS
771 99 1121 144 PUBL1C1‚
1174 100 1667 143 LIB.I.C.XX111.XX1V.

33 193 90 231 fis,
113 198 177 222 non
200 185 400 224 succurrere,
425 186 483 218 hac
506 184 592 217 forte
614 181 722 222 causa,
744 181 830 222 quod
856 182 902 229 in-

31 235 112 276 Juria
135 232 173 264 ad
196 228 414 266 Provinciam,
438 236 508 268 quae
532 225 695 264 dissentit,
720 233 784 256 non
805 232 902 265 perti-

31 285 124 314 neat,
149 273 202 304 vel
219 272 280 303 alia
297 278 505 311 quacunque,
526 268 622 309 longe
637 265 798 299 deteriori.
844 266 901 297 So-

31 319 129 350 cietas
145 315 193 354 jus
213 310 446 353 quodammodo
462 308 673 342 fraternitatis
685 308 718 340 in
737 307 769 340 se
787 307 900 348 habet,

35 361 65 392 &
83 357 154 389 inde
167 353 230 391 est,
247 353 332 394 quod
350 353 444 384 etiam
463 352 495 383 in
517 351 577 383 hoc
596 350 729 382 Foedere
744 350 830 382 Socii
846 350 903 382 fibi

31 399 168 434 invicem
194 393 396 438 promiserint
426 392 640 426 defensionem
663 399 830 432 mutuam,
862 401 903 424 ex

602 490 965 530 CAPUT

1746 115 1814 152 235

945 181 1139 228 qua-utique
1164 180 1367 228 promiffione
1397 190 1595 226 tenerentur,
1629 187 1651 219 si
1678 185 1755 228 justa
1780 186 1818 219 sit

944 225 1112 256 Sociorum
1129 222 1220 255 causa
1233 222 1307 260 ,nifi
1323 232 1391 254 eam
1412 225 1641 266 obligationem
1661 239 1735 260 mox
1758 228 1819 260 tol-

945 266 1024 298 leret
1043 264 1142 297 libera
1157 265 1311 311 qu'usque
1326 264 1509 297 Provinczae
1529 268 1558 299 in
1575 269 1661 300 bello
1678 270 1819 311 gerundo

945 307 1105 338 voluntas.
1150 307 1260 339 Multa
1287 308 1329 339 lic
1353 305 1427 339 satis
1450 307 1520 340 sunt
1538 308 1639 350 justa,
1664 321 1733 352 quae
1753 320 1818 342 non

948 348 1022 381 satis
1038 347 1111 381 sunt
1130 349 1242 382 amica.

1063 486 1270 529 XXIV.

139 587 195 624 De
218 581 428 631 Repreffzliis
452 581 624 626 nonnulla,
651 579 694 622 ἐξ
716 593 758 617 an
783 593 895 618 earum
921 593 1036 630 quoque
1057 583 1117 629 jus
1135 580 1184 628 sit
1206 591 1305 629 penes
1321 580 1472 630 singulas
1497 579 1718 618 Prot-Inciar?

111 681 328 725 eprqffaliarum
347 690 463 714 nomen
478 679 587 720 servo,
599 681 672 723 quia
686 681 810 713 nullum
821 681 905 714 aliud

31 686 109 768 R
133 724 230 765 magis
258 732 370 765 aptum
395 723 539 754 occurrit
556 745 567 762 ,
598 724 685 765 quod
714 733 780 755 rem
806 722 903 765 ipsam

34 767 198 811 lignii'lcet.
244 765 308 798 Alii
325 772 457 797 utuntur
482 773 565 796 voce
586 766 825 812 pignorationis,
851 765 902 798 alii

34 812 108 844 clari
133 809 260 845 ationis,
271 805 322 839 sed
340 814 484 839 neutram
500 815 675 839 convenire
692 806 764 839 satis
780 806 826 838 est
842 816 905 838 ma-

33 851 99 886 nife
130 860 190 882 um.
237 849 376 889 Operam
399 848 533 885 ludunt,
556 857 605 889 qui
626 858 709 888 rem,
733 848 815 890 apud
840 848 903 880 Ro-

31 902 142 927 manos
167 891 362 933 incognitam
379 913 389 928 ,
424 889 539 921 Latino
566 890 726 922 vocabulo
750 899 905 922 conantur

33 936 221 977 exprimere.
262 932 353 975 Apud
370 932 530 964 Romanos
546 930 694 964 foederati
714 932 744 964 &
762 931 851 964 liberi
871 931 905 963 li-

32 978 190 1010 bertatem
210 973 313 1013 suam,
338 982 507 1012 rerumque
527 972 649 1006 suarum
665 972 840 1005 dominium
864 983 904 1005 ae-

33 1028 119 1060 que,
143 1026 238 1057 atquc
258 1015 339 1055 apud
356 1014 407 1052 se,
430 1014 627 1053 retinebant,
651 1014 822 1055 eademque
840 1014 904 1046 Ro-

34 1060 133 1092 manis
156 1057 237 1099 apud
261 1056 435 1088 foedcratos
459 1055 489 1086 &
514 1055 633 1086 liberos
659 1055 907 1096 contingebant,

33 1101 76 1139 fi,
99 1109 133 1132 ut
152 1109 206 1140 par
222 1097 285 1137 est,
311 1096 450 1129 Proculo
467 1095 574 1128 credas
593 1096 625 1127 in
645 1096 664 1127 l.
690 1104 719 1137 7.
740 1103 788 1137 pr.
806 1096 847 1138 ff.
872 1099 906 1129 de

39 1143 124 1183 Capt.
149 1139 186 1175 {5⁹
203 1139 292 1181 posti.
316 1148 379 1169 rev.
412 1135 586 1178 Displicuit
611 1137 710 1179 igitur
732 1137 798 1177 ibi,
822 1138 909 1171 salvo

35 1182 126 1217 amici
145 1181 274 1214 nomine
288 1205 295 1217 ‚
315 1178 436 1212 hostem
455 1187 566 1220 agere,
589 1179 619 1211 ἃ
637 1179 720 1211 bona
734 1181 909 1212 amicorum

37 1234 119 1258 terra
148 1222 288 1263 mai-ique
308 1230 475 1262 occupare.
525 1219 608 1252 Cum
633 1228 739 1253 autem
765 1222 832 1263 ejus
853 1222 909 1255 im-'

36 1265 201 1310 probitatis
217 1264 249 1296 in
268 1272 341 1296 toto
360 1262 432 1304 Jure
445 1262 591 1295 Romano
607 1271 667 1294 nec
689 1263 765 1295 vola
786 1263 908 1303 exstet,

37 1317 96 1342 nec
115 1305 301 1347 vestigium,
326 1304 490 1346 quomodo
505 1303 754 1345 explicabimus,
780 1305 810 1338 &
833 1315 910 1348 quo-

37 1349 152 1388 modo,
176 1348 197 1381 fi
214 1357 263 1380 res
277 1348 323 1380 ita
339 1346 466 1384 tulerit,
482 1344 738 1385 observabimus,
762 1348 848 1388 quod
865 1348 909 1380 in-

38 1399 87 1426 ter
106 1389 266 1432 Hispanos
280 1390 309 1422 &
326 1389 439 1429 Belgas
455 1386 480 1419 F
482 1387 641 1419 oederatos
658 1390 812 1421 convenit
824 1414 834 1429 ,
845 1399 909 1422 non

38 1440 162 1466 tantum
181 1431 208 1474 §.
232 1440 280 1464 11.
305 1429 503 1462 induciarum
525 1439 554 1467 9.
577 1429 654 1470 Apr.
685 1433 775 1468 1609.
803 1430 853 1463 sed
879 1431 910 1464 &

35 1474 66 1549 ἓ.
89 1484 137 1506 22.
166 1473 255 1505 Pacis
273 1470 531 1505 Monasterienfis
547 1481 600 1513 30.
617 1471 684 1512 Jan.
712 1476 790 1513 1648
803 1473 820 1505 ἱ)
830 1473 908 1505 Ver-

59 1526 76 1548 a
103 1515 208 1548 utrobi
235 1523 274 1545 ue
298 1514 366 1546 haec
394 1511 484 1552 sunt;
518 1514 571 1544 dat
600 1522 675 1556 geen
698 1514 817 1547 brl'even
847 1525 909 1547 van

37 1555 168 1600 Ivlarque
194 1567 207 1588 ο
256 1554 459 1597 Repreffalien
477 1554 580 1597 sullen
601 1558 804 1597 geaccora'eert
829 1566 908 1589 wor-

36 1601 114 1638 den,
139 1605 188 1630 ten
211 1608 248 1640 κγ
274 1603 332 1629 met
358 1595 484 1638 ketzniffe
512 1598 700 1639 vansaken,
726 1599 759 1629 in
781 1599 910 1631 dewelke

29 1642 115 1685 fidles
136 1642 162 1672 is
181 1647 224 1672 τοι»
247 1639 344 1671 elaten
364 1640 399 1679 by
418 1649 452 1670 ae
472 1638 774 1672 KEISERLYKE
795 1641 909 1674 WET·

40 1682 143 1717 TEN
163 1681 191 1714 E
255 1680 630 1717 CONSTITUTIEN.
655 1691 692 1713 en
712 1692 753 1714 na
774 1683 807 1714 de
830 1686 911 1714 ordre

36 1724 142 1775 gejielt
158 1726 194 1766 by
213 1723 336 1765 deselve.
359 1722 420 1755 Sed
433 1730 554 1754 tantum
574 1721 658 1755 abest
671 1746 681 1762 ,
707 1731 742 1756 ut
753 1722 910 1765 formam,

36 1765 208 1803 secundum
227 1775 320 1806 quam
350 1765 447 1796 licitae
472 1764 570 1796 effent
588 1764 807 1806 Repressaliae‚
835 1775 909 1798 con-

37 1807 200 1844 stituerint
218 1807 319 1848 Leges
338 1805 513 1845 Caesareae,
538 1816 572 1838 ut
591 1817 640 1839 res
657 1806 722 1848 ipsa
737 1808 828 1848 plane
844 1807 912 1839 fue-

38 1853 80 1885 rit
99 1850 280 1891 incognita,
306 1848 327 1881 fi
347 1858 461 1890 nempe
484 1857 540 1889 per
560 1849 638 1891 leges
659 1849 800 1890 Coestzreas
821 1850 912 1882 intel-

37 1893 170 1935 ligamus
189 1890 424 1932 Jthinlanaeas,
443 1898 476 1922 ut
496 1889 594 1932 vulgo
612 1891 837 1932 intelligimus,
860 1890 913 1923 ubi

40 1936 80 1967 de
101 1933 241 1975 partibus
257 1933 377 1974 agitur,
395 1932 513 1963 nullius
529 1931 668 1972 Imperio
688 1931 842 1973 subJectis.
868 1932 914 1964 Ut

40 1979 130 2008 viros
159 1973 416 2015 sapiennffimos‚
440 1974 492 2014 qui
519 1972 602 2004 hisce
626 1973 723 2014 paCtis
741 1973 913 2006 scribendis

63 2016 261 2054 raefuerunt,
284 2016 322 2046 ab
347 2014 523 2055 ignorantia
549 2013 730 2054 absolvam,
755 2015 833 2047 nihil
859 2016 911 2047 ha-

39 2028 122 2098 geo,
147 2057 230 2098 quod
250 2057 352 2092 dicam
364 2080 372 2093 ‚
397 2055 453 2094 niii
470 2055 557 2087 forte
575 2056 604 2087 in
620 2057 649 2088 d.
667 2055 716 2098 §§.
747 2057 843 2092 IL&
859 2067 911 2089 22.

41 2110 96 2142 per
112 2100 191 2142 leges
210 2098 351 2141 Caesareas
370 2097 432 2129 ess'e
452 2097 693 2138 intelligendum
712 2097 774 2139 Jus
789 2108 912 2130 commu-

41 2152 79 2174 ne
92 2165 102 2179 ,
124 2149 188 2183 quo
205 2142 304 2182 vulgo
317 2140 447 2172 utimur.
493 2139 569 2171 Sive
585 2140 670 2181 leges
690 2139 846 2172 Caesareas
868 2141 914 2172 di-

41 2193 114 2222 cas,
138 2182 201 2214 five
216 2180 534 2222 JusJustinianaeum,
559 2181 642 2213 idem
665 2181 755 2214 dicis.
800 2181 846 2214 Ut
863 2191 913 2214 au-

43 2235 107 2258 tem
132 2223 292 2262 obtinuit,
323 2223 376 2263 Jus
402 2221 638 2262 Justinianaeum
669 2223 817 2264 appellari
851 2223 915 2265 Jus

43 2275 208 2304 commune,
233 2265 276 2295 ita
291 2263 422 2295 viciffirn
441 2264 495 2304 Jus
513 2273 682 2296 commune
694 2274 826 2306 ,genere
835 2275 913 2306 quo-

42 2310 112 2340 dam
131 2305 392 2347 reciprocationis
405 2327 414 2343 ,
440 2305 649 2346 appellabitur
664 2305 726 2347 Jus
746 2307 913 2348 Caesareum.

40 2349 134 2383 Nihil
154 2348 281 2389 quidem
307 2346 391 2378 aliud
405 2355 490 2378 nunc
513 2344 687 2386 succurrit,
712 2357 777 2389 quo
803 2347 913 2380 defen-

41 2392 112 2425 dam
129 2391 197 2422 illas
215 2389 413 2425 locutiones,
439 2388 491 2427 &,
517 2387 590 2420 fific
605 2388 784 2430 intelligas,
807 2399 915 2422 earum

43 2432 199 2466 sententia
224 2430 304 2469 erit,
339 2428 545 2470 Repressalias
566 2439 631 2461 non
656 2429 719 2462 esse
743 2431 915 2472 largiendas

21 2488 23 2490 ·
42 2473 98 2508 nisi
117 2482 188 2505 cum
206 2472 299 2513 plena
316 2470 414 2503 causae
432 2470 638 2511 cognitione,
650 2480 709 2503 nec
726 2471 757 2502 in
777 2471 825 2503 his
840 2481 912 2503 cau-

43 2516 81 2554 fis
95 2514 296 2557 personisve,
316 2523 385 2553 quae
403 2513 501 2553 vulgo
518 2521 536 2543 a
548 2511 745 2552 Repreffaliis
763 2512 916 2544 habentur

43 2559 216 2594 immunes,
238 2564 298 2587 nec
314 2554 369 2586 nis1
389 2554 514 2585 servato
530 2562 570 2584 eo
583 2554 711 2592 ordine,
735 2563 828 2595 quern
843 2553 915 2586 usus

44 2598 177 2639 recepit.
222 2596 252 2629 Is
270 2596 349 2628 ordo
368 2592 434 2633 est,
456 2604 495 2626 ne
519 2593 719 2636 Repress‘aliae
740 2595 915 2627 concedan-

45 2651 116 2679 tur,
129 2639 184 2671 nisi
208 2639 309 2680 palam
325 2638 478 2678 denegata
491 2636 620 2676 juilitia.
669 2636 761 2668 Unde
779 2638 809 2669 ἃ
833 2637 864 2668 in
884 2636 912 2678 ἓ.

71 2692 98 2713 1.
128 2681 158 2712 d.
186 2680 293 2712 Indue.
328 2680 359 2710 ὃ(
384 2678 413 2720 §.
440 2681 491 2709 60.
517 2677 546 2709 d.
576 2677 649 2709 Pac.
679 2678 761 2710 inter
786 2678 915 2710 eosdem

45 2693 203 2764 hispanos
220 2722 251 2753 ἃ
266 2721 375 2762 Belgas
395 2719 580 2751 Foederatos
605 2719 779 2757 convenit,
803 2719 823 2751 fi
840 2719 916 2760 quid

34 2765 127 2796 >citra
145 2763 326 2795 mandatum
350 2761 464 2802 Regis,
497 2760 713 2793 Art-hiducum
739 2768 792 2792 aut
822 2761 915 2793 Ordi-

43 2815 119 2838 num
152 2812 265 2835 contra
296 2813 350 2840 ea,
373 2811 442 2842 quae
467 2801 510 2833 ibi
542 2802 748 2843 placuerant,
785 2801 916 2834 fuiss'ent

47 2845 228 2883 commissa,
260 2853 322 2875 non
349 2843 420 2874 ideo
446 2853 524 2875 mox
555 2853 667 2885 pacem
690 2844 914 2885 rumpendam,

46 2897 146 2928 neque
172 2887 209 2918 ad
233 2895 317 2917 arma
346 2884 535 2916 veniendum
562 2884 644 2923 esse,
675 2895 760 2916 maur
776 2885 827 2927 sal
855 2886 915 2917 wel

47 2929 209 2976 toegelaterg
233 2926 360 2964 wesen,
397 2925 464 2957 IN
500 2925 767 2958 GEVALLE
801 2926 922 2959 VAN

50 2963 362 3002 OPEA‘BARE
409 2965 758 3000 IVEIGERING
801 2968 921 3001 VAN

87 3011 149 3043 US
161 3010 215 3043 TI
225 3010 281 3042 ΤΙ
288 3009 317 3040 E
328 3033 336 3047 ‚
362 3008 425 3039 hem
444 3013 470 3037 te
485 3007 612 3046 voorfien
621 3032 630 3048 ‚
654 3010 741 3051 gelyk
755 3011 911 3053 gehruyke-

949 681 1056 723 Atque
1076 680 1138 712 hoc
1157 679 1203 713 est
1217 681 1271 722 Jus
1290 691 1477 716 commune.
1503 690 1568 723 quo
1588 681 1643 712 diu
1664 678 1726 711 usae
1749 677 1820 711 sunt;

949 722 1090 760 Gentes,
1121 722 1169 762 δι,
1193 723 1346 765 denegata
1369 723 1509 764 justitia,
1540 723 1642 754 adbuc
1669 728 1818 768 utuntur,

949 765 1096 806 quodque
1111 766 1263 797 convenit
1283 773 1419 808 receptae
1436 765 1600 797 sententia:
1616 772 1724 795 eorum
1737 787 1746 801 ‚
1767 769 1820 808 qui

948 808 982 838 cie
998 805 1189 847 Repreffulizs
1209 809 1414 840 commentati
1435 806 1515 839 sunt.
1564 806 1693 838 Interim
1712 806 1818 836 obier-

949 858 1007 887 va,
1033 848 1231 889 Reprefl‘aliis
1252 849 1358 881 locum
1385 859 1449 880 non
1477 848 1558 884 esse,
1584 848 1638 880 nisi
1668 848 1697 878 in
1719 847 1821 883 Pace,

950 891 979 923 &
999 899 1102 922 tamen
1123 888 1258 922 scribere
1275 891 1479 923 Mor-nacium
1494 891 1531 921 ad
1551 891 1644 922 Arm).
1666 890 1822 921 Salonam-

949 942 985 963 πο
1009 933 1041 964 C.
1069 931 1118 964 Ne
1136 941 1208 963 uxor
1220 939 1274 973 pro
1292 934 1392 964 mczrit.
1417 939 1451 963 ut
1472 933 1509 964 iis
1528 933 1616 964 locus
1636 931 1822 970 &mellum

950 972 1121 1005 defiderari.
1147 973 1324 1015 Perper-am.

993 1014 1190 1056 Denegatam
1209 1016 1304 1059 igitur
1325 1015 1475 1055 justitiam
1499 1015 1699 1057 Repreil'aliae
1721 1013 1825 1046 solent

951 1056 1119 1096 excipere,
1146 1065 1198 1088 eas
1222 1057 1307 1088 enim
1335 1057 1510 1098 accipimus
1541 1067 1599 1098 pro
1626 1058 1776 1094 licentza,
1806 1066 1824 1087 a

951 1097 1099 1139 Principe
1123 1097 1292 1137 concessa,
1316 1100 1493 1139 occupandi
1519 1100 1650 1131 alioruin
1678 1099 1828 1139 pei-ionas

951 1139 1118 1180 bonaque,
1140 1140 1182 1171 ob
1200 1140 1265 1171 vim
1283 1140 1312 1173 &
1333 1141 1497 1180 injuriam,
1521 1149 1615 1172 antea
1637 1139 1698 1171 suis
1727 1140 1827 1172 subdi-

953 1181 994 1214 tis
1012 1181 1131 1213 illatam
1143 1205 1152 1220 ‚
1173 1182 1201 1213 ὅ(
1216 1189 1362 1223 negatam
1380 1182 1420 1213 de
1438 1191 1477 1212 eo
1495 1181 1639 1214 facinore
1658 1181 1826 1221 justitianu

954 1232 1019 1265 quo
1039 1222 1081 1256 fic
1098 1232 1193 1255 manu
1209 1232 1371 1265 reparetur
1387 1223 1552 1262 damnum,
1571 1223 1657 1265 quod
1673 1233 1764 1254 manu
1777 1224 1828 1255 da-

956 1274 1041 1304 tum,
1065 1274 1125 1296 nec
1146 1275 1165 1296 a
1181 1264 1372 1307 Magistratu
1395 1266 1572 1297 coercitum
1589 1264 1644 1297 est.
1693 1264 1744 1297 Ne
1757 1266 1829 1306 quis

955 1315 1061 1339 autem
1083 1315 1202 1338 temere
1219 1307 1258 1338 de
1274 1307 1395 1348 justitia
1416 1307 1565 1348 denegata
1594 1316 1806 1347 conqueratur
1818 1332 1829 1345 ‚

955 1348 1050 1381 variis
1066 1347 1217 1380 Gentium
1236 1349 1336 1381 Paetis
1356 1348 1553 1390 prospectum
1568 1348 1625 1381 est.
1652 1349 1744 1381 Unde
1763 1359 1828 1383 non

955 1389 1012 1424 nifi
1033 1389 1086 1422 sub
1102 1390 1198 1422 modo
1224 1389 1483 1432 Repreffaliarum
1511 1396 1580 1423 uffus
1597 1392 1718 1432 placuit
1743 1392 1774 1423 in
1799 1391 1828 1434 §.

954 1443 1005 1474 24.
1031 1431 1121 1464 Pacis
1144 1432 1226 1464 inter
1241 1432 1364 1474 Anglos
1390 1433 1420 1465 &
1445 1432 1581 1465 Ordines
1601 1431 1773 1464 Generales
1795 1442 1829 1474 5.

954 1475 1029 1514 Apr.
1059 1477 1151 1515 1654.
1178 1473 1238 1516 (1)
1262 1483 1302 1505 eo
1314 1475 1398 1506 enim
1415 1473 1444 1516 §.
1463 1475 1639 1514 convenit,
1665 1474 1828 1516 Repressa-

955 1517 1007 1548 liae
1026 1525 1065 1547 ne
1085 1516 1337 1548 concederentur
1349 1516 1423 1555 ,nisi
1440 1515 1709 1558 Princeps,cujus
1727 1516 1830 1548 subdi-

955 1566 1004 1590 tus
1021 1557 1169 1590 selaesum
1187 1566 1296 1598 putat,
1331 1562 1396 1591 rius
1415 1558 1505 1590 adeat
1523 1558 1700 1600 Principem
1712 1581 1723 1597 ,
1739 1559 1830 1599 cujus

956 1599 1097 1633 subditus
1115 1599 1223 1632 laefiffe
1243 1601 1292 1634 exi
1325 1600 1461 1640 imatur,
1473 1600 1503 1632 δε
1521 1601 1547 1632 is
1563 1601 1646 1632 intra
1663 1608 1726 1632 tres
1746 1610 1832 1633 men-

954 1640 1001 1674 ses
1010 1651 1073 1674 non
1090 1649 1200 1680 curet,
1224 1641 1300 1674 laeso
1317 1642 1366 1682 jus
1381 1642 1455 1674 dici.
1484 1642 1582 1688 Quod
1601 1643 1683 1674 inter
1701 1642 1831 1676 eosdem

955 1684 1129 1726 repetitum
1156 1682 1201 1715 est
1225 1684 1253 1726 §.
1281 1693 1332 1726 31.
1363 1683 1453 1716 Pacis
1480 1693 1533 1726 31.
1556 1684 1618 1724 jul.
1646 1689 1734 1725 1667.
1759 1685 1830 1758 (ad.

956 1726 1045 1767 Saepe
1069 1727 1099 1758 δι
1125 1725 1308 1767 diligentius
1327 1734 1364 1757 ea
1387 1725 1427 1757 de
1452 1734 1486 1757 re
1511 1727 1634 1767 agitur,
1656 1735 1727 1757 nam
1747 1736 1788 1767 po
1820 1745 1831 1751 -

957 1776 1048 1808 quam
1069 1767 1097 1809 §.
1128 1776 1175 1808 17.
1202 1767 1283 1799 Paet.
1310 1766 1490 1800 Commerc.
1517 1768 1599 1799 inter
1617 1767 1736 1809 Regem
1757 1767 1832 1801 Gai-

958 1809 1008 1841 liae
1034 1810 1064 1842 ἀ
1089 1809 1225 1842 Ordines
1255 1808 1426 1841 Generales
1460 1818 1509 1850 27.
1534 1809 1610 1849 Apr.
1639 1813 1731 1841 1662.
1756 1809 1833 1853 (3)

959 1850 1176 1890 convenisset,
1201 1860 1241 1883 ne
1259 1852 1342 1884 ullus
1353 1850 1430 1882 ess'et
1458 1850 1719 1892 Repreffaliarum
1741 1851 1834 1892 usus,

959 1892 1014 1924 nifi
1037 1893 1190 1933 denegata
1205 1893 1343 1933 justitia,
1368 1902 1446 1924 mox
1472 1892 1618 1931 additur,
1640 1892 1720 1924 hanc
1738 1893 1832 1925 dene-

958 1942 1061 1976 gatam
1079 1944 1142 1966 non
1162 1933 1304 1973 censeri,
1327 1934 1383 1966 nisi
1412 1933 1557 1970 libellus,
1583 1943 1647 1975 quo
1669 1933 1830 1975 Repressa-

957 1977 1009 2008 liae
1030 1977 1308 2017 petuntur,etiam
1326 1976 1505 2017 porrigatur
1517 1975 1639 2017 Legato
1660 1976 1726 2016 ejus
1744 1977 1831 2008 Prin-

956 2018 1056 2057 cipis,
1088 2026 1202 2049 contra
1222 2018 1311 2058 cujus
1331 2016 1474 2049 subditos
1499 2016 1537 2049 iis
1557 2018 1602 2049 uti
1624 2016 1834 2050 constitutum

957 2059 1023 2097 est,
1045 2068 1080 2091 ut
1096 2068 1211 2101 nempe
1231 2060 1257 2092 is
1272 2058 1428 2100 inquirere
1444 2058 1565 2099 posset,
1588 2068 1625 2090 an
1646 2068 1757 2100 preces
1780 2070 1834 2091 ve-

957 2101 1051 2132 ritate
1066 2101 1229 2140 nitantur,
1255 2101 1284 2133 &
1297 2124 1306 2139 ‚
1332 2099 1353 2132 s1
1368 2100 1528 2137 nitantur,
1553 2109 1682 2138 curare,
1694 2107 1728 2132 ut
1750 2101 1834 2133 intra

958 2150 1094 2182 quatuor
1111 2141 1232 2174 menses
1247 2142 1323 2175 laeso
1338 2141 1385 2182 jus
1409 2142 1542 2174 dicatur.
1589 2142 1663 2180 Sim
1687 2151 1835 2175 manente

958 2183 1059 2223 Pace,
1085 2183 1178 2226 ipsius
1197 2184 1354 2226 Principis
1381 2182 1428 2215 est
1442 2183 1596 2224 judicium
1621 2183 1662 2215 de
1685 2183 1753 2224 jure
1779 2185 1834 2218 vel

959 2225 1072 2265 iniuria
1093 2226 1250 2267 querelae,
1274 2226 1304 2258 ἂ
1329 2224 1370 2257 fic
1387 2224 1556 2267 Princeps,
1581 2225 1634 2266 qui
1650 2225 1830 2266 judicavit,

958 2267 1049 2299 litem
1066 2265 1149 2299 suam
1167 2266 1259 2300 facit.
1305 2266 1398 2299 Utile
1415 2265 1486 2298 sane
1500 2266 1545 2300 est
1560 2267 1715 2308 ejusmodi
1731 2267 1832 2301 Paetis
1861 2291 1863 2294 ι

959 2308 1221 2349 Reprefl'aliarum
1239 2308 1329 2342 usum
1348 2307 1556 2349 restringere,
1579 2309 1611 2340 in
1631 2315 1735 2340 totum
1749 2311 1834 2341 enim

959 2350 1092 2389 tollere,
1114 2359 1244 2390 eorum,
1268 2351 1322 2392 qui
1346 2359 1410 2381 non
1430 2351 1483 2382 uni
1512 2350 1652 2391 Principi
1680 2349 1830 2390 subsunt,

958 2392 1145 2432 improbitas
1159 2402 1223 2424 non
1241 2392 1373 2435 patitur.
1419 2391 1581 2424 Convenit
1600 2391 1724 2432 quidem
1751 2392 1781 2423 in
1801 2392 1832 2432 G,

958 2442 988 2469 9.
1012 2432 1177 2465 Paetorum
1204 2434 1288 2466 inter
1311 2433 1537 2474 Imperatorem
1565 2433 1771 2465 Marocorum
1799 2436 1831 2465 <Sc

959 2473 1096 2506 Ordines
1121 2474 1292 2507 Generales
1320 2484 1371 2515 24.
1399 2474 1487 2514 Sept.
1519 2477 1610 2505 1610.
1635 2472 1695 2514 (4)
1725 2474 1830 2507 nullas

960 2514 1165 2556 Repreffalias
1191 2517 1242 2548 vel
1274 2515 1500 2555 Imperatorem
1533 2515 1744 2547 Marocanum
1777 2517 1831 2549 vel

962 2556 1097 2588 Ordines
1119 2555 1292 2588 Generales
1310 2555 1372 2587 esse
1388 2555 1533 2595 daturos,
1557 2565 1669 2588 verum
1690 2557 1828 2589 invicem

958 2596 1011 2637 Jus
1028 2598 1058 2629 &
1074 2596 1229 2638 justitiam
1247 2596 1496 2630 administratum
1516 2597 1572 2637 iri,
1597 2597 1650 2630 sed
1669 2599 1718 2629 cui
1743 2599 1831 2631 bono

958 2638 1112 2678 ejusmodi
1141 2639 1336 2678 conventio,
1356 2638 1431 2679 quid
1453 2639 1536 2670 enim
1561 2638 1582 2671 fi
1610 2649 1674 2671 non
1699 2640 1829 2672 admini⁴

959 2679 1102 2712 stretur?
1126 2681 1234 2722 utique
1251 2688 1328 2712 tunc
1346 2681 1425 2712 alter
1442 2679 1591 2721 Princeps
1615 2681 1653 2713 ad
1672 2681 1829 2722 Repreffa-

958 2721 1016 2753 lias
1040 2730 1204 2761 recurret,
1227 2723 1256 2755 ὅ(
1283 2722 1366 2762 aJ'et,
1397 2731 1504 2753 earum
1527 2722 1634 2761 usum,
1665 2724 1757 2754 rebus
1784 2723 1828 2754 ita

958 2761 1178 2804 exigentibus,
1200 2763 1402 2797 necess'arium
1423 2762 1486 2795 esse
1510 2763 1648 2804 coepisse.
1694 2764 1724 2795 Si
1752 2773 1828 2795 con-

958 2804 1102 2844 venerit,
1126 2805 1175 2845 jus
1193 2805 1255 2838 esse
1277 2804 1490 2843 reddendum,
1510 2805 1589 2845 pacti
1609 2804 1685 2836 fides
1701 2803 1746 2835 est
1769 2805 1827 2836 ser-

958 2845 1059 2878 vanda
1076 2870 1086 2886 ,
1120 2847 1172 2878 sed
1195 2857 1258 2879 non
1283 2847 1388 2878 minus
1410 2846 1459 2886 Jus
1484 2846 1602 2877 exteris
1626 2845 1671 2877 est
1697 2846 1827 2878 redden-

958 2886 1030 2918 dum
1043 2910 1055 2926 ,
1078 2888 1197 2921 etiamsi
1215 2889 1254 2920 de
1269 2897 1310 2919 eo
1327 2887 1405 2920 nihil
1425 2887 1592 2928 quicquam
1614 2889 1823 2927 convenerit,

958 2929 989 2961 &
1008 2929 1039 2961 in
1057 2937 1188 2970 utraque
1215 2929 1320 2971 specie
1341 2928 1540 2969 Repreffaliis
1562 2928 1652 2959 locus
1676 2937 1739 2960 non
1761 2928 1826 2969 est,

957 2970 1013 3002 nifi
1032 2971 1183 3012 denegata
1199 2972 1285 3011 prius
1302 2970 1429 3010 justitia.
1470 2969 1514 3000 Ut
1531 2978 1657 3009 quoque
1672 2969 1702 3000 in
1721 2978 1829 3009 totum

957 3012 1165 3051 tollerentur,
1189 3013 1310 3044 diceres
1326 3010 1388 3042 effe
1406 3009 1589 3041 sententiam
1607 3009 1634 3051 §.
1651 3014 1698 3042 16.
1708 3011 1738 3045 d.
1750 3011 1824 3044 Pac.

47 3011 96 3094 Ek
119 3063 165 3092 π,
197 3053 233 3093 by
261 3051 390 3083 Edem-en
415 3058 478 3080 van
499 3048 626 3091 Marque
642 3049 677 3092 of
698 3050 909 3093 Repreffalz'en.
954 3053 1039 3086 inter
1059 3054 1178 3094 Anglos
1196 3055 1226 3086 ὅ(
1245 3053 1379 3085 Ordines
1399 3049 1566 3083 Generales
1581 3060 1612 3091 5.
1633 3051 1708 3094 Apr.
1731 3057 1821 3093 1654.

87 3173 146 3209 (Ι)
172 3173 244 3202 Plac.
268 3174 305 3202 Π.
330 3182 354 3208 4.
377 3175 421 3202 28.
444 3179 470 3200 2.
493 3178 521 3199 2.

89 3213 151 3248 (2)
171 3211 271 3241 Ibidem
291 3213 342 3241 nl.
366 3220 390 3240 1.
414 3218 458 3245 13.
482 3212 526 3240 23.

1751 3104 1824 3136 quia

999 3174 1058 3210 (3)
1080 3174 1181 3202 Ibidem
1200 3175 1236 3202 11.
1258 3171 1376 3209 Append.
1397 3181 1422 3208 p.
1439 3180 1515 3206 2909

998 3214 1059 3249 (4)
1079 3212 1181 3241 Ibidem
1201 3213 1236 3242 11.
1259 3211 1377 3248 Appenni.
1398 3220 1424 3248 p.
1441 3215 1525 3240 2261.

1046 3259 1151 3302 Gge
