2008 3436
107 146 178 178 504
723 127 737 163 1
836 127 874 162 N

143 225 289 260 sequantur
309 220 333 248 ἂ
354 228 410 248 una
434 221 555 259 ceperit,
577 228 610 248 ea
627 218 682 247 sola
707 227 767 255 quae
783 218 875 254 cepit,
897 216 967 244 acci-

142 264 182 299 pit
200 260 328 297 praedam.
811 258 923 289 ll.225.
943 255 967 283 b.

107 301 236 330 Navibus
250 297 364 334 quando
385 295 410 324 ἃ
430 305 550 334 quorum
578 294 729 334 praestanda
750 294 781 323 lit
801 294 968 329 reverentia.

904 334 969 365 278.

109 390 187 399 ———-
210 377 236 404 in
255 375 321 401 mari
336 373 484 410 proximo,
505 372 581 407 quod
605 370 693 399 subest
713 370 839 399 dominio
854 370 969 404 alicujus

147 414 298 450 Principis,
321 412 359 440 est
377 411 538 447 praestanda.
862 408 924 435 ibici.
946 407 969 435 b.

110 467 188 476 -——
213 453 240 480 in
258 451 327 479 mari
349 457 465 479 extero.
490 448 566 485 quod
590 447 618 474 in
640 445 741 475 nullius
764 447 900 481 Principis
921 445 969 473 do-

148 491 236 519 minio
259 489 315 522 est,
337 494 367 516 ut
391 487 531 525 praesletut
554 487 729 520 reverentia,
750 486 822 513 male
841 485 968 518 exigitur.

860 531 924 557 279.
944 532 970 550 a.

110 581 190 591 ·---
209 565 260 594 nisi
281 565 365 602 pactis
388 563 414 591 id
430 562 514 590 fuerit
530 569 711 590 conventum.
907 560 968 589 ibid.

110 620 190 630 „-
212 604 279 641 quid
295 612 327 630 ea
345 601 378 629 de
397 610 425 629 re
447 601 612 629 convenerit
634 601 705 628 inter
726 599 833 635 Anglos
847 598 872 627 &
887 598 971 626 Ordi-

151 652 200 671 nes
215 642 353 670 Foederati
375 639 474 674 Belgii.
864 636 927 665 ibid.
948 636 974 664 b.

114 683 204 711 Navis
222 687 368 715 rerumque
389 680 508 715 pretium
523 685 556 705 an
573 676 666 705 damni
681 675 819 713 praestatio
835 675 973 704 excedere

149 719 239 757 poffit.
906 717 972 748 464.

210 755 336 792 quamvis
352 754 483 789 perierit,
503 752 642 789 Magistro
659 759 751 781 tamen
770 751 911 780 mercedes
928 751 974 778 de-

149 797 267 826 bentur,
292 793 310 821 fi
335 794 395 821 aliis
423 792 561 824 navibus,
583 791 626 819 vel
648 789 784 819 naviculis
800 799 905 819 merces
926 789 975 817 suo

151 835 240 862 sumtu
257 832 291 860 ad
308 831 437 859 dominos
456 829 609 866 pertulerit.
864 836 930 863 47¹·
950 827 974 855 b.

213 872 277 899 navi
294 871 409 905 ejusque
434 869 512 895 oneri
537 867 555 895 fi
579 868 710 896 damnum
732 866 840 895 dederit
861 875 895 894 an
913 887 920 900 ,
950 865 976 893 ἀ

156 908 393 946 quemadmodum
414 906 616 934 resarciendum
637 906 677 934 fit.
909 908 975 939 460.

113 964 194 971 ·-—-
214 956 268 984 qua
283 946 468 983 proportione
485 944 615 973 damnum
631 945 761 979 utrinque
777 944 975 972 communicat.

114 1026 198 1055 Nave
214 1023 335 1060 profecta
347 1043 354 1054 ,
378 1030 410 1049 ex
431 1021 534 1049 statuto
551 1019 810 1049 Amsterdarnmensi
833 1027 890 1047 non
908 1018 978 1047 suffi-

155 1071 233 1095 cere,
256 1069 287 1089 ut
302 1059 438 1097 profeetio
461 1059 645 1095 significetur,
665 1058 715 1087 nili
734 1058 759 1087 ἂ
776 1057 894 1086 addatur
912 1064 979 1085 tem-

154 1109 223 1138 pus,
244 1109 301 1136 quo
318 1098 440 1135 profecta
457 1097 496 1126 sit.
911 1098 976 1130 458.

118 1155 196 1162 ——-—
219 1138 336 1175 perinde
357 1136 427 1170 effe,
446 1143 537 1164 utrum
556 1135 762 1166 Affecuratores
781 1133 808 1162 id
834 1134 920 1162 sciant
943 1142 977 1161 ex

155 1177 344 1206 instrumento
362 1175 585 1207 assecurationis,
609 1182 643 1200 an
665 1173 787 1200 aliunde.
915 1170 978 1199 ibid.

117 1217 214 1246 Naves
236 1213 388 1252 piscatoriae
407 1222 441 1241 an
458 1213 541 1241 etiam
557 1212 754 1239 contineantur
774 1209 896 1245 Legibus
912 1218 976 1273 narg-

154 1255 227 1283 ticis.
869 1251 935 1281 463.
973 1268 979 1275 .

119 1294 209 1322 Navis
230 1291 367 1328 Magistro
393 1288 461 1327 quid
483 1288 550 1323 juris
572 1292 723 1324 competat.
750 1286 817 1316 Vid.
845 1285 981 1322 Magister

156 1339 245 1359 navrs.

121 1370 246 1399 Navium
265 1367 424 1396 bellicarum
441 1372 560 1393 numero
577 1372 611 1392 an
632 1363 683 1392 lint
697 1362 825 1402 Jachten.
869 1364 934 1392 28).
954 1371 979 1390 a.

121 1410 216 1438 Nauta
230 1429 236 1439 .
258 1407 335 1440 cujus
352 1413 452 1433 navem
467 1405 600 1431 mercium
617 1402 884 1430 transvehendarum
899 1401 980 1428 causa

161 1446 253 1474 veetor
269 1444 422 1476 conduxit,
445 1442 487 1470 vel
504 1442 551 1478 qui
571 1441 625 1477 ipse
641 1448 745 1471 merces
761 1438 980 1468 transvehendas

161 1483 317 1519 conduxit,
339 1483 440 1518 quibus
461 1479 568 1508 casibus
584 1486 728 1513 teneatur,
748 1478 791 1506 vel
815 1485 871 1506 non
888 1483 983 1507 tenea·

161 1529 222 1556 tur,
245 1521 264 1549 fi
279 1521 411 1557 navigare
433 1518 582 1556 impeditus
606 1517 689 1546 fuerit
703 1539 712 1551 ‚
738 1517 783 1545 vel
800 1518 878 1545 navis
896 1517 983 1553 perie-

157 1562 203 1588 rit.
894 1556 916 1583 1.
938 1557 985 1589 83.

123 1600 224 1629 Nautae
249 1603 378 1626 tenentur
401 1597 477 1632 Lege
500 1595 630 1631 Aquilia,
651 1594 669 1622 fi
691 1602 787 1622 eorum
810 1594 891 1631 culpa
907 1594 985 1621 navis

159 1639 187 1666 in
202 1637 329 1673 scapham
345 1637 458 1665 alterius
477 1636 619 1663 incurrens
637 1633 767 1661 damnum
786 1632 912 1666 dederit,
928 1639 985 1659 non

163 1676 304 1703 dominus.
792 1673 853 1700 118.
874 1672 898 1698 b.
923 1678 985 1704 119.

125 1723 179 1743 nec
192 1715 293 1742 Naurae
308 1720 360 1740 nec
375 1712 516 1740 Dominus
539 1715 685 1742 tenentur,
708 1709 727 1737 fi
744 1710 822 1737 navis
842 1708 908 1737 fune
924 1717 986 1744 rup-

163 1759 210 1784 to,
232 1757 279 1779 aut
304 1759 366 1778 cum
382 1759 396 1778 a
414 1751 524 1778 nemine
540 1754 699 1785 regeretur,
721 1748 836 1784 impac‘ta
855 1747 893 1775 lit.
924 1754 985 1779 119.

124 1791 225 1821 Nautre
242 1792 268 1817 vi
285 1795 433 1816 ventorum
450 1790 476 1816 in
492 1788 630 1816 anchoras
653 1786 765 1814 alterius
789 1787 866 1814 navis
889 1785 982 1821 impul-

163 1828 200 1861 fi.
222 1828 240 1856 fi
257 1836 305 1856 eos
327 1827 521 1864 praeciderint,
545 1831 675 1853 tenentur
691 1824 739 1852 suo
754 1823 842 1858 facto,
864 1824 948 1853 etiam
969 1822 987 1850 fi

165 1867 245 1895 aliter
261 1866 394 1900 expedire
412 1865 436 1892 se
452 1872 508 1891 non
528 1863 680 1899 potuerint.
924 1861 987 1890 ibid.

128 1906 257 1933 Nauticae
274 1905 361 1938 Leges
382 1903 477 1931 Caroli
495 1904 531 1931 V.
552 1901 577 1931 <St
593 1901 714 1939 Philippi
730 1900 767 1929 11.
877 1900 900 1929 1.
921 1904 988 1934 464·

128 1944 267 1972 Nauticus
281 1943 377 1977 Jaetus.
921 1946 987 1973 470.

127 1982 280 2010 Nauticum
295 1988 432 2008 mutuum.
873 1984 939 2012 425.
961 1985 987 2004 a.

128 2021 156 2047 in
166 2019 264 2047 Necem
279 2019 321 2046 vel
332 2018 475 2056 occifionem
483 2017 593 2053 alicujus
596 2015 661 2053 fieri
669 2015 737 2053 quid
754 2015 866 2044 dicitur.
877 2017 897 2043 1.
908 2023 953 2048 9²·
964 2016 988 2042 h.

126 2058 233 2091 Negari
251 2057 350 2084 dicitur
366 2057 440 2095 raclio
455 2056 583 2083 effoetum
601 2064 657 2083 non
676 2057 813 2083 habitura.
841 2054 879 2082 Il.
902 2061 946 2087 25.
964 2053 989 2080 b.

128 2096 302 2130 Negationes
319 2095 378 2122 duae
394 2103 429 2122 ex
447 2095 588 2122 communi
606 2094 653 2122 usu
669 2102 726 2121 non
742 2098 862 2128 negant,
884 2092 927 2119 sed
943 2090 990 2118 ad-

167 2134 277 2161 firmant
293 2152 301 2165 ‚
330 2133 457 2167 quamvis
484 2136 556 2167 apud
589 2133 702 2160 Graecos
731 2131 831 2158 fortius
859 2135 961 2165 negent
982 2150 989 2162 ,

166 2171 275 2207 quod&
290 2171 317 2198 in
333 2171 471 2205 Linguam
486 2170 614 2197 Latinam
625 2169 773 2205 aliquoties
783 2167 914 2196 transita.
926 2175 989 2202 145.

129 2210 321 2246 Negotiorum
337 2208 429 2244 gestor
445 2216 501 2235 non
519 2207 622 2236 dicitur
638 2207 672 2236 de
687 2208 882 2236 Procuratore.
905 2209 950 2234 26.
965 2215 990 2233 α.

129 2263 204 2270 -—-
229 2247 320 2275 casum
336 2245 450 2282 quando
465 2245 581 2281 praestet.
886 2244 950 2272 ibid.
966 2245 990 2271 b.

129 2286 276 2322 Negotium
292 2292 343 2321 pro
359 2284 498 2312 contractu.
878 2290 943 2317 253.
966 2291 991 2310 a.

130 2325 226 2353 Nexus
244 2323 282 2351 est
302 2323 351 2350 obli
372 2323 441 2355 σιτία,-
463 2322 542 2354 nexi,
564 2321 682 2357 obligati.
881 2328 946 2356 332.
965 2330 990 2347 a.

129 2362 212 2391 Nexu
230 2361 332 2389 tradere
392 2361 551 2395 mancipare
569 2360 645 2394 paria
665 2359 735 2387 sunt.
925 2358 990 2386 ibid.

130 2402 244 2430 Nitrum
260 2407 295 2427 an
317 2397 516 2427 recensendum
538 2398 609 2425 inter
629 2396 806 2428 cunctabunda.
826 2397 864 2426 11.
884 2404 948 2424 211.
967 2397 992 2424 b.

131 2477 253 2507 Nobiles
272 2476 386 2513 quinam
404 2473 571 2511 accipiendi.
881 2442 946 2507 {9}
966 2444 994 2501 Z..

267 2515 358 2544 Curiae
378 2514 536 2543 Hollandiae
557 2512 678 2547 subjeeli.
930 2513 994 2544 298.

267 2553 375 2581 externi
398 2553 604 2580 conveniuntur
625 2557 657 2579 ut
677 2549 789 2587 plebeii.
884 2557 949 2583 299.
970 2559 995 2577 α.

132 2591 287 2621 Nobilibus
311 2592 431 2619 externis
451 2589 630 2628 privilegium
653 2590 749 2618 datum
773 2589 808 2617 de
827 2586 997 2654 redimendciis

173 2630 265 2657 bonis.
649 2632 651 2634 ’
932 2627 968 2653 iln‘
989 2646 996 2654 .

133 2667 279 2698 Nobilitas
296 2667 330 2695 ab
349 2671 466 2695 externo
487 2666 617 2702 Principe
639 2664 765 2693 conceffa
785 2673 819 2693 an
840 2665 868 2693 in
883 2664 997 2700 Belgica

172 2706 287 2734 civitate
306 2704 400 2741 profit.
888 2705 950 2736 289.
971 2703 996 2731 b.

133 2743 251 2773 Nomina
259 2742 400 2782 solemnia,
421 2749 482 2778 quae
504 2739 636 2777 exemplis
657 2740 779 2769 serviunt
803 2740 876 2778 apud
892 2741 995 2777 JCtos,

170 2781 213 2810 vel
234 2781 430 2818 Philosophos.
908 2778 926 2806 l.
949 2786 996 2813 39.

134 2834 214 2843 -—
236 2820 304 2856 saepe
324 2817 544 2848 confunduntur.
839 2825 886 2851 40.
909 2824 951 2851 53.
971 2818 995 2844 b.

135 2872 214 2881 —-
236 2858 310 2890 duo.
332 2857 523 2886 &liberorum
539 2856 684 2885 hominum
695 2876 704 2891 ,
725 2855 808 2884 etiam
824 2854 916 2883 Servis
932 2854 992 2882 dan-

171 2903 216 2924 tur
234 2897 262 2924 in
283 2896 359 2934 Jure.
905 2901 950 2927 40.
971 2902 996 2920 a.

137 2934 293 2963 Nominum
309 2934 486 2971 propriorum
504 2931 667 2961 emendatio
684 2932 752 2970 saepe
768 2930 824 2961 sola
840 2931 999 2966 conjectura

173 2972 287 3006 nititur,
308 2980 360 3000 nec
380 2979 483 3001 temere
503 2970 685 2999 admittenda.
888 2972 932 3004 76.
954 2976 998 3004 77.

138 3010 264 3038 Nomine
281 3011 432 3039 Gentilitio
447 3009 516 3046 saepe
532 3010 657 3038 auetores
678 3008 835 3037 laudantur.
889 3014 953 3042 174.
974 3017 1000 3035 a.

138 3047 167 3075 in
194 3048 351 3077 Nominum
379 3049 557 3086 propriorum
586 3047 719 3084 scriptura
746 3054 847 3081 magna
870 3046 1001 3074 varietas.

762 3092 825 3119 319.
845 3084 869 3112 b.
891 3091 956 3118 ³23·
975 3093 1003 3112 a.

139 3123 265 3167 Nomina
288 3125 421 3154 Gentium
440 3124 563 3155 maribus
583 3122 728 3162 imposita.
746 3130 813 3153 num
836 3128 933 3151 eorum
953 3121 1001 3150 do-

177 3163 291 3190 minium
307 3163 441 3194 tribuant.
834 3161 870 3190 11.
893 3168 957 3195 131.
976 3161 1001 3188 b.

135 3195 220 3236 No'pm
233 3199 312 3238 Κύμη
326 3201 403 3237 quid¹
890 3206 954 3227 110.
975 3207 1000 3230 a,

976 127 1010 161 D
1105 125 1135 160 E
1231 124 1264 159 X

1010 216 1072 245 Non
1094 223 1146 252 pro
1163 224 1213 242 non
1232 219 1342 242 tantum.
1717 211 1739 238 l.
1763 219 1824 241 102.
1845 215 1873 243 ἱ).

1011 256 1079 284 Non
1101 253 1191 281 holles
1213 252 1375 282 censentur,
1396 249 1444 285 qui
1469 255 1629 279 neutrarum
1651 254 1766 288 partium
1793 253 1868 288 sunt,

1049 300 1101 320 nec
1118 299 1150 318 ex
1161 290 1265 318 foedere
1283 291 1323 317 his
1340 289 1427 317 illisve
1437 289 1584 323 quicquam
1601 291 1710 320 debent.
1726 293 1761 320 11.
1774 297 1869 324 208.a.

1013 328 1166 395 ——stquid
1195 328 1286 356 facere
1314 327 1358 356 vel
1385 335 1442 355 non
1468 327 1559 355 facere
1586 328 1686 365 possint
1707 331 1777 359 inter
1798 332 1869 362 duos

1046 368 1084 396 ho
1111 376 1149 394 es.
1805 372 1840 398 ibi
1861 394 1868 400 .

1099 405 1177 433 omni
1199 404 1286 431 modo
1301 402 1403 431 debent
1419 412 1534 436 cavere,
1557 413 1593 433 ne
1615 405 1641 433 se
1655 406 1730 434 bello
1747 372 1869 446 interpot-

1048 450 1130 476 nant‚
1152 451 1242 478 neque
1259 442 1307 470 uni
1328 443 1397 478 parti
1416 444 1551 478 aequiores
1568 444 1617 472 lint
1634 445 1678 472 vel
1701 446 1869 482 iniquiores,

1050 490 1133 519 quam
1151 481 1239 509 alteri.
1760 486 1823 513 ibid.
1845 488 1870 515 b.

1013 536 1087 543 ---
1100 528 1134 548 ex
1151 519 1231 546 causa
1253 519 1375 554 aequiore
1398 519 1462 547 huic
1485 520 1530 548 vel
1552 519 1591 549 illi
1606 529 1663 549 non
1685 521 1787 551 debent
1810 524 1872 560 plus

1051 559 1177 586 minusve
1199 557 1320 585 tribuere
1340 557 1383 584 vel
1404 566 1515 591 negare.
1807 563 1870 591 ibid.

1014 611 1091 619 -——
1102 598 1149 624 uni
1167 596 1238 631 parti
1254 603 1313 622 non
1329 594 1433 623 debent
1450 604 1503 632 ope
1513 597 1629 625 consilio
1644 596 1748 630 adesse,
1763 603 1872 628 necmi-

1053 634 1103 663 lite
1123 633 1248 662 auxiliari
1266 633 1373 667 juvare.
1809 638 1872 668 ibid.

1016 688 1090 694 ——
1104 680 1160 700 non
1179 672 1282 699 debent
1298 671 1437 699 advehere
1453 672 1578 701 alterutri
1593 682 1640 707 ea,
1660 682 1721 710 quae
1736 674 1810 702 bello
1827 685 1872 712 ge·

1054 711 1143 739 rendo
1163 710 1222 738 sunt
1243 709 1400 738 necessaria.
1765 721 1827 748 209.
1847 725 1872 744 a.

1017 748 1273 776 ——frumentum
1290 749 1428 777 advehere
1443 748 1568 786 potsunt,
1591 756 1707 787 excepta
1723 751 1873 782 obfiaronis

1058 787 1173 815 famisve
1193 787 1283 814 causa.
1770 798 1832 820 210.
1848 793 1872 821 b.

1017 827 1086 855 Non
1102 825 1193 853 hostes
1209 825 1347 852 Foederati
1363 823 1388 852 ἅ.
1404 826 1489 854 Socii.
1527 827 1564 854 V.
1586 825 1735 855 Foederati.

1018 865 1131 893 Notarii
1151 865 1234 898 Hagae
1252 865 1410 891 habitantes
1432 872 1466 892 an
1489 864 1564 901 apud
1587 865 1699 893 Curiam
1720 863 1793 894 reete‘
1809 875 1873 895 con-

1057 903 1211 930 veniantur.
1642 910 1705 937 310.
1725 905 1748 932 b.
1770 912 1832 939 311.
1849 915 1875 934 a.

1017 942 1103 971 Notis
1119 939 1289 976 fingendis&
1304 940 1518 976 interpretandis
1534 940 1600 978 saepe
1616 943 1787 978 peccatum.
1798 943 1877 977 40).

1542 983 1589 1013 67.
1611 981 1632 1007 b.
1655 982 1700 1014 84.
1722 982 1745 1008 b.
1768 989 1831 1016 240.
1850 991 1876 1010 a.

1022 1017 1056 1046 de
1071 1017 1157 1046 Notis
1175 1024 1235 1052 quae
1257 1015 1325 1044 fiunt
1340 1017 1503 1051 conjectura
1518 1016 1576 1046 fere
1593 1026 1689 1046 omnes
1705 1019 1799 1047 inanes
1817 1019 1877 1047 sunt

1060 1055 1085 1084 ὅ(
1101 1056 1212 1083 lubricae
1635 1063 1700 1091 317.
1719 1067 1743 1085 a.
1767 1065 1830 1092 340.
1852 1059 1877 1086 b.

1020 1095 1100 1123 Nova
1119 1102 1175 1127 res,
1196 1099 1290 1120 novum
1308 1091 1380 1131 Jus,
1405 1092 1483 1129 quid.
1790 1099 1833 1130 56.
1854 1097 1878 1124 11.

1021 1133 1148 1161 Novatio
1168 1131 1317 1165 Aquiliana
1339 1139 1387 1157 cur
1410 1132 1567 1159 necessaria.
1734 1134 1770 1161 Il.
1792 1136 1835 1168 48.
1857 1134 1880 1162 b.

1021 1170 1149 1200 Novella
1173 1177 1237 1196 num
1260 1170 1294 1195 ab
1320 1169 1488 1197 Auctoribus
1507 1170 1739 1199 Authenticarum
1763 1172 1881 1200 fideliter

1057 1207 1108 1236 {int
1128 1213 1272 1242 excerptae.
1678 1213 1723 1243 65.
1743 1211 1767 1238 h.
1789 1214 1833 1239 66.
1853 1220 1880 1239 a.

1158 1252 1192 1272 an
1218 1244 1334 1271 lrnerius
1354 1252 1400 1271 eas
1421 1249 1451 1272 ut
1473 1243 1575 1280 spurias
1595 1246 1729 1279 rejecerit.
1792 1250 1836 1278 68.
1856 1258 1882 1276 a.

1158 1291 1193 1310 an
1214 1288 1327 1309 mortuo
1349 1283 1436 1310 lione
1460 1281 1570 1310 demum
1592 1291 1714 1319 repertae.
1793 1293 1828 1320 74
1858 1286 1881 1315 b.

1162 1321 1263 1348 Leonis
1279 1319 1303 1347 ἃ
1320 1320 1399 1356 ipsius
1414 1327 1509 1351 aetate,
1531 1320 1555 1348 ἃ
1572 1321 1721 1356 postcum‚
1746 1323 1772 1350 in
1782 1323 1883 1352 Orien·
1914 1340 1917 1346 ‹

1063 1366 1091 1389 te
1107 1359 1298 1388 auctoritatem
1313 1358 1384 1396 Juris
1404 1358 1577 1392 habuerunt,
1599 1367 1657 1387 non
1673 1361 1701 1388 in
1716 1360 1882 1391 Occidente.

1156 1435 1269 1473 quando
1290 1435 1454 1473 prodierint.
1731 1399 1754 1427 L
1778 1409 1842 1466 ζ’ῗιοᾱ.
1858 1410 1887 1468 ⁴b.

1160 1475 1291 1511 quando,
1313 1474 1338 1503 dt
1354 1475 1453 1510 quibus
1469 1473 1574 1502 cafibus
1596 1475 1623 1503 in
1639 1474 1758 1504 Oriente
1779 1476 1886 1505 obsole-

1064 1514 1163 1543 verint.
1827 1514 1859 1541 'b'
1877 1536 1886 1544 .

1027 1564 1135 1576 --—
1160 1552 1245 1581 etiam
1265 1559 1340 1581 nunc
1361 1551 1390 1580 in
1413 1550 1580 1588 quibusdam
1607 1551 1713 1581 casibus
1733 1514 1886 1582 servarinlff.

1028 1631 1150 1664 Nimius,
1171 1639 1223 1667 pro
1245 1634 1376 1658 nocente.
1792 1591 1886 1658 23¹3:

1028 1671 1144 1699 Nubere
1169 1669 1259 1697 viduis
1282 1676 1339 1696 non
1360 1667 1425 1695 licet
1447 1666 1520 1695 intra
1541 1674 1643 1695 annum
1664 1666 1750 1696 luftus
1771 1674 1886 1704 propter

1067 1714 1171 1736 metum
1192 1707 1289 1735 incerti
1310 1712 1414 1742 partus.
1732 1707 1754 1733 1.
1779 1708 1840 1740 158.
1862 1715 1888 1734 a.

1029 1747 1123 1776 Numa
1139 1745 1212 1773 nulla
1227 1745 1388 1782 propinquo
1401 1743 1534 1778 majorem
1552 1742 1652 1771 luctum
1668 1742 1888 1779 indulsit‚quam

1068 1785 1104 1813 X.
1121 1783 1270 1816 menfium,
1292 1783 1337 1811 sed
1353 1782 1457 1810 nullum
1473 1781 1520 1809 ulli
1540 1782 1695 1818 imperavit.
1778 1786 1839 1810 160.
1863 1781 1888 1810 b.

1029 1823 1185 1852 Numeratio
1200 1822 1230 1850 de
1244 1822 1313 1850 domo
1323 1843 1330 1855 ‚
1344 1820 1390 1849 vel
1407 1820 1437 1848 de
1449 1819 1538 1858 mensae
1551 1818 1694 1855 scriptura,
1705 1820 1781 1856 quid.
1791 1821 1827 1848 11.
1843 1828 1887 1854 14.

1165 1869 1251 1896 quare
1275 1859 1342 1888 illud
1366 1859 1396 1887 de
1419 1858 1517 1894 Domo,
1545 1857 1721 1886 cautionibus
1746 1857 1830 1886 fuerit
1849 1859 1889 1886 in-

1069 1900 1178 1928 sertum.
1823 1895 1887 1925 ibid.

1029 1939 1159 1968 Numero
1176 1936 1331 1973 septenario
1341 1943 1407 1963 num
1423 1933 1523 1963 ocultae
1537 1935 1683 1970 qualitates
1699 1934 1789 1963 infint.
1807 1942 1889 1969 254.

1030 1976 1173 2005 Numariae
1188 1976 1228 2003 rei
1246 1974 1369 2002 doctrina
1386 1973 1491 2002 lubrica
1507 1973 1533 2002 ἃ
1548 1974 1664 2002 incerta.
1798 1981 1841 2007 14.
1862 1983 1889 2002 a.

1031 2015 1143 2044 Nummi
1160 2013 1232 2050 probi
1252 2012 1316 2040 reste
1336 2011 1414 2047 quid.
1826 2010 1889 2039 ibid.

1032 2053 1144 2082 Nummi
1159 2054 1221 2078 κατ’
1235 2050 1313 2084 ἐξοχην
1327 2058 1379 2087 pro
1394 2049 1533 2078 minorihus
1555 2049 1682 2083 nummis,
1704 2054 1735 2078 ut
1755 2048 1890 2078 sestertiis.

1032 2131 1172 2159 Nummos
1192 2128 1323 2163 cingere,
1345 2124 1458 2161 fingere.
1828 2132 1890 2159 123.

1032 2168 1166 2197 Numina
1187 2174 1238 2204 pro
1261 2165 1337 2194 omni
1360 2172 1395 2192 eo
1409 2185 1419 2200 ,
1445 2163 1521 2200 quod
1545 2163 1579 2192 ad
1603 2163 1740 2192 nundinas
1760 2163 1892 2200 pertinet.

1782 2205 1844 2235 165.
1863 2211 1892 2228 α.

1034 2244 1150 2280 Nuptiis
1171 2240 1369 2271 contrahendis
1387 2240 1464 2269 furor
1488 2239 1583 2274 obest,
1613 2239 1657 2268 sed
1679 2240 1730 2268 rite
1747 2238 1892 2267 contratiae

1071 2291 1128 2310 non
1151 2281 1308 2313 solvuntur,
1329 2280 1455 2316 quamvis
1471 2279 1505 2306 ab
1521 2279 1573 2306 hac
1589 2278 1682 2315 regula
1701 2278 1790 2314 excipi
1811 2276 1893 2314 poffit

1074 2320 1149 2348 casus
1170 2319 1294 2356 quidam.
1780 2319 1848 2350 267.
1868 2324 1895 2343 a.

1034 2360 1205 2396 Nuptiarum
1221 2355 1350 2384 conditio
1365 2363 1399 2383 an
1415 2354 1516 2384 efficiat
1532 2354 1653 2392 legatum
1668 2362 1755 2391 poenae
1770 2355 1894 2382 nomine.

1121 2435 1126 2440 ,
1293 2433 1298 2438 ,
1654 2401 1718 2428 453·
1737 2393 1760 2421 b·
1783 2400 1850 2427 454·
1868 2399 1894 2419 a.

1036 2436 1151 2471 Nuptiae
1171 2432 1350 2461 favorabiles.
1784 2438 1850 2465 454·
1869 2438 1895 2457 a.

1171 2471 1327 2500 conciliatae
1344 2478 1378 2498 an
1401 2469 1550 2499 admittant
1571 2470 1737 2506 petitionem
1760 2475 1897 2504 proxene-

1773 2507 1808 2533 11.
1831 2513 1897 2540 350.

1075 2511 1133 2539 tici.

1037 2550 1205 2585 Nuptiarum
1229 2546 1408 2576 secundarum
1426 2554 1523 2583 pcenae.
1561 2546 1596 2574 V.
1617 2545 1716 2574 Poenae.

1039 2588 1174 2623 Nuptiale
1190 2587 1315 2623 paetum,
1337 2594 1397 2622 quo
1412 2586 1511 2612 mulier
1529 2583 1576 2611 sibi
1599 2583 1715 2610 servavit
1733 2581 1898 2618 optionem,

1078 2633 1112 2653 an
1132 2625 1237 2653 lucrum
1256 2624 1458 2660 damnumque.
1480 2630 1514 2650 an
1537 2621 1583 2649 sua
1604 2619 1754 2654 duntaxat,
1775 2627 1834 2655 quae
1858 2624 1898 2646 at-

1077 2662 1158 2697 tulit,
1177 2662 1250 2692 salva
1265 2663 1368 2691 habere
1382 2662 1470 2690 malit.
1832 2658 1898 2692 338.

1452 2735 1490 2764 O.

1041 2779 1222 2854 Obligare
1243 2816 1303 2848 lizi,
1323 2812 1399 2850 quid.
1592 2847 1595 2850 y
1764 2809 1787 2838 1.
1807 2815 1852 2842 92.
1873 2806 1900 2835 5.

1042 2855 1076 2883 ad
1093 2854 1286 2891 Obligarionem
1300 2852 1473 2881 innocentium
1487 2850 1568 2882 coire,
1589 2847 1665 2884 quid.
1851 2853 1898 2878 92.

1042 2892 1162 2922 Obseffis
1186 2893 1300 2919 urbibus
1314 2912 1322 2925 ,
1349 2889 1463 2925 castris,
1482 2888 1617 2926 portubus
1640 2895 1676 2915 an
1697 2885 1846 2922 quicquam
1868 2882 1900 2910 li-

1077 2938 1138 2960 ceat
1154 2930 1304 2959 advehere.
1775 2922 1810 2949 Π.
1835 2928 1901 2948 212.

1044 2970 1152 2999 obviat.
1742 2960 1768 2990 1.
1789 2967 1853 2994 234.
1872 2967 1898 2986 a.

1044 3005 1200 3037 Occidendi
1217 3004 1318 3034 liberos
1334 3005 1385 3039 jus.
1425 3005 1462 3033 V.
1483 3003 1590 3032 Liberi.

1045 3045 1206 3083 occupatio
1221 3043 1319 3071 bellica
1337 3042 1452 3080 quando
1471 3048 1558 3070 mutet
1574 3038 1736 3068 dominium.
1756 3035 1898 3068 11.197.a.

1045 3098 1158 3107 —--
1177 3090 1213 3110 an
1237 3081 1271 3110 ad
1288 3090 1349 3112 cam
1372 3082 1527 3118 requiratur
1551 3078 1666 3117 spatium
1693 3083 1738 3110 24.
1759 3074 1900 3145 hoggi-mg:

1044 3173 1156 3184 —-—-
1177 3159 1243 3189 Vld.
1265 3160 1344 3189 Parte
1364 3164 1510 3194 occupata.

1178 3206 1245 3235 num
1261 3198 1418 3242 dominius)
1436 3197 1540 3227 tribuat
1556 3201 1585 3226 re
1600 3191 1702 3222 amiss'a.
1793 3193 1854 3221 1:15.
1873 3193 1899 3212 a.

1842 3223 1897 3252 Oc·
