2008 3436
178 114 249 148 266
471 108 873 146 CORNELII
921 116 1026 144 νΑΝ

175 202 226 231 re,
251 191 302 224 sed
325 200 390 223 non
420 189 532 222 habere
553 189 684 222 Castella
706 189 738 221 in
762 187 850 220 usum
870 187 1037 228 privatum.

178 233 289 277 Quum
302 242 396 265 vero.
420 232 525 272 utjam
544 231 698 269 indicavi,
711 228 907 261 extensiones
927 229 957 260 &
972 237 1038 260 mu-

177 275 315 306 n1t10nes
336 274 466 306 Urbium
485 272 642 313 saepiffime
664 279 821 311 occupent
845 270 1040 311 privatorum

178 315 259 347 aedes
281 316 310 347 δε
327 314 459 354 fundos,
490 316 539 354 ius
558 314 636 344 illud
657 311 854 352 occupandi,
876 310 981 342 soluto
1003 318 1042 341 ex

182 357 314 388 arbitrio
334 356 408 387 boni
429 356 488 387 viri
513 354 638 396 pretio,
663 352 857 393 privilegiis,
882 361 948 391 quae
969 351 1040 382 Ma-

202 397 322 429 ist-ratus
338 398 527 439 impetrant,
551 394 619 426 fere
638 393 787 425 insertum
801 391 864 430 est,
887 401 921 423 ut
944 391 1040 432 privi-

194 439 265 479 egio
283 439 479 472 Leidenfiurn
505 445 554 476 15.
575 435 644 476 Jun.
672 437 763 475 1386.
788 434 818 465 δε
837 432 1043 466 Amsterdain-

796 528 1156 566 CAPUT

1073 102 1667 142 BYNKERSHOEK

1079 184 1228 218 mensium
1264 194 1312 217 10.
1340 184 1419 224 Maj.
1447 193 1536 230 r594.
1559 184 1648 224 cujus
1670 184 1827 228 utriusque
1851 187 1935 235 supra
1984 180 1999 216 *a

1081 227 1220 259 memini.
1263 226 1295 258 Si
1310 225 1424 267 privile
1447 234 1478 256 ιο
1495 225 1652 266 mdigeant
1664 224 1782 266 Urbes,
1805 238 1873 269 quae
1887 240 1934 270 jus

1082 267 1216 308 suffragii
1234 267 1349 299 habent
1367 267 1400 298 in
1446 266 1565 298 omitiis
1581 265 1753 307 Ordinum,
1769 270 1878 310 ecquid
1892 271 1935 310 ju.

1081 308 1200 340 dicabis
1214 308 1254 339 de
1270 309 1307 340 iis
1319 332 1328 347 ‚
1340 317 1407 349 quae
1418 307 1465 347 jus
1481 306 1617 352 suffragii
1635 316 1699 339 non
1715 307 1936 352 habenti>saepe

1083 357 1187 383 tamen
1200 350 1230 382 ὅ(
1239 350 1278 381 de
1293 350 1400 380 harum
1409 349 1610 380 munimentis
1630 349 1819 382 tumultuose
1838 351 1936 384 turba·

1083 396 1150 463 tihm
1165 390 1234 430 est,
1257 389 1309 422 sed
1334 390 1403 422 haec
1422 389 1529 422 omnia
1552 397 1796 423 commemorare
1817 391 1936 434 longum

1084 441 1102 463 0
1128 439 1171 464 et.

1253 530 1349 566 XV.

364 623 416 658 De
440 620 590 656 Dominio
613 621 771 655 eminente
791 617 942 654 nonnulla
956 643 966 658 ‚
996 613 1037 655 ἕξ
1055 615 1092 651 de
1114 615 1308 663 refundendo
1322 618 1427 665 pretio
1451 629 1555 654 eorum
1570 642 1583 661 ‚
1607 629 1674 663 qua·
1685 617 1763 663 jure

838 678 907 724 ejus
933 676 1064 710 dominii
1088 685 1292 723 occupantur.

228 770 268 802 113
287 768 441 811 potestas,
463 776 523 808 qua
541 766 692 807 Princeps
709 763 798 806 supra
813 762 954 794 subditos
972 761 1046 794 erni-

182 771 218 852 I
242 819 318 848 net,
342 811 500 841 dominium
525 810 653 839 eminens
678 806 730 837 vel
748 805 966 846 supereminens
993 813 1045 844 ap-

182 852 303 895 pellant
329 851 505 890 Scriptores
527 849 608 889 juris
635 847 778 884 Publici,
812 844 933 884 sequuti
965 843 1047 876 Gro-

184 895 283 931 tium,
309 893 359 933 qui
378 893 421 923 ita
439 890 567 931 praeivit
586 889 625 920 L.
645 888 668 920 Ι.
693 889 725 919 de
748 887 824 928 Jttre
844 886 879 917 B.
904 884 939 919 69⁹
956 885 992 917 P.
1013 885 1048 919 ὃ)

188 936 220 967 C.
246 944 276 975 3.
300 934 328 975 §.
346 937 375 965 6.
402 943 431 963 n.
451 943 480 963 2.
505 930 586 962 &L
608 931 645 961 ll.
672 930 703 961 C.
724 938 769 968 14.
797 928 862 969 §.7.
884 926 962 961 &8.
986 926 1046 958 Ad-

185 975 304 1008 sentior
323 984 426 1005 tamen
438 971 611 1004 Thomalio
626 971 662 1001 ad
681 969 844 1001 Huberum
858 970 891 998 de
905 967 982 1008 chre
1002 968 1047 999 Ci-

185 1018 292 1048 vitatis
320 1016 358 1047 L.
387 1015 408 1047 I.
437 1013 510 1045 Sec‘r.
531 1024 560 1055 3.
587 1013 618 1043 C.
643 1015 674 1043 6.
699 1021 728 1042 n.
758 1015 809 1053 38.
833 1009 1048 1047 existimanti,

186 1058 302 1090 rectius
328 1057 391 1088 dici
416 1055 574 1096 Imperium
590 1055 740 1090 eminens,
772 1060 864 1092 quam
890 1051 1048 1081 dominium,

186 1101 332 1131 eminens:
343 1107 414 1129 nam
429 1095 578 1138 quicquid
594 1094 659 1134 ejus
675 1094 751 1134 juris
766 1100 915 1124 exercent
930 1091 1048 1122 Princi-

210 1150 241 1172 es
249 1165 258 1179 ‚
269 1137 479 1181 proficiscitur
487 1147 505 1168 a
515 1136 654 1177 suprema
664 1143 772 1165 eorum
781 1131 946 1174 potestate.
959 1131 1049 1163 Unde

186 1151 324 1219 genem,
348 1189 420 1211 cuin
437 1179 499 1210 hoc
522 1177 570 1217 ius
586 1176 795 1216 exprimeret,
815 1172 967 1214 potestatis
991 1181 1047 1202 vo-

186 1228 226 1254 ce
240 1222 308 1254 usus
327 1220 372 1252 est
388 1220 429 1251 L.
450 1219 519 1250 Vll.
543 1219 576 1249 de
602 1215 726 1256 Benefie.
754 1216 786 1247 C.
801 1224 833 1254 4.
858 1214 908 1245 Au*
933 1214 1050 1255 Reges,

186 1264 311 1305 inquit,
333 1260 457 1303 potestas
477 1261 602 1291 omnium
614 1259 764 1298 pertinet,
785 1257 824 1301 uc}
833 1254 964 1296 fingztlos
983 1260 1050 1293 pro-

182 1307 306 1347 pri-'etan
332 1302 472 1336 Potestas
488 1301 542 1331 illa
559 1307 697 1330 emmens
709 1303 879 1337 porrigitur
896 1294 933 1325 ad
946 1293 1050 1340 perso-

186 1357 242 1378 nas
276 1346 305 1376 &
331 1344 413 1375 bona
440 1342 631 1374 subditorum
651 1362 660 1377 ‚
699 1339 729 1370 &
753 1337 848 1368 facile
881 1336 1053 1373 laralentur

188 1396 318 1424 omnes,
341 1394 375 1416 ea
399 1382 535 1419 sublata,
569 1379 742 1411 Civitatem
763 1376 878 1408 salvam
901 1367 962 1408 esse
989 1384 1053 1407 non

187 1427 285 1470 posse.
339 1426 390 1457 Ex
413 1433 448 1455 ea
474 1420 630 1464 potestate
651 1419 769 1450 bellum
796 1418 966 1455 indicitur,
994 1426 1053 1458 pax

186 1469 354 1516 pangitur,
377 1464 497 1497 foedera
514 1464 681 1498 ineuntur,
704 1460 822 1492 tributa
843 1459 873 1490 &
888 1457 1055 1500 vectigalia

190 1517 401 1550 imperantur,
431 1504 546 1537 subditi
566 1510 736 1542 eorumque
764 1501 864 1537 bona,
900 1499 997 1530 etiam
1021 1499 1054 1530 in

187 1551 340 1588 solidum,
366 1547 566 1588 obligantur,
586 1544 662 1585 quin
679 1544 709 1574 ὅ(
729 1548 922 1582 occupantur
937 1550 985 1572 res
996 1538 1054 1572 fin-

190 1592 336 1633 guloruin
355 1614 364 1629 ,
395 1589 415 1622 fi
440 1590 482 1621 ita
498 1586 598 1619 visum
624 1583 723 1616 fuerit
746 1582 894 1623 Principi.
941 1580 992 1612 De
1020 1589 1056 1612 ea

190 1632 346 1673 Principis
371 1629 526 1672 potestate
546 1635 642 1658 nemo
658 1648 668 1663 ,
690 1624 740 1666 qui
772 1623 868 1669 sapit,
898 1622 1057 1667 dubitavit

190 1683 327 1714 unquam
341 1695 351 1711 ‚
375 1671 425 1703 sed
441 1671 479 1702 de
496 1668 610 1701 finibus
634 1668 700 1707 ejus
719 1665 865 1707 regundis
887 1664 990 1696 omnis
1013 1662 1058 1694 di·

192 1715 330 1757 sputatio
356 1712 409 1745 est.
463 1712 496 1744 Si
519 1710 615 1750 fingas
639 1707 840 1748 Principem,
871 1706 943 1744 cui,
973 1703 1059 1750 quod

192 1758 291 1794 libet,
316 1756 416 1793 licet,
441 1751 554 1786 frustra
568 1749 778 1791 disputamus,
803 1747 853 1780 sed
869 1747 907 1778 de
933 1756 973 1778 eo
996 1754 1057 1787 agi-

189 1807 280 1837 mus,
304 1797 356 1837 qui
373 1796 459 1827 bono
473 1793 603 1835 publico
620 1789 773 1826 consulit,
798 1789 830 1822 ὃς
844 1797 951 1821 eorum
962 1810 972 1826 ,
988 1796 1057 1828 quae

191 1839 335 1872 decernit
352 1837 382 1869 ὅς
399 1838 551 1878 imperat,
575 1833 729 1864 rationem
748 1830 877 1876 reddere
893 1828 1016 1870 posset,
1035 1827 1058 1859 fi

191 1881 331 1912 deberet.
376 1878 477 1918 Justus
500 1876 650 1915 Princeps
678 1872 740 1913 ipse
766 1872 902 1912 Imperio
926 1869 982 1901 suo
998 1878 1057 1901 ter-

192 1923 317 1954 minum
340 1918 465 1956 statuit‚
488 1926 547 1949 nec
569 1913 747 1947 extimescit
774 1914 908 1944 aliorum
929 1911 968 1943 de
988 1910 1057 1943 fini-

193 1964 252 1996 bus
273 1963 339 2002 ejus
363 1959 506 2002 regundis
535 1957 696 1998 iudicium.
746 1954 928 1994 Priusquam
951 1960 1057 1984 autem

194 2005 254 2036 hos
272 2003 355 2034 1·οξὶο
372 2011 479 2043 regas,
501 1997 696 2031 recensendae
722 2005 831 2027 omnes
856 1993 975 2035 species
1000 1993 1058 2025 Irn-

193 2045 274 2087 perli
294 2043 478 2081 eminentis,
501 2042 540 2073 de
550 2039 675 2080 singulis
691 2035 922 2069 deliberandum
939 2035 970 2067 ὃς
986 2045 1057 2066 0311-

196 2095 230 2117 te
252 2084 517 2125 pronunciandum
534 2080 588 2112 est.
614 2080 662 2112 An
681 2079 711 2110 id
731 2077 911 2119 praestiterit
928 2076 1061 2117 Jacobus

196 2127 337 2160 Andreas
365 2124 506 2162 Cruiius,
530 2121 725 2163 Reipublicae
753 2117 925 2151 Mindenfi's
948 2118 1060 2161 Syndi-

198 2178 267 2207 cus,
296 2166 436 2198 Τναὲἶαῐιι
460 2160 904 2205 Hstrirz'co-Politz'co-Juridico
924 2160 958 2190 de
984 2160 1061 2191 Prae-

198 2210 340 2245 eminenti·
360 2207 498 2239 Dominio
516 2204 670 2243 Principis
686 2201 722 2236 ὅ)
739 2200 917 2243 Reipublicae
943 2202 976 2232 in
992 2202 1061 2244 fiab-

198 2253 289 2290 (litos,
313 2259 409 2281 eorum
428 2249 500 2279 hona
517 2255 552 2277 tte
563 2246 614 2287 jur
636 2243 780 2285 qitaefitzim
793 2267 802 2281 ,
827 2243 935 2274 malim
959 2251 992 2274 te
1017 2243 1062 2275 ibi

197 2294 323 2333 legere,
344 2298 436 2331 quam
455 2297 495 2319 ex
520 2296 569 2318 me
582 2285 775 2327 intelligere.
819 2283 931 2316 Exstat
951 2285 1004 2316 ille
1028 2285 1063 2316 li-

198 2334 303 2366 bellus
326 2332 407 2363 inter
433 2330 499 2370 ejus
526 2327 675 2368 opuscula
699 2327 788 2358 varia
806 2349 816 2366 ,
846 2335 913 2366 quae
940 2325 1063 2358 Mindae

200 2374 386 2417 prodierunt
416 2380 499 2402 anno
534 2372 622 2403 1668.
676 2368 708 2399 Si
743 2375 925 2399 excuterem
938 2390 948 2405 ,
979 2377 1062 2408 quae-

201 2423 324 2455 cunque
351 2413 405 2445 ille
428 2412 527 2450 dixit,
565 2409 715 2447 modum,
751 2419 844 2451 quem
873 2407 949 2438 mihi
983 2418 1062 2449 prae-

200 2456 307 2497 scripsi
321 2460 342 2494 ,·
367 2454 547 2488 excederem
563 2475 574 2491 ,
606 2452 637 2483 &
664 2450 753 2483 11111111
778 2450 888 2492 Augiae
911 2449 1064 2482 stabulum

200 2506 376 2540 purgarem.

247 2539 298 2571 De
308 2547 343 2568 ea
355 2536 371 2569 s
368 2536 455 2577 pecie
469 2536 621 2568 duntaxat
629 2543 720 2575 agere
729 2534 896 2574 constitui,
911 2543 970 2576 qua
978 2533 1064 2566 Prin-

198 2590 276 2620 ceps
288 2586 345 2617 ,ex
358 2577 491 2618 Imperio
503 2576 653 2608 eminenti
662 2599 671 2615 ,
683 2574 812 2609 subditis
821 2576 923 2608 aufert
930 2576 977 2617 jus
986 2584 1068 2616 quae-

203 2622 294 2654 situm
305 2643 314 2657 ,
324 2619 386 2651 five
396 2618 425 2649 id
435 2616 579 2649 consistat
591 2617 620 2647 in
634 2626 666 2647 re
681 2617 789 2649 mobili
801 2641 810 2656 ,
821 2617 884 2649 sive
894 2616 1067 2654 immobili,

203 2662 269 2695 11νο
282 2661 311 2691 111
325 2659 456 2690 actione.
470 2657 652 2697 ldPrincipi
669 2657 855 2690 licereinter
864 2668 972 2691 omnes
993 2667 1068 2689 0011-

205 2703 283 2740 stat,
308 2699 359 2732 sed
378 2709 438 2730 non
455 2707 543 2739 aeque
559 2696 702 2734 constat,
724 2707 764 2729 ex
777 2708 836 2738 qua
855 2699 945 2730 causa
963 2699 1066 2730 liceat.

207 2740 429 2777 Pufeudorlius
447 2739 486 2771 L.
508 2738 596 2770 VlIl.
620 2739 653 2769 de
672 2737 748 2778 Jure
767 2739 847 2770 Nar.
866 2739 902 2774 &²
920 2740 1009 2771 Geni.
1035 2740 1066 2771 C.

206 2795 237 2826 5.
262 2783 291 2826 §.
311 2792 339 2824 7.
366 2781 418 2813 ubi
439 2781 529 2821 deco
548 2780 616 2820 jure
638 2779 791 2820 Principis
807 2780 890 2820 agit,
911 2779 1068 2812 existima-

209 2827 259 2856 vit
274 2849 283 2861 ‚
305 2825 429 2855 dominio
450 2823 589 2852 eminenti
606 2821 698 2852 locum
714 2830 772 2851 non
786 2820 836 2861 effe
847 2842 858 2859 ,
879 2820 936 2860 m'fi
958 2821 1069 2862 Reipu-

210 2868 290 2899 blicae
311 2864 386 2897 NE
399 2863 458 2895 (ΣΕ
469 2862 523 2897 S.S
533 2862 551 2895 l
561 2861 652 2893 TAS
672 2860 856 2903 requifiverit
866 2884 877 2900 ,
887 2864 930 2893 ita
947 2871 1050 2894 tamen
1061 2884 1072 2900 ,

208 2917 244 2940 ut
260 2907 450 2949 postremum
466 2902 651 2935 neceffitatis
671 2903 799 2945 gradum
823 2911 887 2934 11011
910 2903 1070 2935 desideret.

197 2949 343 2980 -Grotius
357 2946 420 2978 sola
434 2945 564 2976 utilitate
582 2952 750 2976 contentus
763 2944 809 2975 est
827 2943 915 2977 L.II.
932 2946 965 2975 de
983 2943 1019 2984 J.
1036 2944 1069 2975 B.

211 2991 247 3025 δ’
260 2990 296 3021 P.
310 2991 340 3020 C.
356 2998 400 3028 14.
413 2987 441 3028 §.
454 2996 482 3028 7.
500 2995 570 3018 113111
583 3009 592 3025 ,
607 2986 698 3026 utjus
706 2985 869 3026 quaesitum
880 2983 1009 3017 subditis
1022 2994 1073 3016 au-

210 3033 330 3066 scrutur
347 3040 382 3066 egr
398 3039 427 3059 v:
439 3028 682 3070 supereminentis
698 3027 839 3066 dominii,
859 3027 1004 3067 primum,
1030 3026 1074 3057 in-

211 3073 300 3112 quit,
324 3073 501 3112 requiritur,
519 3069 556 3100 U
565 3068 616 3100 TI
624 3068 653 3099 L
665 3067 683 3100 I
693 3067 750 3099 TA
762 3067 784 3098 S
799 3068 918 3108 publica
929 3091 938 3105 ,
948 3068 1051 3098 deinde
1063 3088 1073 3104 ‚

211 3119 242 3142 m
255 3135 265 3151 ,
288 3111 318 3156 fi
332 3113 400 3152 jen
418 3108 534 3152 potest,
557 3108 744 3150 compensatio
765 3108 823 3150 fiat
844 3110 870 3140 ei
885 3131 896 3148 ,
926 3108 1075 3150 quistatim
1095 3112 1098 3117 '

210 3153 323 3191 antisti,
357 3163 393 3183 er
413 3152 564 3182 comsmmz'.
609 3151 651 3182 Et
676 3157 751 3181 111οΧ
779 3149 808 3191 §.
834 3154 864 3181 6.
891 3149 1074 3182 Subditorum

209 3195 255 3235 jus
270 3195 296 3225 ei
315 3192 565 3233 delitisct'ojiibest,
590 3197 733 3233 quatenus
753 3191 875 3232 publica
900 3190 934 3224 U
946 3188 1073 3224 TlLI-

1093 761 1153 794 TA
1165 762 1188 793 S
1208 760 1358 801 desiderat.
1403 763 1483 795 Sane
1507 763 1696 795 veriffimum
1720 761 1781 802 est,
1803 772 1841 796 ex
1861 770 1943 795 utra-

1089 813 1151 850 que
1177 803 1285 849 causa,
1310 811 1371 835 tarn
1394 805 1581 836 neceffitatis
1596 828 1606 843 ,
1637 813 1727 845 quarn
1750 804 1893 836 utilitatis
1913 803 1945 836 id

1088 854 1137 886 Jus
1153 844 1183 876 &
1202 844 1279 875 011111
1298 845 1469 876 exercuisse
1494 845 1673 886 Principes,
1696 846 1726 877 &
1743 855 1825 878 nunc
1842 843 1945 884 paffim

1089 894 1248 918 exercere.
1293 886 1352 918 Sed
1378 887 1409 919 &
1431 885 1511 927 saepe
1536 887 1656 919 utilitas
1683 886 1714 918 in
1744 885 1945 920 necessitatem

1090 927 1221 966 incidit,
1257 934 1290 958 ut
1309 935 1370 958 non
1389 927 1485 960 facile
1505 928 1584 962 hanc
1613 928 1651 958 ab
1675 927 1729 959 illa
1753 926 1947 968 distinxeris;

1089 967 1236 1010 quodque
1259 968 1338 1000 alius
1362 969 1548 1008 utilitatem,
1576 969 1654 1001 alius
1672 968 1879 1000 neccffitatem
1899 975 1948 1008 ap-

1090 1010 1233 1050 pellabit.
1279 1008 1343 1051 Ipse
1366 1018 1428 1041 non
1457 1010 1637 1049 intercedo,
1671 1019 1730 1041 1100
1755 1009 1819 1042 scio
1846 1016 1948 1050 quem·

1091 1059 1184 1091 quam
1209 1050 1419 1090 intercedere,
1445 1052 1610 1092 quominus
1633 1051 1778 1091 Princeps
1807 1059 1847 1081 ex
1870 1056 1948 1081 utra-

1091 1100 1152 1131 que
1169 1089 1260 1121 causa
1280 1099 1319 1121 eo
1337 1091 1404 1131 jure
1421 1092 1467 1122 uti
1485 1092 1585 1133 possit.
1630 1091 1712 1139 Quia
1729 1099 1832 1124 autern
1847 1099 1894 1123 res
1907 1084 1951 1134 est

1091 1131 1220 1163 invidiae
1239 1132 1348 1172 plena,
1372 1132 1421 1172 jus
1447 1133 1609 1172 quaentum
1627 1133 1773 1173 cuiquam
1790 1130 1957 1175 hominum,
2006 1131 2008 1164 i

1091 1171 1235 1211 auferre,
1259 1181 1387 1213 oportet
1405 1172 1542 1214 Principi
1558 1173 1677 1214 semper
1695 1172 1873 1213 succurrat,

1138 1213 1210 1244 Non
1227 1216 1304 1244 mocio
1322 1215 1390 1255 quid
1408 1215 1514 1254 liceat,
1530 1214 1584 1255 sed
1621 1216 1669 1245 uid
1678 1214 1780 1261 feciffe
1800 1215 1922 1247 decebit.

1093 1254 1266 1285 Succurrat
1288 1254 1318 1285 δε
1338 1254 1488 1286 modestia
1513 1255 1602 1295 Augu
1633 1256 1664 1293 i,
1688 1265 1739 1296 qui
1753 1278 1764 1294 ‚
1796 1263 1831 1286 ut
1853 1255 1955 1287 narrat
2006 1255 2008 1261 ¹

1095 1293 1266 1341 Suetonius
1282 1293 1314 1339 in
1332 1294 1393 1336 ejus
1412 1295 1490 1325 Vita
1510 1297 1542 1327 C.
1554 1300 1605 1335 56.
1623 1296 1725 1335 forum
1738 1295 1889 1338 angustius
1901 1295 1954 1336 fe-

1096 1340 1157 1373 cit,
1180 1343 1238 1365 non
1253 1335 1336 1375 ausus
1351 1341 1516 1376 extorquere
1534 1335 1722 1376 poffiſjbribus
1740 1339 1889 1377 proximas
1907 1337 1955 1371 doi-

1095 1385 1165 1406 mos.
1205 1375 1376 1407 Succurrat
1392 1377 1487 1407 etiarn
1508 1378 1681 1408 moderatio
1698 1378 1828 1409 Senatus
1844 1377 1955 1410 Roma·
2007 1399 2008 1403 ,

1096 1417 1153 1455 ni,
1173 1416 1247 1462 qui,
1279 1425 1352 1448 011111
1380 1416 1566 1458 Respublica
1594 1417 1744 1458 solvendo
1775 1428 1838 1450 non
1860 1416 1955 1457 effet‘,

1096 1458 1210 1490 maluit
1224 1466 1315 1503 agros
1330 1456 1475 1498 publicos
1497 1459 1632 1491 vendere
1643 1482 1653 1498 ,
1678 1468 1770 1500 quam
1789 1458 1956 1500 (3100111011-

1097 1499 1155 1531 bus
1175 1498 1231 1531 suo
1255 1497 1307 1528 die
1327 1508 1391 1530 non
1417 1498 1537 1531 solvere
1581 1501 1738 1539 ensiones,
1793 1509 1844 1532 uas
1865 1499 1955 1532 debe-

1098 1540 1173 1578 bat,
1196 1547 1232 1571 ut
1249 1538 1294 1571 est
1312 1539 1393 1581 apud
1409 1539 1537 1572 Livium
1587 1566 1594 1573 .
1610 1541 1739 1573 XXXI.
1791 1565 1798 1572 .
1818 1550 1866 1582 13.
1890 1539 1953 1573 De'·

1098 1581 1196 1628 nique
1212 1580 1387 1619 succurrat,
1410 1590 1449 1612 eo
1467 1581 1535 1621 jure
1554 1582 1678 1624 Imperii
1700 1582 1863 1614 eminentis
1886 1590 1956 1624 pru—

1099 1621 1273 1654 dentiffime
1288 1622 1459 1660 utendum,
1480 1631 1543 1655 non
1567 1631 1684 1655 temere
1704 1623 1890 1656 abutendum
1914 1631 1958 1656 ee·

1101 1663 1150 1702 se,
1173 1671 1290 1695 temere
1304 1670 1408 1694 autem
1430 1663 1518 1695 abuti
1539 1663 1737 1705 Principem,
1757 1663 1780 1697 fi
1804 1673 1867 1696 non
1890 1663 1956 1696 ido'-

1101 1714 1159 1737 nea
1175 1705 1254 1736 ratio
1272 1703 1401 1749 1111113110
1420 1713 1484 1736 rem
1501 1714 1615 1746 cogat,
1638 1707 1667 1737 &
1687 1705 1708 1737 11
1727 1705 1796 1746 plus
1818 1703 1958 1744 auferat,

1102 1755 1195 1788 quam
1223 1753 1354 1777 omnino
1375 1744 1573 1778 necessarium
1592 1746 1637 1779 est
1661 1747 1711 1778 vel
1734 1745 1811 1778 utile
1832 1745 1864 1777 in
1892 1754 1958 1778 rem

1102 1787 1271 1829 publicam.
1316 1786 1370 1819 Sin
1388 1794 1491 1818 autern
1510 1797 1615 1829 urgeat
1631 1788 1712 1819 ratio
1725 1787 1852 1824 idonea,
1873 1787 1960 1827 quic-

1103 1828 1176 1870 quid
1199 1827 1321 1865 aufert,
1355 1827 1476 1860 auferet
1496 1838 1588 1870 quam
1612 1829 1742 1861 minimo
1765 1827 1959 1860 subditorum

1099 1870 1313 1907 detrimento,
1337 1869 1368 1900 &
1387 1868 1516 1908 soluto,
1535 1879 1575 1902 ex
1597 1879 1666 1901 arca
1689 1868 1866 1906 communi,
1889 1877 1958 1909 pre-

1101 1911 1157 1942 tio.
1204 1910 1270 1956 Qui
1287 1910 1378 1941 aliter
1394 1910 1426 1941 in
1444 1910 1580 1942 animum
1592 1910 1747 1943 induxerit
1763 1909 1868 1947 suum,
1881 1918 1958 1950 prae·

1096 1952 1142 1984 do
1158 1954 1264 1992 potius
1280 1951 1343 1990 est,
1366 1960 1457 1992 quam
1473 1951 1630 1994 Princeps.

1143 1993 1243 2067 guod
1259 1992 1326 2024 dixi
1343 1992 1382 2023 de
1395 1992 1516 2024 ratione
1532 1993 1659 2032 idonea,
1671 1991 1960 2034 interpretationem

1101 2034 1162 2068 defi
1186 2042 1305 2073 eraret,
1343 2033 1365 2065 fi
1386 2033 1448 2073 jam
1473 2043 1535 2065 non
1565 2035 1773 2075 intelligeres,
1814 2031 1960 2074 quicquid

1102 2077 1169 2118 eJ’us
1184 2076 1228 2107 rei
1241 2074 1306 2114 est,
1330 2075 1368 2106 ad
1385 2074 1595 2106 necessitatem
1614 2076 1664 2107 vel
1679 2075 1847 2107 utilitatem
1861 2073 1960 2114 publi-

1103 2127 1171 2150 cam
1188 2116 1250 2148 effe
1264 2115 1478 2156 redigendum.
1516 2116 1571 2154 Si,
1593 2123 1629 2147 ut
1643 2115 1772 2148 Grotius
1787 2115 1847 2153 ait,
1871 2113 1902 2145 id
1913 2113 1961 2154 ius

1099 2167 1251 2190 vexercere
1270 2157 1364 2188 liceat
1377 2165 1415 2187 ex
1429 2156 1567 2188 utilitate
1581 2157 1705 2198 publica
1716 2180 1726 2196 ,
1748 2156 1851 2188 multo
1865 2154 1962 2196 magis

1103 2200 1211 2233 licebit
1228 2208 1268 2231 ex
1285 2197 1464 2230 necessitate
1480 2198 1606 2238 publica
1618 2222 1628 2238 ,
1649 2198 1730 2231 salus
1748 2197 1831 2229 enim
1855 2189 1962 2237 populi

1102 2241 1243 2283 suprema
1259 2241 1309 2272 lex
1324 2237 1378 2270 est.
1422 2238 1493 2271 Viae
1510 2239 1643 2279 publicae
1662 2239 1771 2280 utique
1789 2235 1962 2279 necessaria

1105 2283 1197 2321 sunt,
1220 2291 1292 2314 cum
1310 2280 1372 2313 fine
1388 2278 1436 2311 his
1451 2289 1510 2312 nec
1525 2289 1719 2319 commeare,
1739 2288 1797 2311 nec
1812 2285 1963 2350 0011111103·

1105 2325 1155 2356 013
1175 2323 1377 2364 frequentare
1400 2320 1506 2352 liceat.
1552 2321 1638 2368 Quid
1658 2321 1771 2362 igitur,
1794 2319 1815 2352 fi
1836 2319 1889 2351 via
1903 2327 1931 2392 F
1952 2335 1964 2342 -

1105 2366 1190 2398 blica
1215 2365 1267 2397 vel
1291 2361 1427 2396 fluminis
1455 2362 1575 2404 impetu
1599 2363 1649 2395 vel
1674 2363 1760 2395 ruina
1776 2359 1879 2392 amiss‘a
1915 2357 1966 2392 rt?

1106 2407 1258 2439 Vicinum
1281 2404 1458 2446 proximum
1483 2405 1565 2435 viam
1597 2403 1739 2445 praestare
1763 2401 1893 2439 debere,
1924 2404 1967 2431 ex

1108 2448 1210 2480 CaffiO
1229 2447 1337 2481 scribit
1351 2445 1517 2486 Javolenus
1537 2445 1569 2478 in
1590 2446 1611 2477 l.
1633 2454 1680 2485 14.
1700 2443 1726 2485 §.
1748 2451 1774 2474 1.
1790 2441 1829 2483 ff.
1855 2439 1963 2489 Quem-

1108 2491 1259 2522 admodum
1286 2487 1394 2529 servit.
1424 2488 1522 2519 antiit.
1583 2486 1722 2518 Tantum
1756 2482 1855 2524 fundo
1886 2481 1965 2512 vici-

1108 2532 1140 2564 ni
1161 2530 1296 2572 proximi
1319 2527 1520 2566 detrahetur,
1550 2534 1697 2568 quantum
1718 2523 1755 2556 ad
1779 2524 1860 2554 viam
1886 2520 1965 2568 suffi-

1110 2573 1175 2612 cit,
1199 2572 1292 2613 idque
1312 2570 1411 2611 exigit
1428 2568 1585 2600 neceffitas
1599 2565 1730 2608 publica.
1775 2565 1835 2597 Sed
1848 2564 1966 2595 utilita-

1112 2614 1153 2646 tis
1169 2613 1304 2656 publicae
1322 2609 1489 2653 appellatio
1507 2616 1667 2650 quousque
1675 2603 1879 2651 porrigetur?
1892 2603 1965 2650 Pre-

1112 2656 1164 2688 cul
1181 2654 1279 2687 dubio
1294 2653 1359 2693 eius
1377 2651 1422 2682 rei
1440 2649 1600 2682 arbitrium
1615 2657 1708 2689 penes
1733 2649 1832 2688 ipsum
1850 2642 1966 2690 Primi:

1134 2707 1184 2728 em
1207 2695 1269 2734 est,
1292 2694 1343 2726 sed
1373 2691 1559 2732 quaeriinus.
1584 2698 1765 2730 quousque,
1795 2686 1882 2719 salvo
1907 2685 1966 2718 virt

1111 2707 1188 2770 Boni
1205 2735 1334 2773 officio,
1355 2733 1512 2774 porrigere
1528 2730 1646 2772 poffit?
1663 2730 1761 2762 nolim
1778 2735 1966 2760 commemo·

1111 2788 1178 2811 rare
1192 2777 1279 2809 mille
1298 2773 1413 2816 specics
1429 2773 1574 2805 utilitatis
1589 2772 1742 2813 publicae,
1767 2779 1836 2817 quae
1853 2767 1967 2805 incide·

1113 2829 1147 2852 re
1165 2817 1295 2859 possint,
1321 2816 1350 2847 &
1369 2814 1409 2846 de
1422 2814 1548 2855 singulis
1568 2813 1612 2844 ire
1628 2813 1658 2844 in
1677 2811 1857 2848 confilium,
1878 2806 1967 2843 suffe-

1099 2861 1193 2893 .‘cerit
1211 2857 1356 2899 quasdam
1382 2856 1539 2892 indicare,
1561 2855 1600 2885 de
1627 2853 1749 2894 quibus
1762 2852 1843 2884 inter
1860 2857 1968 2882 ornnes

1115 2898 1253 2937 constat,
1276 2899 1306 2930 ἃ
1323 2896 1360 2928 311
1385 2897 1430 2930 liis
1455 2895 1539 2928 disce
1557 2895 1696 2936 reliquas.
1742 2890 1881 2926 Potestas
1897 2889 1969 2923 emi·

1117 2951 1193 2975 nens
1206 2941 1313 2980 utique
1329 2938 1466 2970 exerceri
1486 2936 1588 2978 potest
1598 2937 1634 2967 ad
1643 2932 1824 2976 occupanda
1840 2941 1875 2964 03
1885 2955 1895 2973 ,
1906 2931 1970 2970 11110

1139 2983 1227 3014 uibus
1246 2981 1346 3022 Opera
1364 2980 1508 3020 publica,
1532 2978 1647 3019 templa
1664 2976 1749 3009 forte
1771 2975 1800 3007 ἀ
1816 2973 1886 3007 fora
1899 2980 1968 3020 ..ex-

1117 2992 1189 3056 arui
1209 3032 1272 3055 non
1294 3021 1427 3066 possunt.
1472 3021 1577 3061 Atque
1595 3018 1664 3050 inde
1679 3016 1723 3049 est
1735 3040 1744 3056 ,
1769 3015 1853 3057 quod
1871 3021 1968 3056 priva·

1109 3065 1162 3103 ti,
1181 3064 1273 3096 etiam
1294 3063 1405 3102 inviti,
1429 3062 1466 3094 ad
1482 3059 1633 3102 ejusmodi
1651 3059 1772 3099 Opera,
1787 3052 1971 3093 domos'suas

1118 3113 1282 3137 teneantur
1301 3103 1436 3135 vendere
1454 3104 1474 3134 l.
1496 3113 1525 3140 9.
1553 3103 1584 3133 C.
1609 3102 1642 3132 de
1663 3099 1750 3140 Oper.
1771 3094 1849 3139 publ.
1891 3087 1969 3131 Sijd

1116 3145 1254 3178 noluerit
1270 3143 1424 3185 Augustus
1430 3145 1516 3186 ‚ejus
1534 3140 1693 3175 modestiae
1710 3139 1902 3184 tribuendum
1919 3132 1968 3167 est.

1116 3186 1216 3220 Nulla
1233 3185 1355 3218 Civitas
1373 3185 1437 3226 est,
1463 3195 1531 3227 quae
1555 3192 1616 3216 non
1636 3181 1741 3223 Opera
1764 3174 1973 3255 ρυὺΙκίὲέἑίὲ
