2008 3436
217 111 661 155 OtSJ-:RVATIONUM
711 107 848 157 Jums
900 104 1112 144 ROMANI
1162 105 1250 142 Liss.
1277 107 1323 144 11.
1367 106 1406 145 c.
1434 106 1550 145 xxu.
1577 105 1711 146 xxm.
1803 112 1849 157 σγ

55 201 179 235 modios
194 207 263 234 tot,
289 198 339 229 vel
357 206 411 239 per
425 194 643 227 adzerationem
664 189 781 237 solidos
799 195 867 235 tot,
886 188 924 219 de

55 243 163 277 solidis
180 241 306 279 {insilis
323 237 495 270 remittitur
513 234 551 266 V.
563 233 602 265 G.
629 241 738 271 uncia,
763 238 859 261 etiam
876 238 922 261 rc-

56 287 201 318 mittetar
223 274 407 314 [inore-ciam
432 287 501 319 pars
521 274 672 308 frumenti
689 296 698 319 ⁹.
733 280 828 313 atque
844 271 922 303 adeo

54 325 238 360 liberabitur
260 323 349 354 vicus
365 343 374 359 ‚
407 319 429 351 fi
457 316 640 349 tantundem
657 323 760 346 minus
785 313 920 354 praestct.

56 367 116 399 Vel
143 367 186 398 ita
208 366 275 397 Lex
302 361 402 403 accipi
422 358 540 401 potest:
567 357 690 389 minuto
707 354 809 387 solido
821 355 924 403 ‘etiam

55 409 122 450 ejus
136 416 236 449 partes
251 404 358 437 111ἒ11111.
403 400 528 433 Solidus
542 398 587 431 cst
601 399 758 439 integrum
774 395 866 437 quid,
895 403 925 442 o:

54 447 286 492 quodammodo
308 453 420 485 genus,
457 440 608 479 semiss'cs,
633 439 840 484 quadrantes,
867 446 923 484 1111-

54 498 187 524 noresvc
208 487 295 520 solidi
322 494 442 527 partes,
464 484 572 523 species
593 480 679 514 istius
709 489 831 522 generis
861 479 924 524 dici

99 531 197 569 ffunc,
224 538 257 560 ut
272 528 367 559 etium
383 527 481 567 vulgo
495 525 643 556 dicuntur
663 522 744 564 apud
764 521 872 562 Belgas
890 530 922 566 m

85 571 227 604 emacula
246 594 254 608 ,
287 569 344 600 liae
367 566 429 609 ipsu
447 576 539 598 voce.
587 564 669 597 Cum
688 563 785 605 igitur
803 562 854 608 de„
866 571 921 592 1111-

56 612 181 646 nuendo
199 611 300 643 solido
323 618 483 650 atteretur,
511 607 692 639 mandatum
706 604 750 636 011
766 602 922 648 Fra-:lecto

52 654 226 691 Praetorio,
259 643 466 699 apud‘quem,
492 657 605 690 utputa
628 646 804 693 generalem
822 652 923 676 totius

53 695 178 737 Imperii
198 694 385 726 Pr-„ulectum
401 715 410 729 ,
452 699 588 722 moneta:
610 690 701 721 caula
723 693 844 732 agitata·
860 684 922 725 est,

52 744 193 775 curaret,
217 744 336 777 quanto
354 733 444 765 solidi
465 733 669 769 minuuntur,
696 736 786 762 tanto
804 736 923 759 minue-

51 787 160 811 rentur
181 779 211 810 o't
233 777 299 817 ejus
323 784 435 818 partes.
481 774 646 814 Propone:
671 770 763 802 cusus
778 767 822 800 est
836 778 923 814 num-

51 829 120 851 mus
143 823 194 861 63.
230 818 442 850 sestertiorum
457 840 466 855 ,
499 815 562 846 culi
589 815 619 845 ὅ(
641 812 780 856 ejusdem
805 819 924 842 nummi

52 855 203 899 trientes,
230 859 407 895 sextantes,
433 858 463 889 ἃ
480 856 521 888 fic
539 864 644 896 porro.
687 853 760 900 ‘lpse
777 860 924 883 nummus

52 901 97 934 est
111 907 162 942 6‘3.
189 902 285 933 trieris
303 910 352 932 21.
379 899 502 931 sextans
524 904 584 937 103.
632 893 756 926 Deinde
773 893 921 924 Moneta-

50 938 172 976 riorum
196 942 304 974 fraude
325 948 487 981 comperta
503 961 513 977 ,
553 936 655 979 qualia
683 932 828 974 exempla
859 942 922 964 non

967 188 1123 219 duntaxat
1140 186 1255 218 sufficit
1272 187 1401 220 historia
1430 189 1588 229 Romana,
1615 190 1646 222 in
1662 190 1772 232 primis
1797 189 1853 221 sub

968 229 1141 261 Aureliano
1152 252 1162 268 ,
1189 236 1223 259 ut
1240 228 1349 260 Suidas
1365 231 1474 261 auftor
1490 231 1532 262 e‘l
1549 232 1580 263 in
1602 235 1773 270 Momnipaoa,
1798 230 1852 263 sed

968 270 1103 312 Anglica
1121 294 1130 310 ‚
1165 269 1292 311 Belgica
1308 294 1318 308 ,
1351 270 1380 302 δε
1405 270 1472 302 fere
1499 273 1641 305 omnium
1667 273 1822 307 Gentium
1840 296 1850 311 ,

967 320 1149 353 comperta,
1175 311 1321 352 inquam,
1355 311 1613 345 Monetariorum
1630 314 1758 355 fraude,
1793 315 1852 347 ila-

967 362 1039 393 cet‚
1063 353 1131 394 ejus
1146 353 1267 385 nummi
1287 352 1529 386 aestimationem
1545 355 1643 386 minui
1660 380 1669 395 ‚
1695 358 1726 388 δε
1743 325 1854 389 valere

967 395 1121 427 duntaxat
1147 393 1325 435 sexaginta3
1357 395 1487 427 eandem
1514 395 1734 429 conditionem
1753 398 1854 431 etiam

969 437 1101 469 trientes
1124 437 1154 469 &
1182 435 1340 469 sextantes
1361 436 1447 479 sequi
1477 437 1552 468 vult
1575 439 1603 468 h.
1629 437 1670 470 L.
1689 439 1718 470 δ(
1742 439 1854 471 valere

971 489 1020 510 20.
1048 479 1076 510 &
1106 488 1153 510 10.
1179 487 1243 509 non
1261 485 1296 508 ut
1314 486 1406 518 ante,
1432 488 1507 510 cum
1523 477 1641 511 solidus
1656 480 1778 511 valeret
1793 485 1851 522 63-

967 519 1144 558 sestertios,
1174 529 1221 550 10.
1248 519 1278 550 &
1307 529 1354 552 10.
1380 519 1478 552 Forte
1500 521 1619 562 aliquid
1640 521 1678 553 ad
1702 520 1795 553 instar
1813 531 1848 552 e-

965 563 1014 603 jus
1030 561 1113 593 dixit
1131 560 1332 593 Hotomanus
1353 561 1553 608 Qaaeft.XV.
1578 565 1611 594 in
1629 563 1687 602 jin.
1713 562 1764 595 sed
1780 572 1848 594 non

967 603 1039 635 satis
1064 603 1156 644 plane
1174 626 1183 641 ,
1217 611 1277 643 ego
1302 611 1389 635 certe
1412 604 1478 643 ejus
1494 602 1681 636 sententium
1700 604 1756 636 vix
1773 603 1850 635 affe-

966 655 1056 686 quor.
1103 644 1211 676 Multa
1230 643 1282 675 hic
1300 644 1339 676 de
1356 645 1444 677 libris
1461 644 1611 677 solidisve
1625 645 1849 688 disputareex-

968 694 1015 718 tra
1030 694 1095 717 rem
1110 685 1173 724 est,
1199 692 1320 719 mutare
1338 685 1701 728 auteminsctiptionem
1724 688 1751 719 h.
1778 688 1798 718 l.
1813 698 1843 718 2.

968 728 998 759 ὃ(
1014 727 1170 769 adfingere
1190 727 1328 766 Consules
1340 753 1348 765 ,
1372 736 1407 760 ut
1424 727 1559 768 jacobus
1571 727 1795 761 Gotliofredus
1805 739 1846 761 eo

969 768 1095 800 Libello
1120 767 1216 807 facit,
1254 768 1376 802 inutilis
1392 769 1473 802 esto
1497 779 1577 809 erae,
1604 780 1661 802 nec
1676 771 1780 801 minus
1799 779 1845 802 te-

968 810 1117 841 merari-te.
1164 810 1195 842 Si
1213 809 1329 856 singula
1350 810 1463 843 Gotho
1482 811 1564 852 redi,
1594 813 1661 852 ejus
1675 813 1849 853 exemplo,

969 851 1108 892 placeret
1125 850 1266 892 persequi
1278 875 1286 891 ,
1314 852 1445 885 Librum
1465 852 1631 885 scriberem
1650 854 1689 885 de
1705 863 1755 893 re,
1773 863 1845 895 qua:

968 902 1028 923 una
1043 890 1275 926 Observatione
1290 893 1386 927 facile
1401 893 1506 936 potest
1527 895 1661 937 transigi.

609 1034 637 1069 C
688 1032 719 1067 A
768 1033 795 1068 P
845 1033 881 1068 U
932 1033 966 1069 T
1039 1032 1071 1068 X
1100 1034 1131 1069 X
1159 1034 1171 1068 Ι
1200 1035 1215 1068 1
1242 1036 1268 1071 Ι.

664 1121 818 1156 Cor-reaia
844 1120 864 1156 1.
892 1130 950 1166 57.
979 1119 1019 1157 ff.
1049 1121 1093 1157 de
1120 1120 1232 1168 Judic.

127 1227 195 1259 este
210 1223 454 1267 Ulpianusdixit
473 1223 502 1254 in
524 1222 544 1254 l.
565 1230 618 1264 57.
636 1218 675 1263 ff.
701 1222 735 1268 ae
755 1220 862 1262 Jaclz'c.
886 1219 917 1251 in

48 1230 128 1311 R
151 1266 385 1301 filiumfamilias
414 1274 476 1298 tam
498 1274 538 1296 cx
558 1263 771 1296 coum-acubus
788 1286 798 1302 ,
824 1270 917 1308 quam

46 1312 169 1345 delictis
186 1310 340 1341 actionem
357 1307 421 1340 dari
442 1332 451 1347 ,
476 1317 515 1338 eo
528 1314 634 1346 autem
651 1311 779 1336 mortuo
793 1304 863 1345 post
880 1302 914 1334 11-

48 1355 89 1386 tis
105 1347 556 1389 contestitioncm,transferri
572 1346 725 1388 judicium
740 1346 771 1378 in
782 1353 914 1392 patrem,

48 1394 99 1427 sed
113 1402 265 1435 quatenus
282 1390 327 1422 est
340 1392 371 1423 in
388 1390 515 1433 peculio
525 1414 534 1428 ,
545 1396 599 1420 aut
615 1389 647 1420 in
663 1397 728 1419 rem
739 1395 835 1429 patris
845 1395 927 1421 verr

49 1436 124 1468 sum.
170 1434 255 1466 Mox
271 1432 372 1465 addit:
399 1433 483 1464 Certe
502 1429 532 1470 fi
555 1428 642 1472 quasi
660 1435 842 1470 procurator
859 1427 915 1460 ali-

47 1480 136 1519 cujus
154 1475 381 1518 filiusfamilias
396 1475 546 1517 judicium
559 1474 707 1513 acceperit
721 1495 731 1510 ,
742 1477 855 1504 nzortuo
866 1480 916 1518 eo,

45 1523 80 1552 in
102 1530 189 1558 euni,
211 1527 298 1558 qaem
311 1517 478 1555 defenderit
499 1539 509 1555 ,
531 1514 695 1556 transactio
716 1515 766 1546 vel
780 1514 917 1560 judi-cati

46 1565 150 1596 datur.
192 1559 299 1593 Nemo
318 1559 384 1591 haec
402 1557 559 1601 postrema
575 1556 781 1589 intellexerit-
825 1555 858 1587 Si
873 1554 915 1586 10-

46 1612 171 1646 geretur
188 1603 379 1644 judicatam,
395 1611 431 1632 ea
446 1608 521 1631 tunc
539 1598 692 1631 sententia
708 1597 795 1630 forte
837 1595 917 1628 offet

45 1647 147 1685 edici,
170 1643 352 1682 dominum,
377 1642 429 1684 qui
445 1641 622 1680 mandavit,
647 1645 777 1672 mortuo
824 1636 914 1670 liofa-

44 1687 166 1727 milias,
191 1686 243 1728 qui
259 1693 447 1727 procurator
471 1682 626 1723 judicium
648 1688 812 1723 acceperat
827 1704 838 1720 ,
862 1678 915 1710 vel

46 1728 210 1771 transigere
232 1735 381 1768 oportere
397 1749 407 1765 ‚
432 1726 510 1764 vel,
535 1725 566 1756 ni
586 1722 730 1765 transigat
746 1747 756 1762 ,
789 1723 822 1754 in
843 1730 915 1752 eum

44 1770 175 1803 dandam
191 1768 252 1801 effe
267 1768 463 1801 sententiam.
504 1764 618 1797 Nolim
636 1773 739 1797 tamen
755 1765 801 1796 ita
813 1770 913 1795 muta-

43 1822 96 1851 re,
121 1821 191 1844 nam
207 1810 277 1852 quis
291 1820 330 1841 eo
346 1807 435 1840 sensu
448 1808 549 1847 dixit,
575 1806 805 1847 transatifonem
826 1808 859 1836 in
883 1814 913 1835 a·

45 1856 152 1896 liquem
166 1856 237 1884 aare
250 1876 258 1890 ‚
276 1852 307 1884 ὅ(
326 1850 438 1883 Latine
454 1850 580 1881 locutus
596 1848 665 1881 est?
678 1848 795 1890 Igitur,
807 1855 913 1889 quam-

44 1897 94 1928 vis
108 1896 139 1928 in
157 1895 254 1927 Libro
269 1892 456 1925 Florentino
471 1889 515 1922 est
533 1892 695 1932 transactio
707 1913 717 1928 ,
734 1898 838 1921 tamen
856 1895 910 1919 ex-

44 1945 92 1970 tra
105 1946 170 1969 reni
183 1935 244 1975 est,
270 1936 299 1967 δε
315 1944 322 1955 v
337 1934 426 1965 roeul
441 1933 538 1964 dubio
556 1932 716 1965 vitiosum.
763 1930 854 1962 Unde
871 1938 912 1961 ex

45 1972 194 2018 vetustis,
218 1985 291 2009 ante
309 1974 525 2008 bloi-entium
538 1998 548 2014 ,
573 1972 776 2006 Editionibus
791 1971 910 2004 nullam

45 2020 127 2059 vidi,
151 2029 223 2061 qua:
242 2018 352 2055 habet,
378 2015 542 2055 transactio
565 2017 614 2047 vel
630 2016 768 2057 judicati
791 2016 884 2045 datar
899 2036 910 2052 ,

45 2061 99 2094 nisi
117 2061 212 2093 solam
228 2059 360 2092 Roberti
376 2057 525 2099 Stephani
545 2058 617 2089 anni
636 2066 725 2098 1527.
767 2055 911 2097 Reliquae

45 2102 112 2135 fere
125 2111 251 2141 omnes,
275 2101 370 2132 etiam
388 2099 621 2139 Haloandrina,
646 2100 687 2131 fic
703 2098 818 2130 habent
829 2108 836 2128 :
836 2108 910 2171 Flu

46 2146 106 2176 dici
130 2144 288 2175 translacio
312 2145 425 2180 datur,
447 2141 516 2180 vel,
542 2141 627 2182 quod
644 2140 774 2182 propius
790 2139 828 2170 ad
849 2140 910 2171 410-

45 2185 200 2218 rentinam
218 2184 359 2224 accedit,
379 2183 541 2215 translatio
564 2184 678 2224 jaa'icz'i
703 2184 815 2220 datar,
838 2181 910 2220 vel,

46 2235 82 2259 ut
97 2226 142 2258 est
159 2227 190 2258 in
205 2226 275 2258 MS.
294 2235 382 2265 meo,
406 2225 567 2256 translatio
582 2226 675 2256 datar
689 2224 822 2266 judicii,
847 2232 911 2264 quo

45 2270 90 2300 ita
103 2276 211 2310 agatur
225 2267 265 2298 de
280 2265 381 2307 speeie
396 2266 566 2305 duntaxat,
579 2276 656 2307 qua,
681 2274 717 2297 ut
731 2264 772 2297 fic
788 2264 912 2296 dixerat

44 2308 81 2342 de
98 2308 299 2342 filiofamilias
311 2332 319 2347 ,
337 2307 491 2347 judicium
507 2308 684 2348 inceptum,
695 2317 759 2339 non
773 2306 868 2338 etiam
876 2305 910 2337 fi-

42 2352 146 2384 nitum
159 2358 225 2382 erat
242 2361 249 2381 :
273 2359 344 2381 nam
363 2349 456 2381 finito
469 2348 607 2388 J'udicio,
631 2349 756 2380 daretur
770 2347 909 2388 judicati.

44 2393 166 2425 Patitur
193 2400 295 2423 tamen
318 2391 446 2432 Ulpiani
470 2390 619 2430 loquutio
634 2414 644 2429 ,
670 2399 704 2421 ut
723 2389 762 2421 de
781 2396 912 2430 utraque

45 2433 146 2476 specie
162 2432 352 2474 accipiamus
375 2431 442 2463 haec
458 2456 468 2471 ,
485 2432 640 2473 judiciam
656 2432 825 2471 acceperit,
847 2439 912 2462 non

45 2475 129 2507 enirn
143 2475 223 2506 dicit
244 2474 407 2514 occeperim
430 2473 460 2505 ἃ
482 2476 615 2514 accipere
629 2475 780 2515 judicium
800 2473 908 2514 proli·

45 2523 104 2549 tem
125 2518 280 2556 sententia
297 2516 419 2556 finitam
439 2517 544 2547 babere
561 2539 570 2554 ‚
607 2516 724 2557 ubique
746 2514 842 2546 etiam
866 2513 912 2546 est

43 2558 186 2591 obvium.
231 2557 282 2590 Ex
299 2556 453 2590 sententia
468 2564 574 2588 autem
589 2556 737 2598 Vulgatae
763 2557 910 2596 acceperit

44 2599 89 2633 est
112 2609 170 2641 pro
191 2602 332 2640 occeperit
344 2610 356 2636 ,-
377 2598 462 2640 quod
486 2598 543 2630 usu
559 2608 687 2640 quoque
711 2598 786 2630 licet
806 2596 913 2629 defen-

44 2642 117 2673 dere
130 2665 140 2681 ‚
166 2649 201 2672 ut
226 2640 348 2673 scilicet
369 2640 407 2672 ad
427 2639 494 2673 litis
513 2639 777 2672 contestationem
799 2637 913 2670 refera-

46 2692 105 2715 tur.
150 2682 302 2724 Alioquin
323 2683 468 2721 acceperit
489 2691 549 2723 pro
570 2684 715 2722 occeperit
732 2704 742 2719 ‚
765 2679 914 2712 mendose

45 2724 133 2766 legi,
156 2732 250 2765 atque
265 2724 308 2755 ita
323 2723 478 2756 emendari
497 2732 646 2764 oportere
668 2723 699 2754 in
726 2724 747 2753 l.
774 2731 842 2763 137.
861 2729 912 2763 pr.

42 2765 82 2806 ff.
103 2768 137 2796 de
159 2765 203 2797 V.
228 2766 268 2796 O.
291 2764 386 2797 facile
406 2763 564 2797 adsentior
587 2764 731 2796 Donello
748 2765 780 2795 111
803 2766 910 2795 Comm.

47 2806 85 2837 ad
105 2807 124 2837 l.
152 2815 179 2838 1.
202 2806 221 2846 §
257 2816 283 2838 1.
301 2807 343 2848 ff.
366 2807 439 2839 Eod.
464 2806 526 2838 Tit.
551 2806 707 2853 Quamvis
723 2812 828 2837 autem
843 2805 910 2837 sub-

47 2846 164 2880 fistetet
178 2848 312 2890 Vulgata
326 2848 420 2880 lectio
436 2872 446 2888 ,
470 2857 535 2880 non
551 2855 654 2879 tamen
677 2847 771 2880 ausim
789 2854 912 2879 tantum

48 2898 67 2919 a
82 2887 262 2920 Florentina
275 2890 419 2921 recedere
432 2914 443 2930 ‚
466 2899 568 2935 neque
585 2889 680 2920 etiam
698 2889 729 2920 id
744 2888 805 2920 auii
822 2888 911 2928 sunt,

50 2930 102 2970 qui
118 2929 364 2970 emendationes,
388 2931 413 2962 F
416 2932 580 2963 lorentinae
602 2929 764 2971 scripturae
787 2940 912 2962 accom-

49 2971 213 3010 modatas,
244 2971 460 3012 quaefiverunt.
504 2972 583 3004 Eam
607 2981 685 3003 vero
708 2981 773 3005 non
787 2971 911 3013 probo,

962 1231 1054 1263 quam
1071 1221 1109 1253 ab
1125 1220 1265 1264 Hugone
1287 1231 1305 1253 a
1326 1219 1422 1253 Porta
1440 1221 1573 1264 margini
1598 1222 1759 1255 Editionis
1781 1222 1842 1254 suae

962 1262 1148 1304 adscriptam
1165 1263 1260 1295 video
1277 1287 1287 1303 ,
1312 1272 1446 1305 quaeque
1467 1263 1512 1295 ita
1531 1263 1648 1296 habet:
1674 1265 1841 1295 translatio

959 1306 1080 1346 potius,
1103 1315 1191 1346 quam
1212 1304 1377 1346 transaclio
1393 1307 1487 1336 datur
1505 1331 1512 1343 ‚
1535 1306 1621 1348 quod
1639 1306 1732 1347 plane
1751 1305 1843 1338 nihili

960 1346 1014 1379 est.
1060 1346 1111 1378 Ex
1127 1356 1164 1378 ea
1183 1354 1306 1386 tamen,
1333 1347 1363 1379 &
1380 1347 1510 1388 vulgata
1526 1348 1680 1388 106110110,
1700 1356 1778 1380 nata
1794 1357 1840 1379 es-

960 1387 991 1420 se
1005 1389 1126 1430 poterit
1144 1387 1286 1420 Russ'ardi
1308 1396 1386 1420 nota
1406 1389 1520 1421 critica
1532 1389 1570 1421 ad
1591 1392 1619 1422 Ι).
1642 1390 1680 1422 L'.
1705 1389 1842 1431 legentis

959 1429 1100 1470 scilicet,
1113 1431 1276 1462 translatio
1291 1431 1340 1463 vel
1349 1432 1486 1472 judicati
1500 1433 1593 1463 datur
1606 1455 1616 1470 ‚
1637 1432 1785 1474 proxime
1800 1430 1838 1462 ad

960 1471 1130 1504 lectionem
1167 1471 1316 1504 Tuscam.
1371 1473 1431 1504 Sed
1461 1473 1537 1514 quid
1566 1473 1612 1506 est
1642 1472 1841 1505 translatio?

961 1513 1127 1546 translatio
1164 1523 1277 1556 nempe
1305 1514 1443 1555 judit-113
1475 1523 1511 1546 ea
1540 1516 1658 1558 quippe
1687 1515 1843 1553 locutio,

961 1556 1105 1598 quamvis
1128 1555 1255 1588 horrida
1270 1581 1281 1596 ,
1305 1556 1462 1598 exemplis
1486 1557 1648 1598 probatur.
1695 1555 1773 1589 Duo
1794 1563 1843 1588 at-

962 1596 1038 1629 tulit
1057 1596 1169 1629 Petrus
1184 1596 1284 1630 Faber
1307 1598 1348 1630 L.
1371 1597 1396 1629 I.
1419 1597 1560 1639 Semestr.
1584 1599 1617 1631 C.
1632 1608 1682 1631 12.
1708 1599 1842 1630 tertium

960 1638 1041 1670 addo
1055 1648 1095 1671 ex
1116 1640 1137 1671 l.
1163 1648 1210 1679 15.
1229 1640 1271 1682 ff.
1294 1642 1328 1672 de
1349 1639 1468 1672 Noxal.
1492 1640 1603 1673 αὲἶὶοη.
1650 1640 1719 1683 Ipse
1733 1649 1841 1672 autem

960 1679 1058 1712 Faber
1072 1688 1112 1713 00
1129 1681 1204 1713 loeo
1219 1681 1250 1713 id
1264 1692 1328 1714 non
1350 1682 1466 1723 probat
1483 1706 1492 1722 ,
1519 1681 1571 1715 sed
1590 1692 1649 1724 pro
1672 1681 1843 1723 transabiio

959 1721 1106 1754 rescribit
1126 1724 1321 1763 transfertur
1338 1723 1433 1763 aaa,
1465 1732 1541 1756 nato
1561 1748 1570 1763 ,
1595 1731 1630 1755 ut
1648 1732 1739 1766 putat
1755 1748 1764 1763 ,
1790 1723 1841 1754 vi-

960 1763 1008 1795 tio
1024 1773 1065 1796 ex
1079 1773 1157 1797 nota
1172 1764 1308 1797 Librarii
1327 1774 1491 1807 perperam
1506 1765 1668 1797 intellecta
1684 1790 1693 1806 ,
1719 1765 1841 1806 fibique

959 1805 991 1837 δε
1007 1805 1145 1880 Ulffam
1163 1806 1201 1838 de
1216 1806 1272 1838 hac
1293 1806 1515 1839 emendatione
1539 1806 1677 1848 impense
1702 1807 1842 1880 {atula-

959 1855 1020 1879 tur.
1077 1856 1089 1880 t
1108 1847 1243 1880 Fabrum
1257 1858 1294 1880 ea
1309 1849 1342 1880 in
1357 1858 1390 1880 re
1404 1847 1504 1880 Faber
1521 1848 1681 1890 sequitur,
1733 1855 1839 1880 etrum

953 1897 1032 1930 puta
1044 1889 1205 1922 Antonius
1222 1890 1254 1921 in
1277 1891 1402 1922 Ration.
1426 1893 1465 1922 ad
1491 1892 1520 1923 b.
1544 1891 1584 1922 L.
1629 1890 1691 1922 Sed
1706 1896 1839 1931 praeter-

954 1940 1048 1972 quam
1067 1931 1153 1972 quod
1170 1940 1210 1963 eo
1223 1932 1407 1963 emendandi
1422 1941 1536 1973 genere
1550 1931 1675 1973 parcius
1688 1939 1815 1963 utamur
1825 1955 1840 1970 ,

954 1974 985 2005 <Sc
1007 1982 1124 2004 novam
1146 1971 1250 2005 rursus
1276 1973 1328 2004 hic
1348 1972 1403 2006 fibi
1426 1981 1537 2005 notam
1554 1972 1673 2014 fingant
1688 1997 1698 2013 ,
1724 1973 1838 2014 utique

954 2014 1059 2046 minor
1086 2014 1223 2045 mutatio
1248 2015 1333 2054 erit,
1371 2014 1394 2046 fi
1420 2024 1479 2056 pro
1502 2014 1667 2053 transactio
1694 2015 1838 2056 legamus

956 2055 1065 2095 transit
1080 2056 1179 2092 αὲἶὶος
1199 2064 1235 2088 111
1250 2065 1378 2098 quoque
1394 2056 1469 2088 Ant.
1488 2055 1590 2088 Fabro
1609 2056 1705 2087 video
1732 2053 1845 2088 obse&

954 2106 1064 2130 vatum
1078 2099 1109 2130 in
1133 2097 1256 2129 Ration.
1279 2100 1308 2130 d.
1334 2099 1387 2129 loc.
1432 2098 1566 2138 Movit,
1590 2098 1623 2129 ni
1636 2096 1751 2136 fallor,
1778 2096 1835 2129 Fa-

955 2138 1131 2186 brum'soni
1151 2140 1320 2179 vicinitas,
1347 2140 1377 2171 &
1394 2139 1560 2171 minimum
1576 2139 1707 2186 duarum
1726 2139 1834 2185 litera-

955 2191 1026 2213 rum
1050 2189 1280 2213 incrementum
1298 2205 1308 2221 ,
1341 2190 1393 2213 me
1415 2190 1520 2213 autem
1537 2205 1547 2221 ,
1578 2189 1676 2212 etiam
1700 2189 1766 2212 non
1788 2190 1836 2213 111-

956 2222 1063 2264 1110610
1078 2223 1180 2255 Fabro
1197 2247 1206 2263 ,
1231 2223 1336 2254 movit
1357 2221 1532 2265 praesertim
1554 2222 1760 2255 Bafilicorum
1783 2231 1836 2254 au-

955 2265 1103 2304 ctoritas,
1130 2264 1183 2306 qui
1198 2265 1242 2296 ita
1258 2264 1412 2296 exhibent
1428 2289 1438 2305 ,
1463 2266 1615 2299 μαραίνει
1644 2264 1658 2294 n*
1690 2265 1771 2301 clim,
1804 2265 1837 2296 δε

955 2315 1024 2348 quae
1040 2305 1230 2348 sequuntur-3
1256 2306 1341 2347 quod
1355 2315 1419 2338 non
1436 2305 1521 2338 aliud
1529 2305 1591 2346 est,
1618 2315 1711 2347 quam
1734 2313 1840 2337 trans-

956 2349 981 2379 it
1012 2347 1089 2379 nam
1121 2349 1174 2381 vel
1199 2349 1362 2390 judicium.
1409 2347 1616 2389 Caeteroquin
1639 2356 1698 2379 nec
1724 2347 1837 2380 incon-

956 2390 1049 2422 cinne
1073 2389 1231 2431 legeretur
1261 2391 1415 2428 translata
1452 2389 1531 2421 attio
1552 2399 1611 2430 pro
1638 2388 1805 2430 transabiio
1822 2412 1834 2429 ,

956 2441 1056 2472 parvo
1072 2432 1150 2463 item
1166 2432 1331 2463 molimine
1348 2442 1358 2471 3
1389 2439 1426 2463 ut
1450 2431 1595 2463 Librario
1617 2431 1644 2460 π’
1666 2431 1726 2463 late
1747 2433 1836 2463 exci-

955 2473 1056 2511 derit,
1084 2473 1137 2505 vel
1153 2473 1323 2513 dictantis,
1349 2473 1402 2504 vel
1418 2471 1585 2504 scribentis
1609 2473 1703 2505 vitio.
1750 2472 1837 2504 Ante

954 2514 1077 2546 dixerat
1092 2514 1267 2557 Ulpianus,
1284 2516 1454 2556 transferri
1468 2515 1622 2557 judicium
1632 2538 1640 2553 ,
1653 2521 1783 2546 mortuo
1797 2514 1839 2546 fia

953 2555 1138 2588 liofamilias
1153 2580 1163 2596 ,
1196 2566 1280 2589 nunc
1301 2557 1422 2589 diceret
1437 2581 1447 2596 ,
1477 2557 1664 2588 translatam
1687 2555 1834 2587 aaronem

956 2597 1020 2628 dari
1040 2620 1051 2636 ,
1091 2605 1220 2629 mortuo
1246 2606 1464 2640 procuratore.
1517 2597 1689 2639 Competet
1727 2604 1837 2630 autem

957 2638 1107 2670 translata
1121 2639 1221 2679 aetio,
1245 2640 1267 2672 fi
1283 2639 1322 2672 lis
1339 2640 1480 2672 nondum
1496 2639 1534 2671 fit
1550 2639 1658 2676 finita;
1681 2637 1832 2679 judicati,

956 2679 979 2712 fi
991 2679 1107 2720 fuerit,
1132 2687 1169 2712 ut
1182 2681 1214 2712 id
1229 2681 1323 2714 latius
1336 2691 1375 2713 ex
1402 2681 1478 2713 licat
1492 2681 1604 2713 Petrus
1620 2679 1719 2710 Faber
1741 2681 1771 2710 d.
1787 2680 1834 2714 L.

956 2721 980 2753 Ι.
1011 2722 1150 2763 SemeJtr.
1190 2723 1223 2755 C.
1255 2732 1304 2764 13.
1389 2731 1402 2754 t
1424 2722 1469 2754 ita
1491 2730 1619 2763 quoque
1639 2719 1836 2754 evitabimus

957 2765 1119 2802 „anemuri”
1131 2786 1141 2802 ,
1165 2773 1234 2805 quae
1250 2765 1393 2806 alioquin
1408 2764 1469 2795 erit
1485 2764 1515 2795 in
1537 2765 1576 2798 τῷ
1597 2761 1760 2793 translatio
1775 2786 1785 2802 ,
1807 2763 1831 2796 ss

956 2805 987 2836 id
1004 2805 1092 2837 verbi
1111 2805 1296 2847 simpliciter
1312 2814 1498 2847 reponamus
1514 2827 1524 2842 ,
1548 2812 1651 2846 neque
1672 2803 1768 2835 etiam
1791 2805 1833 2837 il-·

955 2847 1010 2879 lud
1026 2848 1142 2879 minori
1155 2854 1247 2878 motu
1263 2846 1448 2888 reponitur,
1461 2854 1553 2886 quam
1567 2844 1710 2877 nostrum
1723 2850 1853 2877 trans-⁰

955 2890 1018 2920 lata
1033 2889 1119 2920 αὲῖῑο.
1161 2888 1281 2919 Multis
1302 2887 1344 2919 fic
1360 2886 1463 2917 modis
1479 2885 1562 2917 recte
1577 2883 1746 2919 difficultas
1762 2887 1825 2920 tol-

955 2930 1051 2970 litur3
1075 2929 1175 2971 elige,
1201 2928 1287 2969 quod
1301 2927 1414 2969 placet.
