2008 3436
302 88 385 126 AD
426 85 565 124 L.IX.
603 83 651 121 D.
695 82 777 120 DE
816 83 988 121 LEGE
1029 83 1322 129 RHODIA,
1363 86 1402 121 C.
1431 87 1493 123 111.
1521 89 1588 126 IV.

57 189 126 212 rum
154 177 418 219 intercapedinem
446 172 542 206 facile
565 170 785 214 agnoscimus,
811 170 862 203 sed
887 179 924 203 ut

55 221 95 252 de
113 222 186 253 loco
202 218 353 260 naufragii
372 215 515 254 constat,
547 214 592 246 ita
611 222 760 256 negamus
779 211 924 245 constare

55 262 96 294 de
113 263 188 295 loco
205 259 413 302 direptionis3
434 258 478 289 ait
501 256 627 302 quidem
650 264 727 287 mox
746 253 922 300 Eudaemon

54 303 232 344 nimquam&
248 325 259 342 ,
284 302 391 342 direpti
409 299 521 338 fiamus,
545 297 575 329 ἃς
599 304 643 328 ait
667 306 684 328 a
711 296 845 343 quibus,
872 295 923 328 sed

55 354 121 377 non
168 343 306 377 uomodo
322 364 334 381 ,
363 350 417 374 aut
435 341 487 372 ubi
516 347 666 371 terrarum
692 338 744 369 vel
768 347 921 384 marrurn3

53 386 136 427 apud
177 384 320 427 yclades,
342 383 441 424 vulgo
456 381 623 427 inquiunt,
647 386 678 410 at
695 388 791 420 quum
807 379 922 420 simpli-

55 428 138 459 citer
154 428 258 465 dicat,
281 426 416 466 rapinam
430 421 505 465 paffi
514 424 633 468 Ju'mssb
648 429 713 452 non
728 420 773 469 est
790 421 922 467 pruden-

51 468 94 501 tis
115 469 222 500 locum
237 466 591 504 determina1·e,neque,
603 463 624 509 ir
642 462 694 494 vel
712 462 922 504 longinquum

53 519 73 542 a
87 508 251 552 naufragio
267 507 472 544 determines,
491 504 562 536 ideo
581 503 770 551 vim-facere
784 512 921 546 receptae

18 571 20 574 >
51 550 193 584 lectioni.
238 548 348 581 Potuit
372 547 548 579 Eudaemon
569 545 663 587 diripi
681 555 712 578 in
734 546 832 585 loco,
857 555 921 587 quo

51 593 140 625 navis
155 590 250 634 periit
266 614 277 629 ,
310 589 341 620 id
366 597 404 620 uc
420 588 635 630 quadantenus
654 586 831 619 subindicat
854 597 921 619 vox

49 636 220 671 πιέσαντες,
241 640 312 673 quae
330 640 346 662 a
385 629 465 662 hanc
480 628 659 668 Jcngm‘wfdu
676 629 773 661 relata
788 638 853 661 non
871 629 921 661 ab·

48 673 141 708 surde
165 673 295 706 innuere
314 671 414 704 videri
434 679 577 719 poterat,
602 672 633 703 in
658 669 726 712 ipso
742 669 829 703 facto
847 680 921 703 nau-

48 714 139 763 fragii
164 714 376 755 direptionem
397 713 459 745 esse
482 711 617 751 faftam3
648 711 699 744 scd
724 720 828 758 tamen
849 713 922 759 inde

45 756 126 790 nihil
144 756 296 798 probatur
307 777 318 794 ,
339 755 450 796 utique
469 754 549 786 nihil
567 753 674 793 solidi,
689 762 724 785 ut
739 761 853 793 novrt,
867 764 921 795 qur

50 807 152 830 oraece
173 797 276 830 novit.
322 796 432 828 Potuit
460 796 555 838 igitur
581 796 722 838 direptus
746 794 841 827 fuisse
867 796 920 827 vel

49 823 84 873 {³11
102 839 210 878 Italia,
235 838 287 870 vel
304 837 407 870 Insula
423 838 546 879 aliqua,
569 837 620 869 vel
641 838 770 879 Epyro,
792 836 919 883 Dalma-

51 882 116 920 tia,
142 880 195 912 vel
220 880 317 918 alibi,
341 880 485 921 quinimo
507 879 558 910 vel
588 879 618 910 in
637 878 758 917 Gallia,
784 878 836 910 vel
860 877 919 910 Hr-

49 922 174 964 spania,
198 922 249 953 vel
262 921 390 959 Africa,
414 921 464 952 vel
482 921 511 952 in
532 920 602 961 ipsis
622 919 814 961 Cycladibus
826 929 920 966 ,num

47 964 193 1007 plurimis
213 972 323 995 eorum
349 962 432 994 locis
454 971 494 994 ne
520 961 769 993 verosimilitudo
792 960 919 1002 qu1dem

48 1006 142 1038 nobis
163 1004 306 1043 constat,
332 1013 405 1036 cum
421 1002 612 1042 nesciamus,
633 1011 692 1044 qua
708 1002 739 1048 in
759 1001 919 1049 partelta-

46 1047 98 1079 liae
119 1045 316 1088 naufragium
336 1045 373 1079 fit
390 1043 518 1076 fadum.
556 1042 654 1075 Dicet
675 1052 761 1084 qu1s,
788 1043 917 1089 ubicun-

47 1098 108 1129 que
125 1087 242 1121 fastum
258 1086 325 1125 est,
350 1095 413 1118 non
431 1085 493 1116 ess'e
511 1084 610 1117 simile
628 1093 706 1116 vero
723 1107 735 1123 ,
766 1084 917 1126 direptio-

47 1139 118 1162 nem
137 1128 200 1160 eisc
221 1127 334 1160 factam
358 1127 389 1158 in
407 1127 488 1158 locis
507 1135 569 1159 tam
587 1126 682 1168 longe
699 1128 738 1158 ab
759 1125 849 1158 Italia
871 1136 917 1158 re-

46 1170 162 1209 motis;
187 1169 238 1202 sed
262 1177 340 1200 vero
361 1168 423 1200 hoc
447 1167 582 1200 omnino
597 1167 781 1209 persuadere
796 1177 861 1200 non
880 1169 916 1200 li-

46 1219 117 1244 cet:
150 1213 220 1243 εὶιώς
242 1207 270 1245 ,S
291 1211 376 1247 γ’·ειῧς
399 1212 476 1238 mm*
506 1215 527 1248 ’ς
550 1210 627 1248 aa&
649 1212 676 1240 τὶ
698 1211 784 1247 sinze,
812 1209 915 1249 verosi-

39 1251 113 1286 ‘mile
124 1255 203 1284 enim
223 1251 264 1293 est
279 1252 372 1283 multa
385 1250 475 1292 fieri,
507 1261 547 1282 ure
563 1249 741 1290 verofimilia
760 1261 818 1282 non
827 1252 913 1292 fimt,

44 1294 88 1333 fi,
110 1302 146 1326 ut
168 1298 295 1326 credere
320 1294 448 1333 dia-num
471 1294 501 1324 ei
526 1316 535 1332 ,
560 1293 667 1324 credas
691 1292 855 1326 Aristoteli
876 1294 915 1325 de

45 1336 93 1369 Re
118 1335 241 1367 Pob'tica
265 1326 475 1375 Cap.}<v111.
521 1333 564 1366 Et
583 1334 653 1375 quis
678 1335 780 1376 legem
800 1343 916 1376 tempe-

45 1377 118 1410 stati
135 1385 251 1418 ponet,
264 1377 318 1408 ubi
338 1375 492 1417 naufragii
509 1376 655 1416 reliquias
672 1376 834 1417 expellat?
845 1386 916 1408 nau-

44 1418 153 1459 fragos
176 1419 214 1450 ad
234 1419 305 1450 loca
321 1418 371 1449 vel
392 1416 593 1449 remotiffima
613 1417 790 1458 adpellere,
811 1418 841 1450 ἀ
864 1418 914 1451 ad-

45 1452 159 1502 puiiffe
169 1459 326 1501 quondam
342 1468 444 1490 rerum
458 1459 654 1490 nauticarum
669 1460 795 1492 annales
811 1459 916 1502 passim

47 1504 231 1543 loquuntur.
276 1501 383 1547 Quare
407 1499 429 1532 fi
451 1499 662 1542 Cycladenses
689 1501 916 1534 Eudaemonem

44 1543 215 1584 depraedati
235 1542 332 1574 essent
347 1542 428 1582 apud
448 1541 624 1583 Cyclades,
637 1542 667 1574 ὅ(
685 1543 737 1574 vel
756 1543 787 1575 in
805 1543 916 1575 ultima

41 1583 247 1623 Tnule,n0n
267 1590 332 1616 erat
351 1583 580 1625 Interpretibus
596 1583 846 1620 dissimulandum
862 1592 915 1617 aut

43 1626 238 1667 negandum,
262 1624 447 1666 naufragio,
469 1625 558 1656 verbi
577 1625 698 1666 gratia,
724 1626 757 1657 in
773 1625 912 1659 finuTa-

43 1668 194 1706 rentinO,
216 1676 270 1699 aut
297 1666 373 1699 alibi
392 1666 428 1698 ad
450 1665 573 1698 Italiam
589 1666 694 1706 facto,
718 1677 837 1700 merces
859 1676 914 1700 aut

42 1707 94 1741 sca
119 1709 168 1741 hae
194 1708 372 1750 impolitas,
397 1715 453 1739 aut
478 1707 542 1740 fine
565 1707 676 1750 scapha
702 1707 782 1742 solas
798 1718 838 1742 eo
855 1719 912 1753 po-

41 1717 136 1783 'tuiffe
151 1748 285 1790 deferri,
307 1750 337 1782 &
353 1758 449 1791 porro
466 1748 571 1791 diripi.

83 1790 198 1833 Neque
221 1792 317 1824 etiam
334 1814 344 1830 ‚
387 1790 409 1824 fi
437 1791 573 1833 liqueret
599 1792 639 1824 de
662 1792 738 1825 loco
763 1793 912 1835 diteptio-

41 1832 110 1872 nis,
134 1833 275 1865 nostrum
293 1832 370 1865 effet
395 1832 526 1866 definire
541 1857 552 1873 ,
582 1843 643 1875 qua
669 1835 833 1867 occasione
851 1835 910 1868 Pu-

41 1873 160 1907 blicani
194 1875 247 1906 vel
289 1875 342 1906 alii
363 1896 375 1913 ,
410 1875 463 1916 qui
490 1875 523 1907 in
559 1874 752 1917 Cycladibus
791 1876 911 1909 habita-

41 1914 138 1955 bant,
164 1915 207 1948 ibi
230 1915 352 1948 fuerint
368 1938 379 1954 ,
411 1916 465 1948 vel
486 1925 580 1958 quam
598 1917 744 1949 citiffime
770 1918 800 1951 ἃ
823 1918 911 1952 facil-

41 1957 118 1990 lime
132 1965 173 1988 eo
192 1957 413 1998 pervenerint:
437 1957 517 1990 nihil
531 1958 615 1990 enim
636 1963 725 1991 vetat
747 1959 907 2001 homines,

43 1999 96 2041 qui
115 2007 192 2031 mox
214 1997 366 2031 dicuntur
388 1999 464 2029 οἰκεῖ.
487 1999 534 2033 nis
557 2000 720 2042 κυκλώδοις,
741 2001 836 2035 etiam
854 2002 908 2035 ali-

648 2112 1007 2151 CAPUT

1762 100 1828 135 103

966 170 998 202 bi
1024 169 1169 203 locorum
1192 169 1335 210 versari,
1362 171 1392 204 ἃ
1417 173 1459 205 ibi
1486 174 1627 217 dircpcrc
1652 175 1831 218 naufragos.

965 211 1079 244 Potuit
1095 212 1157 244 hoc
1174 212 1241 245 fieri
1270 213 1436 253 omnibus,
1459 224 1540 256 quos
1562 218 1653 256 dixi,
1677 219 1778 258 locis,
1803 219 1834 251 δι’.

965 253 1016 285 vel
1037 253 1070 285 in
1089 253 1199 293 Italia,
1226 253 1279 285 ubi
1303 253 1502 296 naufragium
1529 257 1646 291 factum
1663 267 1752 298 erat,
1774 259 1832 292 nisi

966 295 1017 326 cui
1038 294 1157 336 fingere
1179 296 1217 327 sit
1238 296 1376 337 volupe,
1404 297 1481 330 istos
1506 299 1627 331 sanaem
1649 311 1738 333 extra
1767 300 1831 334 Cv-

966 336 1070 368 clades
1086 336 1148 368 effe
1165 345 1225 368 nec
1241 336 1402 378 debuisse,
1425 349 1483 371 nec
1508 341 1651 380 potuill'e.
1698 341 1760 373 Fac
1775 337 1831 384 ig'i—

967 387 1036 417 tur,
1058 387 1114 410 eos
1134 377 1228 410 fuisse
1252 378 1355 419 glebae
1384 380 1570 423 Cycladcnli
1597 382 1830 423 adscriptitios,

965 427 1019 452 aut
1036 419 1110 451 alias
1135 429 1184 452 res
1201 420 1402 461 immobiles,
1424 432 1495 464 quae
1522 422 1716 465 Cycladibus
1736 433 1828 456 exce-

964 461 1040 493 dere
1062 470 1127 493 non
1151 468 1308 502 poterant.
1354 463 1397 495 Et
1422 471 1526 497 tamen
1550 465 1602 496 vel
1629 466 1672 496 ita
1701 465 1831 496 illorum

963 502 1114 535 facilitati
1150 503 1313 545 indulgere
1336 504 1510 546 potuiffent
1544 505 1737 548 Interpretes
1756 528 1767 544 ,
1799 506 1831 538 δε

963 544 1091 577 credere
1113 545 1284 579 v'mclnum‘m
1307 545 1400 579 fuiss‘e
1419 557 1428 586 3
1459 548 1512 588 qui
1535 547 1567 579 in
1592 547 1682 580 ltalia
1699 570 1710 586 ‚
1733 547 1786 580 vel
1808 547 1832 580 fi

963 586 1034 627 quis
1051 586 1130 617 alius
1148 585 1247 618 fuerit
1270 586 1361 620 faerae
1385 589 1573 627 direptionis
1590 589 1699 628 loeus,
1723 587 1830 621 statio-

964 637 1020 660 nes
1038 627 1214 666 habebant,
1236 628 1266 660 &
1284 630 1315 661 in
1332 629 1369 662 iis
1384 630 1548 671 publicum
1567 633 1760 663 exercebant
1775 640 1832 662 no-

965 669 1050 701 mine
1072 669 1273 710 α’ςχιδημοσίων,
1296 671 1348 712 qui
1368 672 1399 704 in
1425 671 1621 714 Cycladibus
1637 681 1734 705 erant.
1782 672 1831 704 Ita

963 711 1012 744 illi
1031 712 1211 750 ἁρχιδημόσιοι
1227 711 1384 754 Cyclades
1401 723 1465 746 non
1484 715 1702 756 egredientur,
1724 720 1756 746 at
1774 713 1832 760 do-

962 753 1006 786 mi
1027 752 1088 785 suae
1121 752 1262 786 sedentes
1283 755 1507 795 praedabuntur
1530 766 1571 789 ex
1593 757 1716 789 ratione
1735 756 1833 796 juris,

963 804 1033 836 quae
1056 804 1112 835 per
1137 795 1233 826 alium
1260 796 1312 836 qui
1336 795 1416 828 facit
1432 822 1441 837 ,
1473 797 1573 839 ipsum
1596 797 1706 830 feciss'e
1729 797 1833 829 videri

963 836 1047 867 vult.
1093 834 1164 867 Nec
1190 835 1261 868 sane
1285 837 1448 871 difficilem
1475 839 1543 871 haec
1567 850 1615 872 res
1642 839 1832 882 explicatio—

963 886 1036 909 nem
1055 877 1170 915 habet,
1194 878 1216 910 fi
1239 878 1283 910 τὲς
1313 879 1435 916 Ena-eim
1457 888 1563 913 vertas
1576 883 1771 923 publicanos,
1794 886 1830 911 ut

963 919 1045 950 verti
1075 918 1162 960 poss'e
1187 919 1329 952 dicemus
1359 922 1430 962 Cap.
1455 922 1494 954 V.
1527 932 1598 955 nam
1625 926 1736 966 utique
1763 932 1829 954 non

964 969 1060 992 omne
1077 960 1241 1001 publicum
1259 970 1314 1002 per
1333 962 1363 994 se
1380 963 1543 1012 publicani
1562 974 1714 998 exercent
1734 965 1755 997 l.
1775 974 1828 996 un.

966 1001 997 1033 C.
1022 1003 1055 1032 de
1073 1001 1203 1034 εοηααὲἲ.
1226 1002 1335 1045 vestig.
1361 1004 1437 1046 Base.
1487 1016 1558 1047 quae
1575 1007 1667 1040 estin
1687 1007 1757 1040 aliis
1776 1006 1830 1038 Li—

960 1042 1024 1074 bris
1050 1043 1070 1075 l.
1097 1053 1126 1075 2.
1153 1043 1183 1075 ὃς
1212 1053 1282 1086 pars
1310 1045 1371 1078 Tit.
1405 1046 1437 1078 C.
1463 1049 1565 1089 quibus
1594 1059 1704 1081 muner.
1731 1046 1827 1089 excas

959 1084 1011 1123 hi,
1033 1086 1083 1126 qui
1094 1084 1159 1126 post
1181 1086 1263 1126 impl.
1295 1088 1385 1119 milit.
1417 1086 1469 1120 sed
1494 1089 1546 1120 vel
1575 1090 1746 1131 praesentes
1774 1089 1829 1122 vel

959 1125 1101 1158 absentes
1119 1128 1141 1159 l.
1164 1132 1194 1162 8.
1217 1127 1246 1169 §.
1270 1137 1296 1160 1.
1316 1128 1357 1170 ff.
1381 1130 1414 1161 de
1430 1131 1720 1172 vacat.&exczqht.
1744 1141 1826 1163 mun.

959 1169 1090 1200 omnino
1114 1169 1199 1201 enim
1219 1169 1375 1212 proefhntes
1389 1194 1401 1210 ,
1430 1180 1466 1203 ut
1488 1172 1605 1214 legitur
1620 1196 1632 1212 ,
1661 1173 1829 1215 legendum

959 1208 1004 1241 est
1025 1210 1057 1242 in
1084 1211 1112 1242 d.
1137 1211 1157 1242 l.
1183 1215 1212 1245 8.
1237 1210 1265 1252 §.
1290 1221 1315 1243 1.
1341 1214 1485 1254 quamvis
1504 1215 1535 1246 id
1551 1224 1615 1248 non
1633 1216 1749 1256 probet
1766 1214 1829 1246 Cu-

959 1251 1057 1292 jacius
1081 1252 1114 1284 in
1141 1253 1300 1285 Comment.
1328 1255 1367 1286 ad
1389 1256 1416 1287 d.
1450 1255 1470 1287 l.
1495 1266 1546 1289 un.
1593 1256 1750 1290 Absentes
1776 1265 1828 1287 au-

959 1301 1024 1324 tem
1040 1302 1192 1326 exercent
1210 1295 1262 1327 vel
1284 1305 1339 1336 per
1356 1296 1453 1337 alios,
1479 1298 1531 1330 vel
1548 1296 1715 1332 sublocant
1731 1297 1831 1330 -ιίτιτδη-

958 1339 1109 1376 μοωυιοᾶς,
1134 1336 1189 1378 ipsi
1205 1337 1439 1378 ὶὲχιὸημοσυὲννοῃ
1462 1339 1642 1380 cujusmodi
1661 1339 1755 1372 fuiss'e
1773 1349 1831 1382 po-

960 1375 1021 1409 test
1049 1377 1202 1410 Zachaeus
1234 1378 1289 1411 ille
1311 1381 1480 1418 >Qua-amc
1498 1405 1508 1421 ,
1565 1392 1636 1414 uem
1663 1381 1696 1414 D
1724 1381 1830 1414 Lucas

959 1428 1116 1452 memorat
1142 1419 1266 1463 Evang.
1303 1422 1372 1463 Cap.
1406 1421 1502 1456 XIX.
1539 1392 1567 1465 ξ.
1605 1434 1633 1456 2.
1663 1433 1766 1466 eoque
1796 1424 1830 1455 id

959 1463 1056 1501 magis
1073 1461 1188 1500 credo,
1208 1462 1294 1503 quod
1311 1466 1469 1503 πλωυέςχης
1487 1465 1568 1507 apud
1582 1465 1709 1507 Judaeos
1728 1464 1831 1498 fuerit

959 1502 991 1534 in
1009 1501 1084 1542 usu,
1104 1503 1134 1535 δε
1147 1512 1257 1535 eorum
1268 1504 1374 1547 lingua
1385 1506 1486 1547 vulgo
1497 1507 1603 1540 audiat
1617 1516 1742 1540 nonina
1757 1515 1828 1539 uit-i.

959 1543 1059 1585 Igitur
1076 1554 1131 1585 per
1147 1554 1198 1576 me
1214 1545 1292 1578 licet
1311 1547 1553 1588 publicanorum
1569 1549 1754 1591 Principes,
1776 1549 1830 1580 ha-

957 1585 1113 1618 bitatores
1131 1585 1308 1629 Cycladum
1320 1612 1331 1628 ,
1355 1589 1526 1622 manserint
1542 1590 1651 1632 domi,
1672 1592 1703 1623 &
1718 1599 1830 1622 eorum

957 1626 1086 1660 servitia
1110 1629 1164 1660 vel
1190 1627 1357 1664 ι’πτδημόσπι
1382 1631 1614 1666 Eudaemonem
1636 1632 1828 1674 diripuerint

956 1669 989 1701 in
1008 1667 1117 1708 Italia,
1141 1669 1195 1702 vel
1213 1669 1235 1703 fi
1253 1671 1324 1713 quis
1352 1672 1432 1705 alius
1458 1672 1559 1706 fuerit
1582 1673 1829 1717 depraedationis

957 1709 1155 1753 &redempti
1171 1711 1209 1743 ab
1234 1712 1300 1746 illis
1323 1715 1517 1755 &manuae-luc
1536 1716 1702 1759 vectigalis
1722 1716 1830 1748 locus.

955 1752 1062 1794 Atque
1073 1752 1118 1785 ita
1130 1752 1311 1796 ubicunque
1327 1756 1453 1789 tandem
1468 1755 1551 1790 faCta
1563 1758 1602 1791 fit
1617 1758 1687 1791 haec
1702 1760 1828 1798 ἁςπφῆ,

954 1803 1056 1836 prope
1078 1794 1186 1827 locum
1209 1796 1391 1840 naufragii,
1425 1808 1465 1832 an
1489 1801 1601 1842 procul
1628 1799 1667 1832 ab
1695 1810 1735 1833 eo
1752 1823 1764 1839 ,
1796 1800 1829 1833 in

955 1835 1170 1879 Cycladibus,
1195 1846 1235 1870 an
1253 1847 1344 1871 extra
1372 1850 1445 1880 eas,
1467 1841 1500 1874 in
1527 1842 1626 1882 mari,
1651 1852 1690 1875 an
1715 1842 1748 1874 in
1766 1849 1828 1874 ter-

954 1888 988 1911 ra
1005 1902 1014 1918 ‚
1046 1878 1130 1911 recta
1155 1878 1276 1921 semper
1299 1880 1346 1913 est
1369 1881 1462 1923 hujus
1488 1883 1552 1916 loci
1578 1882 1736 1916 sententia
1753 1906 1764 1922 ,
1794 1883 1827 1922 ὃς

953 1919 1057 1960 reste,
1080 1921 1224 1962 quamvis
1241 1931 1306 1954 non
1326 1932 1439 1963 manu,
1464 1924 1626 1966 poss'umus
1649 1925 1826 1967 impedire,

953 1962 1122 2003 quominus
1131 1963 1166 1995 in
1180 1962 1341 2004 poste-rum
1351 1964 1483 1998 absurda
1493 1966 1639 2000 videatur
1649 1967 1716 2007 ejus
1732 1965 1826 2008 scrip-

952 2011 1031 2036 tura.

1106 2117 1198 2154 IV.

42 2196 153 2247 Quam
176 2197 268 2233 varie
291 2198 404 2235 Ὶπιλίω
426 2196 548 2245 αῄῑῐῐὲἳα
566 2198 625 2245 fit.
680 2201 869 2239 Criticorum
893 2205 927 2239 in
954 2217 1024 2241 earn
1058 2207 1198 2252 impetus
1229 2207 1477 2256 redarguuntur.
1531 2210 1567 2245 Si
1593 2211 1669 2257 quid
1692 2217 1820 2246 muran-

91 2247 164 2282 dum
187 2247 368 2292 videretur,
393 2250 446 2295 qui
471 2250 569 2285 aliter
595 2253 716 2286 mutari
734 2252 857 2300 poffet3
879 2254 999 2300 aliquot
1023 2256 1057 2290 in
1082 2256 1165 2292 hanc
1180 2268 1246 2293 rem
1262 2260 1448 2305 conjetzurae
1464 2256 1506 2299 ἐξ
1521 2263 1770 2297 emendationes.

104 2353 246 2396 ostquam
272 2355 427 2389 laboranti
447 2356 544 2388 Italiae
560 2356 738 2392 succursum
753 2360 819 2401 est,
840 2361 905 2402 pla-

124 2404 178 2428 cet
199 2397 250 2428 boc
275 2399 372 2438 capite
399 2399 575 2430 intercalari
604 2399 798 2434 Criticorum
815 2403 853 2435 ad
868 2404 904 2433 τὰ

39 2440 70 2468 ἁ
86 2441 117 2474 «ᾖ
132 2439 233 2476 Ἰταλίᾳ
250 2438 486 2472 observationes
502 2439 640 2481 referre,
663 2442 693 2474 &
709 2444 848 2486 nunquid
865 2444 904 2476 iis

39 2479 174 2521 amplius
183 2479 213 2511 &
222 2479 334 2512 melius
343 2480 453 2512 adduci
464 2481 567 2522 poffit‚
578 2483 650 2523 conj
654 2483 790 2517 ecturam
799 2484 904 2517 facere

39 2522 71 2554 &
79 2521 263 2563 periculum.
273 2521 401 2563 Explici
407 2530 437 2553 ta
446 2523 476 2554 ἀ
485 2523 643 2556 vindicata
651 2534 787 2567 receptae
798 2526 903 2559 lectio-

39 2562 90 2595 nis
114 2561 280 2594 auctoritas
306 2562 380 2595 satis
403 2564 546 2604 equidem
585 2567 835 2600 emendationem
867 2578 902 2600 0-

39 2612 145 2636 mnem
161 2602 296 2644 refutat,
320 2603 372 2636 sed
387 2611 509 2645 tamen,
532 2605 553 2638 fi
577 2607 628 2638 cui
646 2616 800 2649 nequeant
818 2608 904 2642 satis-

39 2643 165 2682 facere,
186 2653 254 2685 quae
282 2654 318 2677 ea
340 2645 380 2678 de
394 2656 428 2678 re
441 2647 504 2688 jam
517 2646 764 2689 disputavimus,
789 2650 820 2682 &
839 2652 902 2684 Ita-

41 2686 114 2717 liam
130 2685 184 2716 vel
198 2685 288 2717 nullo
313 2686 381 2726 iure
402 2688 526 2730 placeat
545 2689 668 2729 delere3
690 2701 754 2723 non
771 2693 832 2724 erit
849 2693 902 2725 abs

39 2735 76 2758 re
90 2735 231 2757 enarrare
254 2727 379 2766 paucis,
408 2729 484 2771 quid
510 2729 577 2769 ejus
593 2732 668 2764 loco
684 2732 903 2766 substituerint

39 2767 115 2807 alii,
141 2766 171 2799 &
210 2767 262 2798 uid
282 2776 378 2808 porro
397 2768 539 2803 substitui
560 2773 660 2813 polilt.

83 2776 209 2841 Samuefl
231 2807 354 2853 Petitus
375 2810 546 2857 Miscellan.
570 2814 641 2847 Lib.
666 2815 723 2849 111.
751 2817 821 2858 Cap.
851 2827 901 2850 11.

40 2848 322 2891 Cosmographiam
344 2851 429 2896 {³qu
454 2854 500 2885 Le
524 2856 549 2885 is
565 2879 574 2894 ‚
607 2864 641 2887 ut
655 2867 738 2890 nunc
752 2859 870 2901 legitur
889 2883 900 2899 ,

39 2891 158 2933 aliquid
184 2889 314 2922 monstri
344 2892 437 2925 inllar
464 2894 502 2926 ha
525 2906 576 2927 ere
606 2907 766 2940 perperam
788 2908 873 2932 ratus
889 2923 901 2939 ,

41 2931 94 2964 sed
115 2940 200 2963 ratus
221 2940 325 2964 tamen
344 2956 355 2972 ‚
387 2943 445 2974 pro
467 2937 493 2964 ὡ
518 2941 548 2975 τῇ
573 2941 676 2980 'namq
695 2940 804 2973 scribit
823 2943 849 2971 &a
869 2946 900 2978 τῇ

40 2977 170 3019 τηιώῑι,1
188 2982 230 3004 uo
246 2982 287 3004 ex
305 2972 398 3005 Italia
421 2974 541 3010 faceret
565 2979 695 3013 insulam
716 2982 836 3023 Telum,
857 2993 899 3015 ex

39 3015 140 3056 Spora
164 3023 171 3044 1
198 3023 232 3046 us
245 3023 354 3054 unam,
381 3014 433 3047 seu
447 3019 572 3064 potius,
597 3030 660 3062 quo
674 3023 745 3055 inde
758 3024 900 3058 efficeret

40 3064 162 3088 novum
181 3064 282 3094 mare,
307 3055 419 3088 Tenum
436 3059 594 3094 videlicet.
626 3063 743 3097 Probat
759 3065 839 3099 hanc
849 3076 896 3099 re-

40 3095 239 3129 stitutionem
254 3097 404 3130 Seldenus
420 3099 452 3131 in
469 3100 556 3133 Mari
576 3103 670 3146 claust»
690 3105 760 3140 Lib.
781 3107 806 3140 I.
830 3115 895 3149 cap.

41 3147 94 3177 25.
139 3137 200 3169 Sed
223 3147 310 3178 eam,
341 3141 427 3178 quod
447 3139 600 3183 satisest,
620 3145 771 3180 refutavit
785 3150 901 3182 Salma-

40 3178 102 3212 fius
124 3180 159 3210 de
185 3178 274 3211 Modo
308 3180 474 3222 Usurarum
501 3184 574 3227 Cap.
596 3186 636 3221 V.
655 3193 690 3230 p.
710 3199 749 3222 m.
773 3199 845 3231 205.
870 3191 902 3224 &

947 2362 1056 2404 Jacob.
1082 2362 1306 2398 Gothofredus
1323 2366 1362 2399 ad
1379 2367 1408 2399 h.
1433 2367 1454 2399 l.
1479 2368 1551 2410 Cap.
1574 2367 1630 2400 III.

990 2404 1142 2438 Claudius
1159 2407 1321 2440 Salmasius
1337 2409 1415 2448 illo,
1439 2418 1533 2450 quem
1554 2410 1700 2449 notavit,
1715 2417 1816 2440 emcn-

946 2446 1057 2478 datore
1076 2446 1147 2479 heic
1164 2448 1254 2489 pejor
1272 2450 1400 2490 reponit
1413 2450 1441 2479 όν
1467 2455 1496 2490 ⁷33
1512 2454 1658 2491 meane,
1683 2453 1716 2482 in
1735 2451 1816 2481 litto-

946 2498 976 2519 re
988 2511 997 2527 ,
1008 2490 1041 2520 in
1050 2498 1100 2519 ora
1107 2491 1260 2521 maritima
1272 2512 1283 2528 ,
1296 2491 1480 2527 &nonnihil
1496 2491 1754 2534 Jurisprudentiae
1765 2492 1817 2522 ad-

945 2530 1038 2571 fingit
1052 2529 1091 2562 ad
1106 2531 1253 2562 tuendam
1270 2531 1322 2571 huj
1328 2541 1361 2564 us
1371 2533 1600 2566 emendationis
1617 2534 1817 2576 elegantiam

945 2571 997 2603 sed
1013 2581 1062 2603 nae
1077 2572 1169 2604 valde
1185 2572 1264 2603 illud
1282 2573 1328 2604 est
1344 2577 1496 2609 πειράιωγο,
1512 2575 1601 2607 simul
1617 2586 1653 2608 ac
1663 2583 1817 2616 παςωμω.

946 2613 1122 2654 Respondit
1148 2612 1270 2645 infelici
1294 2613 1377 2654 JCto
1403 2616 1510 2656 Jacob.
1531 2616 1754 2650 Gothofredus
1777 2615 1817 2648 ad

944 2655 973 2686 h.
995 2655 1015 2686 Z.
1044 2655 1115 2695 Cap.
1137 2655 1191 2686 ult.
1215 2657 1248 2686 in
1265 2654 1323 2696 fin.
1344 2657 1425 2690 nihil
1450 2658 1541 2691 addo,

987 2695 1193 2728 Innocentius
1215 2696 1379 2731 Cirionius
1405 2699 1443 2731 ad
1468 2700 1507 2732 V.
1544 2701 1615 2732 Coll.
1638 2700 1759 2732 Deci-et.
1780 2705 1814 2740 p.

947 2742 997 2773 18.
1019 2736 1157 2770 restituit
1173 2739 1200 2766 όν
1214 2738 1362 2779 ’mmmm
1389 2741 1464 2773 urbe
1482 2741 1678 2784 Pamphylia:
1696 2741 1814 2774 mariti-

943 2789 1016 2818 ma,
1047 2778 1100 2811 sed
1128 2779 1198 2811 haec
1224 2789 1297 2812 cum
1324 2782 1407 2814 inter
1424 2782 1580 2824 Cycladas
1594 2794 1659 2815 non
1678 2784 1733 2823 fit,
1760 2781 1814 2815 vel

942 2830 983 2852 eo
1001 2820 1106 2853 rursus
1124 2826 1254 2855 Δημοσίις
1271 2823 1346 2855 illos
1367 2824 1546 2864 direpturos
1575 2826 1739 2866 oportebit
1762 2826 1813 2857 de-

943 2861 1045 2901 ferre,
1071 2863 1124 2895 vel
1141 2862 1311 2905 naufragos
1329 2864 1524 2905 diripiendos
1550 2866 1625 2898 hinc
1641 2867 1679 2897 ad
1696 2866 1812 2908 Cycla-

942 2903 1006 2935 das.
1088 2905 1148 2936 uod
1176 2912 1212 2936 ut
1237 2906 1305 2937 fieri
1330 2906 1418 2946 poss'e
1443 2916 1508 2938 non
1531 2916 1613 2949 nego
1631 2931 1642 2947 ,
1674 2908 1717 2939 ita
1738 2908 1768 2940 id
1787 2909 1811 2939 i-

943 2944 1031 2986 psum
1076 2955 1093 2976 e
1118 2946 1212 2978 Italia
1233 2947 1402 2988 quominus
1426 2947 1565 2979 dicamus
1589 2949 1675 2980 nulla
1699 2948 1744 2980 est
1761 2960 1809 2982 ra-

941 2987 1008 3026 ti03
1033 2987 1076 3019 sin
1092 2987 1175 3026 ajas,
1200 2987 1279 3020 hanc
1299 2989 1337 3019 ab
1358 2986 1551 3030 Cycladibus
1577 2989 1703 3031 longius
1720 2990 1812 3023 dista-

940 3037 991 3067 re,
1012 3037 1106 3069 quam
1131 3028 1284 3061 Attaliam
1302 3039 1311 3067 3
1341 3027 1408 3060 esto
1429 3029 1556 3071 longius
1579 3032 1736 3073 navigasse
1754 3035 1809 3067 vel

938 3070 985 3101 ⁷234
1003 3070 1145 3107 swan-1¹⁸5,
1168 3069 1222 3100 vel
1247 3069 1432 3110 naufragum
1458 3071 1697 3106 Eudaemonem.
1744 3073 1809 3108 De-

938 3111 1034 3152 nique
1060 3110 1116 3151 qui
1140 3109 1263 3141 Italiam
1292 3111 1345 3142 hic
1372 3110 1524 3144 sublatam
1552 3114 1691 3154 volunt,
1711 3116 1807 3150 etiam

943 3161 979 3183 ea
1005 3160 1138 3184 utuntur
1165 3151 1312 3192 ratione,
1344 3154 1430 3194 quod
1455 3164 1520 3187 non
1537 3163 1610 3197 apte
1626 3156 1670 3188 ibi
1685 3157 1811 3192 dicatur

941 3197 1096 3234 ’σωφρόνων
1113 3197 1246 3233 ποιεῖθαι,
1271 3192 1379 3227 nescio
1405 3202 1531 3236 tamen,
1569 3207 1612 3230 anv
1625 3199 1728 3240 aptius
1738 3202 1760 3229 ἐν
1780 3203 1812 3241 τῇ
1839 3221 1844 3224 -

1749 3243 1811 3272 Ἀτ-
