2008 3436
160 124 205 151 53⁴2

160 203 286 234 pretum
301 192 483 228 ἁκωῖολογιίι
502 191 743 235 excogitaverit.
789 188 885 221 Omni
905 196 1027 229 contra-

162 237 226 267 ctui
257 236 432 268 conventio
460 234 537 266 inest
559 257 570 273 ,
597 242 629 265 at
647 243 710 265 non
729 239 855 262 contra:
879 229 1027 269 siquidem

162 286 240 318 ergo
257 277 448 308 vocabulum
465 277 618 307 convenire
640 282 808 309 occurrat,
833 271 884 301 ubi
906 279 963 301 nec
973 278 1028 299 vo—

161 319 215 355 la,
240 328 298 350 nee
325 318 490 360 vestigium
522 316 701 348 contractus
719 314 781 351 est,
806 312 865 344 erit
883 312 964 356 nuda
979 319 1028 350 pa-

161 360 227 390 &io
249 384 258 398 ‚
292 360 408 402 quippe
433 368 504 390 cum
523 359 596 396 illa,
628 363 738 398 praeter
754 360 997 385 conventionem
1016 374 1026 388 ‚

164 400 245 433 nihil
261 402 396 442 requirat
417 402 453 431 ad
470 400 696 441 perfectionem
715 395 731 427 s
729 397 757 426 ui
769 418 779 433 ,
803 395 856 425 ubi
874 403 940 430 res,
960 401 1028 422 ver-

161 440 202 473 ba
213 464 224 480 ,
246 443 361 483 quidve
379 442 462 474 aliud
480 441 601 472 accedit
613 462 624 477 ,
652 438 874 469 conventionum
889 434 1027 474 pleneque

164 485 199 513 in
215 484 296 515 aliud
311 494 412 515 nomen
430 483 579 523 transeam
602 482 630 511 cl.
655 480 676 511 l.
702 488 726 509 1.
751 477 780 518 ἓ.
802 477 855 507 ult.
902 474 1027 520 Haben-

166 523 205 555 da
224 525 319 566 igitur
333 525 395 556 erit
414 523 533 564 semper
552 521 679 561 subjetti
695 517 868 559 argumenti
887 523 987 552 ratio,
1001 515 1030 545 ὃς

164 565 238 597 inde
255 567 303 606 jus
317 576 358 597 ex
372 575 405 597 re
425 563 688 596 constituendum.
734 559 841 596 Adde,
865 557 922 594 sis,
943 554 1026 587 Dua-

165 617 277 639 renum
295 607 325 639 in
352 609 506 639 Commeat.
532 605 569 636 ad
591 605 619 635 cl.
643 603 663 634 l.
688 612 712 634 1.
739 600 767 642 ᾗ.
790 610 819 642 3.
845 600 877 630 cle
890 596 971 638 pact.
997 605 1028 627 u-

169 649 200 679 bi
219 649 283 680 late
299 658 356 689 pro
374 657 471 679 more.
973 680 979 685 ι

216 689 271 720 Πῑι·
294 696 347 730 pro
369 689 480 720 Maevz‘o
507 698 543 718 ex
558 684 901 727 summcisztprczscripta:
927 680 1032 712 Etiam

168 738 281 761 contra
298 730 515 761 aristot-itatem
535 728 663 760 Codicis
680 724 830 757 Hetrusci
841 746 851 761 ,
872 732 943 754 cum
958 721 1033 752 Vnc-

169 777 243 812 gata
259 772 287 802 dt
307 770 490 802 Haloandro
509 770 671 810 legendum
689 767 766 798 ess'e:
792 765 897 797 Publio
910 763 1032 808 Mfevio,

169 815 231 852 jam
255 812 372 843 dudum
395 809 640 843 animadversum
659 807 704 839 est
726 819 733 838 :
758 816 829 839 nam
847 815 884 837 an
901 804 973 836 satis
992 803 1033 834 la-

171 855 237 884 tine
252 853 369 884 Lucius
387 853 497 884 Titius
517 851 638 882 dicatur
656 849 779 881 solvere
799 847 851 878 vel
870 845 1035 890 refundere

169 904 229 935 pro
241 894 351 926 Mamm
364 904 421 935 pro
439 893 542 925 Publio
558 892 686 930 Maevz'o,
697 890 840 931 equidem
855 897 921 919 non
929 885 1034 917 video.

169 936 268 968 Error
285 936 412 967 videtur
428 943 518 966 natus
535 943 575 965 ex
595 932 754 964 contracta
769 930 922 970 scriptura
940 926 1034 958 PLO

171 977 225 1009 vel
250 977 341 1009 PBO
359 1000 369 1015 ‚
402 976 484 1008 unde
508 973 751 1015 &scriptor-es,
782 970 894 1009 PRO,
918 969 1035 1013 exiguo

171 1020 266 1051 unius
290 1018 400 1050 duetus
424 1016 612 1049 discrimine.
656 1015 688 1047 Si
710 1014 762 1045 cui
781 1021 883 1044 tamen
903 1010 1035 1046 sederit,

173 1061 344 1093 lestionem
363 1058 576 1091 Florentinam
601 1055 805 1098 pertinaciter
828 1053 931 1090 tueri,
952 1051 1037 1095 dicat

169 1110 223 1144 pro
253 1101 365 1134 Maevio
393 1101 474 1132 idem
496 1098 558 1130 esse
580 1122 589 1137 ‚
615 1107 651 1129 ac
669 1098 703 1128 in
723 1096 893 1127 utilitatem
911 1093 1035 1137 Maevn.

176 1144 338 1175 Caeterum
353 1141 405 1173 Fr.
424 1141 646 1173 Hotomannus
671 1138 707 1169 ad
730 1138 758 1168 h.
783 1136 804 1167 l.
828 1135 895 1166 haec
911 1141 1037 1169 omnia,

171 1192 225 1227 pro
246 1184 356 1216 Moevz'o
381 1193 418 1214 ex
435 1182 551 1222 stamma
566 1179 785 1223 fitprcfiriffla·
813 1176 862 1222 seu
881 1174 977 1212 dista,
1003 1180 1039 1203 ut

175 1227 280 1257 denuo
306 1223 446 1265 Norica)
475 1222 624 1264 glossema
650 1220 711 1252 ess'e
735 1220 802 1250 exis
820 1226 913 1255 nnat,
944 1219 1038 1252 certe,

177 1268 242 1305 ait,
263 1267 408 1298 abundare
426 1275 483 1296 non
506 1262 546 1304 est
571 1264 696 1294 dubium.
742 1259 802 1292 Sed
819 1259 858 1290 de
874 1267 913 1289 eo
931 1265 1018 1288 mox.

221 1306 388 1349 Menstruos
410 1306 565 1347 refundere
590 1305 706 1335 debeam
733 1301 864 1333 denarlos
890 1304 1041 1329 trecenos.-

174 1350 361 1383 Refundere
380 1370 391 1387 ,
421 1355 486 1379 tum
516 1346 584 1384 hic,
616 1353 682 1376 tum
699 1342 793 1380 alibi,
821 1339 867 1371 est
883 1338 1011 1384 reddere
1029 1360 1040 1375 ,

175 1391 340 1424 restituere
357 1412 369 1429 ,
397 1390 492 1420 etiam
517 1388 586 1417 dare
602 1410 612 1425 ‚
644 1383 732 1416 sensu
749 1407 758 1422 ,
789 1391 852 1423 quo
869 1379 977 1425 supraq
999 1385 1042 1410 ita

176 1432 336 1473 accipitur
349 1431 380 1462 in
405 1431 425 1461 l.
450 1427 560 1469 22..ff.
584 1429 618 1458 de
650 1427 753 1457 minor.
776 1424 796 1455 l.
821 1432 872 1469 49.
891 1421 933 1468 ff.
949 1420 1042 1462 solut.

177 1475 309 1506 matrim.
342 1472 373 1503 ἃ
394 1472 425 1503 in
441 1471 513 1510 Jure
530 1468 714 1501 sexcenties.
759 1465 870 1496 Rarius
889 1464 967 1495 illud
984 1470 1041 1493 vo—

177 1514 326 1547 cabulum
349 1513 380 1544 in
408 1510 599 1543 Auctoribus
624 1508 792 1545 offendes,
816 1514 863 1537 ter
878 1513 981 1536 tamen
996 1512 1042 1534 re-

204 1556 317 1588 etitum
337 1553 438 1586 exstat
455 1553 536 1594 apud
551 1550 611 1583 Tr.
629 1550 807 1582 Pollionem
826 1547 857 1579 in
880 1546 999 1578 Claudio
1018 1553 1044 1575 c.

179 1567 274 1632 {Na
309 1595 373 1627 duo
396 1601 546 1636 praeterea
566 1591 709 1632 exempla
726 1589 902 1630 suppeditat
921 1586 1044 1618 Conna-

181 1649 242 1672 nus
275 1638 432 1669 Commem.
465 1635 537 1677 Jur.
570 1634 637 1666 Civ.
660 1631 702 1664 L.
727 1631 797 1664 Vll.
825 1630 856 1661 C.
886 1638 937 1661 12.
960 1637 990 1659 n.
1015 1636 1045 1668 7.

180 1681 222 1713 ad
242 1677 375 1720 exposit.
408 1678 429 1709 ἰ.
453 1688 483 1719 3.
511 1677 542 1708 C.
574 1677 607 1707 cle
623 1674 715 1715 fund.
735 1673 907 1718 patri-mon..
939 1669 1048 1715 thue

180 1722 260 1754 adeo
277 1719 459 1752 irrationale
476 1718 512 1750 fit
529 1717 602 1750 Ant.
621 1714 713 1747 Fabri
728 1713 880 1754 iudimum
898 1721 930 1743 m
942 1710 1047 1742 Ratzo-

182 1764 246 1796 nal.
271 1762 309 1793 ad
332 1761 351 1793 l.
376 1771 408 1802 5.
432 1759 461 1802 §.
485 1759 538 1791 ult.
557 1758 598 1800 ff.
623 1758 657 1788 de
680 1754 802 1786 conditi.
827 1753 905 1794 ⁶⁶22ss-
927 1753 990 1783 dat.
1015 1751 1048 1783 C.

181 1805 229 1838 N.
266 1803 297 1834 S.
331 1802 385 1834 ubi
412 1806 438 1831 τὸ
454 1801 606 1842 refundere
635 1797 712 1839 (pro
728 1795 910 1832 restituere,
928 1792 968 1839 fi*
978 1792 1050 1824 Diis

181 1847 300 1888 placet,
326 1843 447 1885 inquit)
474 1842 645 1874 Triboniam·
663 1838 849 1880 inelegamiae
867 1835 903 1871 ὅ)
915 1835 1049 1876 inscitiae,

186 1887 210 1920 fi
226 1886 298 1918 Diis
312 1885 437 1926 placet,
462 1889 627 1924 acceptum
644 1879 720 1912 sert.

230 1927 349 1959 Verum
371 1925 502 1967 propius
527 1922 625 1965 ipsum
650 1919 875 1953 conventionis
888 1926 1050 1960 argumen-

186 1978 256 2003 tum
276 1968 459 2000 intueamur.
506 1963 657 1997 Debitori
672 1971 712 1993 ex
736 1962 836 2003 prima
851 1958 1053 2001 stipulatione

187 2013 317 2051 integrae
345 2008 438 2040 sortis
465 2006 583 2039 solutio
608 2003 756 2037 Kalendis
772 2002 891 2034 futuris
909 2001 1050 2032 immine-

184 2053 264 2089 bat3
295 2050 338 2082 fin
365 2050 468 2081 minus
485 2072 495 2087 ,
526 2057 566 2079 ex
584 2045 717 2078 secunda
740 2043 855 2085 praesto
876 2050 943 2074 erat
963 2040 1053 2072 usura

189 2102 291 2124 vorax
306 2113 318 2130 ,
344 2091 535 2130 avidumque
563 2089 595 2120 in
621 2094 764 2127 tempore
787 2084 903 2116 foenus.
947 2081 1052 2128 Ipsum

185 2135 294 2175 itaque
320 2131 358 2163 ad
386 2130 540 2172 angustias
563 2129 738 2165 redactum,
762 2125 851 2157 Publ.
872 2125 1050 2160 Maevmm,

188 2173 356 2214 conceptis
372 2172 458 2203 hunc
474 2172 506 2203 in
524 2171 651 2202 modum
680 2166 825 2209 precibus
840 2166 945 2197 adiiss'e
962 2164 1053 2206 fingit

188 2215 294 2250 Zassus
313 2215 344 2245 in
370 2214 476 2245 Comm.
498 2213 536 2243 ad
559 2213 585 2243 h.
600 2211 619 2242 l.
647 2209 758 2246 Vides,
774 2209 898 2249 frater,
920 2207 1053 2248 quodmi-

193 2259 226 2289 hz'
242 2255 451 2288 intolerabilem
467 2253 616 2296 jastura'm
639 2252 773 2293 ingeris.-
801 2254 955 2291 prorogato
983 2247 1055 2277 mihi

193 2298 350 2330 terminum
394 2296 528 2326 &luvionis
555 2296 593 2325 ad
617 2300 707 2324 certos
725 2294 858 2322 terminos
874 2313 885 2328 ,
907 2291 1006 2331 quibus
1029 2293 1055 2318 te

183 2340 298 2383 fhlvere
313 2298 430 2378 pfflnz.
475 2335 665 2377 AEquiffimae
689 2332 768 2365 Luc.
785 2332 870 2364 Titii
887 2329 1056 2363 laborantis

192 2379 329 2422 querela:
347 2377 457 2410 annuit
474 2377 632 2413 creditor,
656 2376 798 2414 interque
813 2382 867 2404 eos
883 2371 1055 2408 convenit,

194 2430 229 2454 ut
245 2418 394 2453 menstrui
412 2417 617 2450 refundantur
638 2416 758 2448 denarii
785 2415 900 2446 treceni
919 2424 959 2445 ex
977 2412 1056 2444 sum-

192 2473 244 2495 ma
268 2459 472 2502 suprascripta
490 2482 501 2498 ,
531 2459 562 2491 id
590 2457 660 2496 est,
690 2466 731 2488 ex
759 2466 852 2498 3750.
889 2455 970 2487 Den.
995 2453 1058 2485 five

195 2502 375 2545 quindecim
393 2500 540 2533 sestertiis
563 2501 595 2531 in
621 2504 741 2536 neutro,
766 2505 861 2539 prout
884 2499 915 2529 C.
941 2496 995 2528 lll.
1023 2494 1058 2529 ὣς

195 2544 267 2576 VII.
292 2543 514 2584 explicuimus.
539 2541 650 2582 Ingens
667 2539 737 2571 sane
752 2539 889 2571 debitori
901 2537 1057 2571 solatium!

194 2585 242 2617 est
256 2593 390 2623 namque
417 2583 539 2614 lucrum
566 2581 734 2622 temporis,
760 2581 811 2612 cui
828 2579 981 2621 imprimis
999 2581 1059 2610 ltu-

195 2627 270 2658 dere
289 2624 450 2661 adsolent,
474 2623 528 2664 qui
546 2623 577 2654 in
593 2631 654 2654 aere
668 2622 772 2654 alieno
786 2621 873 2659 sunt,
908 2621 979 2652 heic
995 2620 1059 2652 val-

194 2668 235 2699 de
262 2665 478 2706 conspicuum.
523 2661 676 2695 Universa
705 2663 788 2694 enim
807 2662 893 2700 sors,
914 2672 982 2702 qua:
999 2661 1058 2693 Ka-

194 2708 295 2741 lendis
325 2705 480 2747 proximis
506 2705 596 2736 illico
622 2710 688 2735 erat
711 2703 916 2742 restituenda,
939 2704 1060 2734 virtute

195 2749 328 2789 hujusce
343 2747 441 2789 pasti,
452 2753 523 2777 ante
540 2745 611 2777 Idus
632 2744 742 2776 mensis
759 2744 844 2775 tertii
863 2744 975 2775 decimi
986 2753 1058 2774 cum

196 2790 312 2822 effecm
342 2789 406 2830 peti
431 2787 561 2828 nequit:
601 2786 732 2817 trecenti
765 2785 882 2816 denarii
908 2785 1060 2824 cujusque

196 2830 326 2869 menfis,
359 2829 527 2861 duodecies
550 2827 652 2866 auffi,
682 2826 824 2868 pariunt,
849 2824 934 2866 lapso
950 2834 1031 2856 anno
1048 2848 1058 2864 ,

196 2875 291 2915 ¹3600.
315 2871 362 2902 his
384 2877 487 2901 autem
506 2869 526 2901 fi
552 2878 620 2909 150.
646 2866 763 2900 Denar.
785 2866 924 2908 (dierum
934 2866 1061 2907 quinde-

199 2914 282 2951 cim,
304 2910 498 2943 sivemensis
514 2909 634 2942 dimidii
656 2907 854 2950 pensionem)
877 2906 986 2946 addas,
1010 2907 1060 2938 ha-

201 2954 289 2986 bebis
313 2953 439 2986 demum
465 2951 574 2985 mensis
597 2950 712 2984 decimi
734 2949 822 2983 tertii
854 2947 960 2981 Idibus
985 2948 1061 2981 inte-

451 105 853 149 CORNELM
902 116 1007 144 vin
1057 99 1653 142 ssxNKERSHOEK

1070 195 1157 228 grum
1175 185 1272 217 debiti
1291 192 1406 226 caput,
1427 185 1579 216 videlicet
1594 192 1686 226 3750.
1712 183 1863 217 denarios.
1904 185 1930 218 1-

1072 237 1104 261 ια
1128 227 1192 259 sors
1217 226 1296 258 setta
1322 226 1384 257 erit
1403 226 1434 257 in
1450 225 1611 267 pensiones
1630 225 1799 257 menstruas
1814 226 1928 258 duode-

1072 270 1135 300 cim
1152 278 1223 299 cum
1243 267 1381 299 dimidia.
1426 267 1576 299 Attamen
1592 266 1646 298 alii
1663 275 1729 297 eam
1753 265 1932 308 discerpunt

1072 313 1103 343 in
1128 309 1342 351 praestationes
1366 308 1613 349 quinquaginta:
1639 306 1690 338 sed
1707 307 1769 338 hoc
1787 308 1855 346 illi,
1879 310 1931 349 qui

1070 352 1248 394 quindecim
1271 350 1432 382 denarium
1456 349 1555 381 millia
1580 349 1699 380 credita
1728 347 1820 380 fuisse
1841 359 1931 391 augu-

1070 402 1186 465 Raptur.
1235 391 1315 424 Haec
1339 390 1378 422 de
1402 390 1508 430 sorte,
1540 390 1579 422 de
1599 389 1697 422 usuris
1720 390 1871 422 convenit
1889 391 1933 423 ni-

1093 453 1100 465 ]
1120 459 1126 466 ι
1787 452 1789 454 ’

1115 475 1167 507 Ex
1194 477 1271 506 omni
1291 474 1407 515 smnma
1431 475 1458 505 ei
1466 496 1477 512 ,
1505 473 1646 505 haeredive
1663 473 1744 514 ejus:
1767 472 1864 504 Reste
1879 473 1931 505 ob-

1073 516 1349 548 servatDonellus
1361 538 1372 553 ,
1404 516 1629 546 inculcationem
1656 515 1702 545 hic
1720 514 1790 555 effe,
1814 513 1866 546 sed
1882 515 1932 546 ad-

1073 559 1140 596 dit,
1162 568 1218 588 non
1231 558 1345 598 proi-ssus
1361 558 1485 597 otiosam.
1543 555 1639 602 Quod
1657 565 1691 587 Ut
1732 555 1843 594 robet,
1866 565 1934 597 par-

1075 608 1122 630 tes
1145 598 1324 630 conveniss'e
1355 598 1503 638 proponit
1520 621 1530 636 ,
1567 597 1610 628 uti
1638 606 1678 628 ex
1712 606 1814 629 umma
1830 597 1932 638 supra-

1074 639 1189 681 scripta
1211 639 1432 671 refunderetur
1458 639 1512 670 illa
1534 647 1732 670 trecenorum
1750 638 1872 679 pensio,
1899 638 1937 674 ὅ)

1075 683 1125 719 id,
1146 691 1181 712 ize
1201 690 1257 721 qua
1275 680 1317 719 fit
1341 681 1501 719 dubitatio,
1522 690 1579 712 non
1603 686 1738 720 exparte
1757 681 1856 721 aliqua
1873 681 1936 722 ejus

1067 723 1186 764 fiammae
1203 744 1213 760 ,
1235 722 1290 762 sed
1314 731 1350 752 ex
1368 723 1444 752 omni
1459 721 1583 762 summa.
1630 721 1678 752 De
1692 722 1797 752 hoerede
1827 722 1936 754 Mevia·

1076 766 1144 805 qnia
1160 763 1235 794 nihil
1256 762 1364 794 dasium
1380 768 1461 802 erat,
1485 764 1591 794 idcirco
1612 762 1647 796 δέ)
1668 764 1700 793 de
1716 772 1744 793 eo
1762 773 1838 794 nunc
1854 763 1936 794 addi.

1077 805 1182 836 Verba
1198 804 1312 842 video,
1335 803 1455 835 sensum
1477 814 1541 836 non
1560 805 1654 835 item:
1677 804 1781 844 primo
1795 804 1937 845 equidem

1078 846 1163 888 quod
1182 846 1220 876 de
1241 844 1357 876 summa
1380 844 1583 886 suprascripta
1606 845 1721 875 dietum
1739 853 1825 884 erat,
1844 845 1882 876 de
1905 855 1939 877 u-

1077 886 1199 920 niversa
1226 885 1311 917 forte
1335 886 1453 917 dissum
1478 886 1540 918 else
1559 910 1569 926 ,
1607 885 1800 918 dubitaverit
1833 896 1941 918 nemo.

1078 929 1163 961 Dein
1186 928 1270 969 quod
1296 926 1413 966 refert,
1443 937 1482 959 an
1508 938 1548 960 ex
1570 927 1654 960 omni
1683 926 1817 968 summa,
1839 937 1878 959 an
1899 936 1941 960 ex

1080 970 1217 1010 ejusdem
1255 977 1343 1011 parte
1373 968 1494 1001 C.C.C.
1527 969 1761 1001 refundantur?
1789 968 1867 1010 quid
1895 976 1941 1000 et-

1079 1013 1141 1044 iam
1165 1010 1264 1043 refert
1279 1031 1288 1049 ,
1320 1018 1423 1042 utrum
1449 1011 1488 1041 de
1513 1011 1635 1042 haerede
1660 1017 1787 1042 cautum
1804 1010 1860 1050 fit,
1881 1018 1941 1042 nec

1080 1063 1138 1092 ne,
1169 1053 1242 1093 quia
1266 1052 1431 1093 plermnque
1455 1059 1516 1083 tam
1541 1053 1696 1083 hoeredibus
1712 1050 1834 1092 nastris,
1855 1055 1941 1093 quam

1080 1092 1300 1134 nobismetipsis
1317 1103 1450 1125 cavemus
1474 1094 1493 1124 l.
1518 1104 1548 1132 9.
1575 1093 1615 1134 ff.
1641 1095 1675 1124 de
1692 1093 1823 1133 prohat-‘2
1845 1093 1890 1125 ait
1910 1093 1939 1124 d.

1080 1137 1101 1167 l.
1120 1136 1308 1176 plerumque,
1338 1135 1478 1175 adeoque
1504 1136 1589 1176 quod
1611 1135 1647 1166 ad
1664 1133 1795 1166 haeredis
1809 1134 1945 1167 mentio-

1080 1186 1152 1209 nem
1171 1177 1306 1215 attinet,
1327 1175 1539 1208 existimamus
1555 1184 1678 1213 tamen,
1701 1175 1795 1207 etiam
1816 1177 1887 1208 heic
1897 1176 1944 1207 lo-

1083 1219 1111 1250 ci
1123 1240 1134 1256 ,
1158 1218 1189 1249 in
1210 1217 1276 1257 eius
1291 1216 1423 1258 persona
1440 1217 1560 1257 operari
1584 1216 1729 1248 effectum
1742 1215 1888 1249 formulae
1909 1220 1945 1246 τὲ

1079 1260 1169 1301 proba
1187 1258 1281 1296 reete,
1306 1267 1367 1298 qua
1384 1257 1423 1288 de
1446 1258 1476 1289 C.
1497 1257 1551 1289 IV.
1577 1258 1631 1289 illa
1649 1257 1751 1296 enim,
1773 1258 1845 1299 quia
1861 1257 1945 1290 solu-

1085 1301 1204 1332 tionem
1227 1298 1394 1330 concernit
1412 1321 1422 1337 ,
1452 1297 1520 1330 fusa
1543 1298 1732 1340 intelligitur
1747 1307 1803 1340 per
1822 1299 1947 1340 stipula·

1085 1342 1204 1374 tionem
1225 1363 1235 1379 ,
1267 1340 1577 1381 conventionemque
1603 1339 1738 1371 secutam
1756 1361 1767 1378 ,
1794 1349 1865 1380 quae
1878 1349 1946 1372 eam

1085 1392 1149 1415 non
1169 1381 1310 1419 tollunt,
1332 1389 1363 1412 at
1382 1389 1504 1413 mutant
1523 1381 1685 1413 duntaxat.
1719 1378 1825 1428 Quare
1842 1389 1949 1415 autem

1086 1425 1205 1456 idcirco
1228 1422 1261 1454 P.
1288 1422 1448 1462 Maevius,
1480 1421 1542 1454 suae
1565 1422 1767 1454 mortalitatis
1784 1421 1949 1464 conscius,

1085 1466 1137 1498 hic
1160 1463 1342 1496 succefforis
1365 1464 1562 1502 meminerit,
1597 1471 1632 1495 ut
1648 1464 1726 1496 &in
1748 1463 1950 1505 stipulatione

1086 1506 1222 1538 usuraria
1240 1504 1294 1537 sub
1310 1505 1447 1546 generali
1464 1506 1676 1546 appellatione
1694 1505 1781 1546 ejus,
1802 1504 1840 1537 ad
1857 1514 1952 1547 quem

1087 1558 1123 1580 ea
1140 1557 1188 1579 res
1206 1547 1361 1588 pertinet,
1386 1547 1511 1578 executi
1527 1546 1630 1578 sumus
1652 1547 1724 1587 Cap.
1739 1546 1792 1578 Vl.
1817 1547 1850 1579 in
1860 1546 1950 1581 verb.

1089 1589 1193 1622 Publio
1209 1587 1319 1620 Maevio
1338 1590 1401 1619 eive
1420 1589 1480 1620 &c.
1514 1588 1605 1620 Patet
1622 1587 1739 1630 igitur,
1761 1586 1951 1629 Donellum,

1090 1640 1187 1672 quum
1205 1629 1283 1661 illud
1294 1631 1385 1670 proba
1401 1628 1476 1661 reste
1492 1628 1751 1670 supervacaneum
1767 1628 1828 1661 effe
1846 1629 1951 1671 dicat,

1090 1672 1191 1704 adhuc
1207 1670 1361 1712 proficere
1377 1671 1474 1709 nibil,
1497 1670 1553 1703 nifi
1572 1669 1658 1702 forte
1677 1671 1830 1703 rationem
1846 1670 1952 1712 aliam,

1091 1723 1184 1754 quam
1198 1711 1263 1753 ipse
1280 1721 1343 1744 non
1363 1712 1514 1753 exprimit
1525 1735 1534 1752 ,
1568 1711 1667 1754 probe
1682 1712 1765 1744 reete
1781 1712 1952 1744 nunciave-

1090 1755 1132 1786 rit
1147 1753 1300 1800 haruspex
1315 1753 1404 1786 alius.
1450 1752 1547 1798 Quod
1564 1753 1601 1785 ad
1615 1753 1837 1795 repetitionem
1847 1777 1857 1793 ,
1880 1763 1917 1786 ex
1925 1763 1954 1786 ο-

1090 1797 1152 1827 mni
1160 1797 1278 1836 summa
1286 1818 1298 1834 ,
1331 1793 1519 1827 subsistimus
1543 1794 1574 1827 in
1589 1804 1627 1826 eo
1640 1819 1649 1834 ,
1674 1794 1759 1836 quod
1774 1795 1891 1827 dietum
1906 1793 1954 1828 est

1094 1838 1127 1869 C.
1146 1836 1202 1869 VI.
1234 1837 1265 1868 in
1290 1837 1381 1875 data,
1402 1837 1501 1877 soluta
1524 1837 1583 1868 &c.
1608 1837 1756 1868 nimirum
1773 1836 1836 1869 fine
1848 1846 1955 1868 exem-

1092 1879 1147 1919 plo
1165 1887 1230 1910 non
1246 1877 1324 1916 esse,
1349 1878 1396 1909 bis
1413 1879 1452 1909 de
1469 1877 1579 1909 eodem
1601 1878 1682 1909 idem
1706 1877 1818 1909 dixiffe
1828 1899 1840 1916 ,
1862 1878 1957 1919 idque

1093 1921 1125 1952 in
1150 1919 1351 1951 cautionibus
1377 1920 1407 1952 ἀ
1429 1918 1598 1958 formulis,
1622 1918 1734 1960 quibus
1748 1918 1954 1960 Pragmatici,

1094 1970 1198 1993 rerum
1223 1961 1364 1992 omnium
1388 1968 1423 1992 ut
1442 1960 1608 2001 plurimum
1627 1959 1786 2001 imperiti,
1810 1969 1873 1992 non
1895 1960 1954 1992 mi·

1094 2012 1153 2034 nus
1172 2010 1215 2033 ‘ac
1240 2002 1336 2033 hodie
1360 2002 1497 2042 ejusdem
1522 2000 1622 2033 ferme
1637 2000 1834 2042 profeffionis
1851 2000 1955 2033 homi-
2002 2007 2003 2010 ’

1094 2053 1168 2117 pes,
1198 2042 1365 2084 superfluas
1393 2043 1561 2074 verborum
1592 2042 1728 2074 cautelas
1757 2041 1891 2081 adjicere
1907 2040 1956 2074 so·

1109 2091 1230 2116 uerunt.

1094 2134 1171 2164 aaa,
1195 2131 1245 2164 ut,
1270 2134 1322 2166 quo
1341 2126 1435 2156 mimas
1448 2126 1560 2166 pignus
1583 2124 1722 2165 veniffet‚
1745 2125 1888 2165 reliquum
1905 2125 1954 2156 de·-

1096 2169 1169 2198 hitor
1191 2167 1320 2198 redderet
1327 2176 1338 2202 ,·
1367 2175 1434 2197 eam
1462 2165 1599 2206 quippe,
1632 2165 1704 2206 quia
1722 2164 1790 2206 ipso
1806 2166 1874 2205 J'ure
1889 2175 1958 2198 cre-

1097 2208 1216 2240 ditorio
1238 2206 1468 2249 hypothecario
1485 2216 1613 2238 cautum
1631 2206 1696 2244 est,
1726 2215 1783 2247 pro
1803 2215 1865 2239 non
1887 2206 1959 2240 scri-

1097 2256 1151 2290 pta
1167 2249 1336 2280 habendam
1347 2270 1358 2286 ,
1382 2247 1548 2288 respondet
1576 2247 1770 2289 Pomponius
1786 2248 1866 2288 apud
1883 2248 1960 2280 Pau-

1099 2291 1164 2323 lum
1191 2291 1223 2321 in
1256 2291 1275 2321 l.
1300 2299 1331 2327 9.
1363 2288 1390 2330 §.
1421 2298 1445 2320 1.
1474 2289 1517 2330 ff.
1539 2290 1573 2320 de
1597 2287 1726 2330 distrast.
1745 2290 1834 2332 pign.
1878 2288 1959 2322 1²2ae-

1100 2331 1158 2363 stat
1173 2331 1282 2372 utique
1301 2332 1331 2362 in
1356 2334 1392 2365 τῷ
1419 2340 1455 2362 ex
1474 2329 1645 2371 omnisuam
1663 2334 1829 2364 aavnaow'ooe
1845 2330 1960 2372 adgno-

1100 2373 1203 2410 scere,
1235 2381 1328 2413 quam
1354 2381 1426 2403 cum
1450 2370 1662 2404 Hotomanno
1678 2371 1828 2413 glossema
1844 2371 1877 2402 in
1896 2372 1960 2403 Pu·

1099 2415 1154 2446 hlio
1180 2413 1290 2445 Mavio
1316 2423 1352 2444 ex
1365 2413 1482 2454 flamma
1500 2413 1722 2454 suprascripta:
1754 2412 1823 2444 haec
1837 2411 1958 2444 etenim

1099 2455 1227 2487 excedit
1243 2453 1397 2486 medicina
1411 2454 1552 2486 modum.
1593 2454 1711 2486 Praeter
1728 2452 1812 2494 quod
1832 2462 1896 2485 non
1915 2453 1962 2485 ita

1101 2496 1268 2528 commode
1283 2505 1439 2526 careamus
1454 2495 1536 2534 fiio-d,
1552 2504 1642 2536 quam
1661 2493 1726 2535 ipse
1744 2492 1806 2525 fine
1822 2494 1889 2526 ullo
1903 2503 1963 2534 po-

1102 2538 1168 2579 puli
1188 2536 1334 2578 suffragio
1360 2541 1483 2567 umam
1508 2535 1670 2567 insimulat.
1716 2534 1845 2567 Interim
1859 2544 1964 2577 neque

1102 2581 1133 2611 in
1155 2578 1358 2620 supervacuas
1376 2576 1529 2608 orationis
1546 2575 1787 2617 significationes
1803 2575 1854 2608 seu
1872 2586 1961 2618 repe-

1101 2621 1231 2652 titiones
1254 2626 1371 2650 temere
1395 2616 1652 2649 consentiendum
1680 2616 1762 2656 effe,
1812 2617 1891 2650 alam
1913 2616 1960 2650 fa-

1101 2662 1189 2692 ciunt
1215 2669 1270 2697 ea,
1300 2668 1368 2700 quse
1394 2658 1538 2689 hactenus
1560 2657 1755 2690 disseruimus
1798 2667 1816 2689 e
1838 2657 1962 2691 formu·

1101 2703 1140 2748 lis
1153 2725 1162 2741 ,
1186 2709 1353 2741 earumque
1370 2700 1489 2730 virtute
1509 2698 1541 2730 in
1556 2697 1765 2740 superioribus
1782 2699 1888 2740 passim
1904 2699 1962 2732 ob·

1101 2752 1162 2775 via.
1676 2746 1679 2749 '

1144 2784 1246 2824 Atque
1270 2782 1312 2814 ita
1339 2780 1435 2823 ipsam
1456 2781 1623 2814 Cautionem
1638 2782 1843 2823 excuffimus,
1865 2792 1883 2815 a
1900 2791 1963 2825 qua

1102 2834 1227 2856 omnem
1252 2822 1400 2856 sinistram
1426 2823 1716 2869 interpretationem
1738 2823 1837 2855 abesse
1867 2822 1964 2857 facile
2007 2854 2008 2857 ,

1103 2866 1172 2907 quis
1199 2865 1321 2896 credat:
1355 2862 1405 2894 sed
1424 2865 1461 2895 de
1479 2866 1577 2896 usuris
1592 2866 1663 2906 quia
1690 2866 1720 2897 in
1742 2864 1965 2898 Conventione

1104 2907 1182 2938 nihil
1207 2905 1324 2937 dissum
1346 2912 1438 2944 erat,
1473 2905 1545 2936 hinc
1569 2906 1614 2937 illi
1643 2913 1747 2938 motus
1763 2928 1774 2944 ,
1806 2905 1879 2938 hinc
1897 2904 1963 2941 illae

1105 2948 1223 2988 turbae,
1247 2947 1285 2979 de
1303 2948 1417 2988 quibus
1433 2946 1493 2986 jam
1511 2947 1573 2988 jam
1589 2946 1815 2990 dispiciendum
1832 2946 1890 2980 est.

1874 3231 1962 3266 CA-

1276 2083 1318 2115 Et
1336 2084 1409 2115 hinc
1424 2083 1478 2115 illa
1492 2083 1523 2115 in
1543 2083 1726 2124 pignoribus
1747 2082 1854 2116 dandis
1868 2083 1959 2116 ἐσφό-
2002 2080 2008 2091 ”
