2008 3436
396 106 800 143 CORNELII

153 193 389 237 'Wisbuycense
407 217 416 232 ,
448 195 532 227 usum
558 203 645 227 certe
671 191 822 234 subegisse
843 201 902 223 nec
929 191 1016 223 dubi-

153 238 255 275 tabis,
281 237 300 269 li
325 237 431 268 credas
451 237 502 275 ei,
525 237 577 278 qui
600 238 639 267 de
664 234 718 266 usu
746 243 786 264 ex
813 232 954 274 professo
979 232 1017 263 ad

154 279 234 309 hanc
252 288 315 310 rem
337 287 569 309 commentatus
588 277 642 308 est.
666 275 740 316 (3)

196 318 352 351 Πὶίὶίηΐεα
377 319 583 351 nihilominus
611 317 655 349 est
682 317 764 348 actio
786 324 899 348 contra
928 314 1018 346 navis

154 361 387 401 merciumque,
411 361 442 391 in
466 360 549 392 salva
575 359 646 391 navi
672 357 867 399 superstitum
885 381 894 396 ,
918 356 1018 387 domi-

154 412 223 434 nos.
246 402 278 434 Si
296 411 372 443 ergo
397 411 517 434 merces
542 402 602 441 jam
620 400 801 430 exonerarit
821 408 935 435 nauta,
959 406 1020 428 non

154 452 261 485 putem
281 453 391 475 contra
416 453 486 474 eum
510 443 662 481 navisque
681 440 843 471 dominum
866 439 1022 470 actionem

155 485 236 524 effe,
260 485 315 516 nili
333 484 483 525 probetur
506 484 535 514 δε
561 482 758 520 detrahatur,
781 490 931 522 quantum
946 489 1021 510 con-

157 527 293 557 tribuere
319 525 476 557 debebant
493 548 502 562 ‚
536 534 606 564 quae
630 522 851 564 superfuerunt
867 544 878 560 ,
907 521 937 552 ἃ
960 520 1023 560 jam

157 576 338 599 exoneratae
373 575 460 598 crant
486 575 616 597 merces.
677 565 720 597 Et
750 574 850 601 cum,
887 563 938 603 qui
971 562 1024 593 da-

156 618 264 641 mnum
278 609 376 649 passus
390 614 692 647 erat‚navem,quae
709 605 836 636 dederat
854 614 927 635 cum
944 612 1022 648 mer-

158 652 267 688 cibus,
292 659 361 690 quae
380 650 412 680 in
432 658 468 679 ca
490 656 594 686 erant,
619 646 736 679 arresto
763 645 951 682 inclufiss'et,
975 645 1022 674 lo-

157 693 191 724 10
207 691 295 723 navis
319 691 450 722 domino
477 690 508 721 in
532 689 581 728 jus
603 696 746 727 vocato,
769 688 800 719 ὃς
823 686 916 719 Curia
939 685 1021 717 Hol-

157 733 269 765 landiae
290 741 378 763 reum
395 732 427 762 in
451 730 599 762 semissem
626 730 730 761 damni
756 727 943 766 damnasset,
967 736 1021 758 ex-

156 774 345 814 sequutione
371 773 403 804 in
428 781 540 804 navem
561 781 722 812 mercesque
750 770 895 803 facienda
910 792 921 807 ,
952 777 1023 799 reus

156 816 282 856 quidem
307 824 324 845 a
346 821 414 846 tota
441 813 593 845 sententia
620 813 815 854 appellavit,
837 810 889 842 sed
909 810 1022 850 Supre-

156 865 226 889 mus
249 856 378 888 Senatus
394 880 404 895 ‚
438 855 559 894 reliqua
584 853 739 887 sententia
763 853 896 894 probata
914 874 924 889 ,
957 860 1022 882 non

156 897 305 939 probavit
329 906 432 929 tamen
457 896 717 937 exsequutionem
742 895 774 926 in
799 903 904 925 merces
928 892 1020 930 fieri,

157 948 288 978 quarum
314 938 433 970 domini
463 938 495 969 in
519 937 565 978 jus
592 937 700 968 vocati
725 946 789 968 non
816 942 914 966 erant.
945 933 1023 978 (4)

159 981 310 1021 Optime,
335 978 501 1012 absurdum
523 979 606 1010 enim
632 978 728 1017 esset,
754 987 819 1009 rem
843 976 926 1008 inter
944 976 1024 1006 alios

158 1022 277 1060 aCtam,
297 1022 450 1053 mercium
470 1020 606 1052 dominis
627 1019 841 1062 praejudicare.

202 1062 298 1106 Quod
315 1063 335 1095 fi
352 1064 390 1095 de
406 1063 564 1094 bonorum
581 1061 816 1093 contributione
830 1066 937 1100 agatur
949 1082 958 1098 ,
977 1058 1024 1089 vi-

158 1105 294 1137 dendum
325 1103 370 1136 est
391 1104 430 1136 de
454 1104 558 1145 pretio
583 1112 693 1135 eorum
708 1126 718 1142 ‚
747 1111 818 1143 quae
841 1100 1021 1140 perierunt,

161 1148 192 1179 &
221 1156 287 1187 qua:
314 1145 434 1177 servata
455 1145 535 1178 sunt.
582 1144 630 1176 Ita
657 1153 762 1175 autern
789 1141 1024 1178 definiendum,

158 1188 259 1219 videri
292 1187 422 1228 potest,
455 1194 491 1217 ut
517 1185 539 1217 fi
575 1185 614 1216 de
642 1184 878 1216 contributione
900 1205 911 1220 ,
943 1182 1025 1221 jactu

157 1229 264 1266 facto,
289 1237 450 1270 ageretur,
475 1236 577 1267 neque
591 1227 674 1257 enim
689 1224 925 1262 animadvertO,
950 1222 1026 1262 quid

160 1270 282 1303 interfit
301 1293 311 1309 ,
343 1269 505 1301 collisione
530 1267 658 1298 navium
677 1289 686 1304 ,
713 1276 751 1297 an
777 1264 880 1305 jactu,
905 1272 1026 1295 merces

156 1312 319 1353 perierint.
369 1311 442 1350 Jure
462 1309 606 1340 Romano
629 1307 709 1348 Jafila
733 1307 766 1339 in
786 1305 1026 1338 contributione

161 1353 372 1389 aestimantur,
394 1351 500 1391 quanti
526 1357 651 1390 empta,
675 1348 780 1387 salva,
805 1348 914 1389 quanti
937 1346 1024 1377 veni-

159 1404 193 1427 re
211 1394 335 1434 poffunt
355 1393 375 1423 l.
399 1402 428 1424 2.
475 1417 482 1423 .
504 1403 534 1432 4.
551 1392 591 1433 ff.
608 1392 642 1422 de
663 1391 746 1433 Lege
765 1390 863 1421 Rhoe.
883 1390 916 1420 de
930 1386 1024 1430 jacin.

160 1436 212 1468 Ex
223 1435 250 1476 ᾗ.
277 1444 326 1466 12.
349 1433 385 1470 ὅ)
400 1438 453 1475 38.
468 1434 539 1464 LL.
567 1433 715 1474 WisbuyC.
741 1441 805 1463 tam
819 1431 917 1471 jacta,
933 1438 1027 1471 quam

159 1477 246 1510 salva
258 1476 407 1507 videntur
435 1474 613 1507 aestimanda
636 1484 677 1505 na
699 1474 733 1504 cle
757 1473 873 1511 markt,
897 1472 971 1503 daur
992 1471 1026 1500 de

160 1519 304 1550 hehouden
329 1517 469 1559 goederen
489 1517 611 1557 verkogt:
637 1515 737 1546 zallen
758 1514 902 1551 werden3
927 1513 957 1544 <St
982 1511 1028 1542 ita

161 1560 265 1601 palam
288 1558 401 1590 definit
423 1557 452 1599 ἓ.
484 1561 516 1590 6.
550 1557 611 1590 Tre.
642 1556 697 1588 IV.
725 1555 800 1588 LL.
829 1555 928 1586 Naue.
952 1553 1026 1585 Phi-

162 1602 237 1642 lippi
261 1600 301 1632 Il.
325 1600 361 1635 &
387 1599 414 1641 §.
440 1603 473 1632 6.
507 1599 567 1630 Tit.
599 1597 727 1631 XXIV.
758 1597 831 1628 LL.
866 1593 971 1633 Frific.
996 1594 1027 1626 δε

158 1643 206 1675 ita
220 1641 297 1674 olim
316 1641 441 1682 judices
460 1638 794 1677 Amsterdammenses,
812 1639 863 1676 ἃ,
885 1646 959 1669 cum
977 1645 1030 1676 ap-

160 1684 317 1726 penatum
333 1682 428 1721 ess'et,
449 1681 544 1714 Curia
559 1680 740 1713 Hollandiae
757 1680 944 1720 judicarunt.
968 1676 1028 1718 (5)

163 1723 317 1759 Succeffit
339 1724 453 1755 deinde
475 1724 536 1755 alia
557 1722 731 1761 sententia,
756 1731 826 1762 quae
846 1720 927 1763 jaCta
947 1718 1027 1756 aesti-

162 1767 290 1806 mavit,
323 1765 430 1807 quanti
465 1774 505 1797 eo
530 1765 563 1797 in
589 1765 663 1796 loco
686 1762 813 1795 fuerunt
830 1786 840 1802 ,
871 1761 925 1794 ubi
939 1761 1029 1808 'jacta

161 1809 235 1842 sunt
255 1831 266 1847 ,
295 1808 369 1848 quia
401 1816 511 1839 revera
535 1814 659 1838 tantum
685 1805 789 1837 damni
811 1813 915 1835 rerum
936 1802 1036 1843 jada-¹

162 1860 234 1882 rum
255 1849 418 1881 dominum
432 1847 524 1880 fuiss'e
549 1847 667 1889 passum
687 1849 792 1887 negari
819 1855 884 1877 non
903 1842 1030 1885 potest,

161 1891 286 1924 ratione
303 1899 418 1931 nempe
434 1889 540 1922 habita
564 1889 703 1928 itineris,
726 1887 875 1919 haetenus
888 1884 1030 1926 pei-acu,

163 1933 195 1964 ἃ
214 1931 347 1974 superati
369 1932 399 1964 in
433 1941 473 1963 eo
501 1930 646 1974 periculi.
697 1930 805 1970 Atque
830 1928 875 1959 ita
905 1935 1031 1968 quoque

162 1973 295 2006 Senatus
310 1973 493 2015 Supremus,
517 1972 591 2006 cum
604 1973 644 2005 de
658 1970 865 2004 aestimatione
878 1968 1031 2001 mercium

163 2014 300 2046 ineunda
312 2024 474 2056 ageretur,
491 2024 572 2046 nave
586 2015 624 2046 ab
641 2014 700 2045 alia
713 2012 843 2049 obruta,
856 2010 1009 2052 judicavit
1021 2033 1032 2048 ‚

162 2055 290 2088 resciffa
306 2056 357 2087 illa
375 2055 720 2088 Amsterdammenfium
739 2054 770 2085 &
785 2053 892 2085 Curiae
909 2051 1031 2086 senten-

164 2097 230 2136 tia,
254 2097 284 2128 &
308 2096 390 2137 saep‘e
406 2097 478 2135 alias
495 2099 538 2128 ita
563 2096 712 2137 judicasse
730 2095 865 2127 relatum
879 2093 934 2125 est.
958 2093 1034 2134 (6)

149 2137 336 2175 -Rationem
361 2137 455 2168 habet
471 2138 522 2170 illa
544 2138 717 2174 sententia,
738 2135 788 2167 sed
815 2134 1033 2167 difficillimam

165 2178 417 2220 explicationem
434 2200 445 2217 ,
486 2186 521 2210 ut
549 2179 609 2210 alia
638 2177 808 2209 occafione.
831 2176 1034 2208 observabam

165 2221 240 2253 zib.
262 2220 287 2252 Ι.
313 2218 423 2266 Qgcaest.
449 2219 522 2260 Jur.
541 2220 621 2260 publ.
650 2219 683 2250 C.
710 2228 758 2259 14.
804 2217 920 2250 Rursus
940 2217 1033 2248 aliam

166 2260 354 2295 sententiam
379 2261 733 2302 confitetudohinvexit,
757 2259 889 2291 dimidio
914 2258 1037 2290 scilicet

166 2303 292 2335 itineris
311 2302 454 2342 perfeeto
474 2301 650 2334 aestimanda
665 2302 763 2340 bona,
783 2301 891 2341 quanti
904 2301 935 2331 in
950 2301 1039 2338 loco,

168 2354 234 2385 quo
257 2342 508 2382 destinabantur,
532 2342 553 2375 fi
575 2343 709 2375 necdum
735 2343 889 2380 dimidio,
909 2342 1039 2381 quanti,

169 2385 224 2416 ubi
244 2390 349 2426 empta
365 2384 576 2424 sunt,veni1·e
594 2383 841 2425 poterant3dixi
854 2383 1037 2423 consuetudo,

169 2427 245 2467 quia
264 2434 358 2458 omne
373 2425 427 2466 Jus
445 2426 609 2458 nauticum
629 2425 686 2458 soli
709 2423 929 2456 consuetudini
943 2424 1038 2465 origi-

168 2470 243 2500 nem
257 2466 361 2498 debet.
409 2467 506 2510 Quod
522 2473 626 2499 autem
639 2468 678 2498 de
695 2466 826 2498 dimidio
840 2466 983 2503 itineris,
1002 2464 1040 2496 ad

168 2508 339 2541 ineundam
365 2507 603 2541 aestimationem
620 2532 630 2547 ,
656 2508 751 2540 modo
777 2507 941 2545 notabam,
965 2506 1039 2538 toti-

168 2550 243 2581 dem
266 2548 373 2581 verbis
396 2549 549 2590 scriptum
571 2548 616 2581 est
633 2550 664 2582 in
682 2549 802 2587 Libro,
824 2548 876 2588 qui
902 2547 1042 2580 inscribi-

166 2598 244 2629 tur,
259 2590 290 2622 Il
309 2590 456 2631 Confidam
472 2591 611 2622 cl'el‘ma‘re
629 2592 662 2622 C.
681 2601 733 2631 94.
757 2590 809 2621 ubi
828 2590 866 2620 de
884 2589 966 2630 Jattu
980 2589 1042 2630 agi-

169 2640 244 2670 tur,
268 2632 298 2664 ἂ
313 2631 352 2663 de
369 2631 481 2662 eodem
497 2631 580 2671 jaetu
598 2632 629 2662 id
648 2632 656 2662 i
662 2632 748 2672 psum
767 2631 868 2662 exstat
880 2631 908 2670 §.
930 2634 980 2668 69.
1007 2630 1042 2665 ὅ)

172 2683 223 2716 70.
258 2672 331 2704 LL.
367 2672 520 2713 Wisbuyc.
555 2679 590 2703 ut
616 2671 820 2704 Amsterdami
850 2672 945 2702 editae
970 2670 1042 2703 sunt

169 2716 258 2746 ‘anno
278 2723 370 2755 1711.
392 2723 465 2746 nam
490 2714 522 2745 in
544 2713 614 2744 aliis
631 2712 834 2744 Editionibus
855 2713 916 2743 alia
932 2721 1042 2743 eorum

169 2755 225 2798 ᾗς.
248 2755 403 2788 sententia
431 2754 504 2787 est..
531 2754 592 2787 Sed
612 2755 663 2786 >ita
688 2754 768 2786 inter
790 2755 819 2785 d.
850 2753 900 2794 §§.
936 2763 983 2784 12.
1008 2753 1043 2788 &³

171 2800 227 2840 38¹.
251 2797 282 2829 &
298 2797 328 2830 d.
350 2795 378 2836 ἓ.
402 2799 455 2834 69.
476 2795 516 2832 &
532 2805 582 2836 70.
608 2805 673 2828 non
687 2795 886 2828 conveniret.
931 2794 1042 2826 Serva-

152 112 223 153 466
870 115 893 140 v
910 114 932 139 Δ
955 115 979 140 N

215 2927 231 2965 (
238 2928 279 2966 3)
296 2929 421 2966 *Verwer
436 2923 550 2967 ad§.³1.j
572 2927 604 2958 T.
617 2928 654 2957 v.
670 2927 732 2956 LL.
746 2927 860 2957 Nautio.
873 2926 992 2964 Philipps·
1007 2927 1042 2955 11.

208 2968 276 3005 (4)
299 2967 384 3004 Apud
399 2966 647 3005 Nemea-Duff.
667 2967 745 3003 Supr.
766 2966 953 2999 eunxmx.

219 3004 279 3042 (ς)
299 3004 384 3041 Apud
400 3005 541 3034 Neostadf
559 3005 649 3044 Decis.
670 3004 747 3042 Supr.
768 3005 830 3033 Cur.
841 3005 982 3034 XLVIII.

217 3041 279 3079 (⁶)
300 3044 377 3071 Idem
407 3042 475 3072 ibid.

217 3080 279 3117 (7)
296 3081 431 3118 Weytsen
446 3091 499 3110 van
514 3082 639 3122 Haverye
656 3083 680 3119 ς,
698 3091 744 3110 22.
761 3082 882 3110 Vinnius
898 3081 924 3109 in
935 3080 1000 3108 Not.
1012 3078 1048 3107 ad

179 3117 312 3160 ss’eckiuw
330 3119 361 3146 de
375 3129 401 3147 re
417 3122 524 3149 nautica
541 3121 648 3149 iri-152.
666 3121 695 3158 ᾗ.
710 3118 804 3158 gdfft-
815 3120 901 3148 aasz„
918 3119 1001 3147 Rhod.
1018 3119 1047 3145 cle

172 3155 239 3192 μᾶ-
262 3156 394 3199 (ΞΙίΗε-ειά
410 3158 436 3188 d.
456 3159 480 3195 ᾗ.
502 3162 531 3189 6.
554 3157 587 3189 T.
610 3160 661 3189 IV.
683 3159 746 3189 LL.
765 3159 885 3195 Philippi
901 3159 937 3187 11.
959 3157 985 3186 ὄι
1000 3157 1048 3185 alii

178 3202 262 3231 quam
277 3195 402 3233 plurimi.
814 3229 817 3231 ,

1053 104 1656 142 BYNKERSHOEK

1060 191 1086 222 ri
1108 198 1211 223 tamen
1233 190 1467 223 distinctionem
1491 191 1574 223 inter
1601 192 1661 224 iter
1680 215 1690 232 ,
1720 203 1776 234 pro
1794 195 1922 229 dimidio

1061 232 1251 273 perfectum,
1275 242 1334 264 nec
1352 243 1390 264 ne
1402 257 1409 266 ,
1431 233 1509 263 varii
1526 234 1676 265 Auctores
1694 236 1815 267 tradunt
1838 236 1855 276 (
1864 247 1880 278 7
1913 261 1924 276 ‚

1061 273 1205 314 idemque
1223 274 1297 313 juris
1308 273 1369 305 ess'e
1387 274 1469 314 saepe
1485 273 1662 315 responsum
1683 275 1737 308 est.
1751 277 1809 317 (8)
1828 278 1925 322 Quod

1062 323 1165 345 autem
1192 314 1338 346 nonnulli
1362 314 1570 347 Consultores
1595 316 1710 348 addunt
1728 340 1739 355 ,
1762 319 1804 350 ita
1828 320 1924 352 etiam

1064 356 1141 396 apud
1160 355 1306 387 Senatum
1326 356 1509 395 Supremum
1532 356 1703 396 judicatum
1717 359 1794 398 effe,
1816 369 1924 392 corum

1065 397 1126 429 fide
1145 396 1206 427 ess'e
1229 396 1348 436 jubeo,
1370 408 1440 428 nam
1464 407 1504 428 ex
1532 397 1631 438 Decis
1658 398 1808 432 XLVlIl.
1832 402 1862 432 ἀ
1887 412 1926 434 ex

1066 437 1172 484 Coren
1199 437 1321 483 Obstru.
1342 438 1429 470 XLI.
1464 448 1534 480 quae
1563 439 1635 471 loca
1661 440 1824 480 adferunt,
1846 442 1927 477 nihil

1066 478 1313 519 ejusmodlcfficl
1332 479 1444 519 potest.
1499 480 1581 512 Haec
1612 481 1691 512 ratio
1721 482 1845 514 ineundi
1874 483 1926 515 da-

1068 521 1131 551 mni
1151 520 1296 564 pinguior
1314 521 1440 560 quidem
1457 521 1520 559 est,
1545 521 1596 554 sed
1620 522 1688 554 aliis
1703 546 1712 558 ,
1738 532 1812 563 quas
1839 524 1927 565 dixi,

1066 562 1153 594 forte
1170 562 1299 599 utilior,
1322 570 1380 593 nec
1396 562 1526 601 dubito,
1548 564 1622 603 quin
1641 562 1694 594 usu
1711 562 1747 595 fit
1764 565 1927 606 receptiffi-

1067 612 1126 635 ma.
1174 601 1281 647 Quare
1303 603 1399 634 miror
1417 626 1427 641 ,
1458 613 1608 645 nuperum
1634 605 1827 645 Scriptorem
1853 606 1929 648 (9)

1067 654 1141 689 eam·
1154 643 1314 684 rejecisse,
1339 645 1368 675 ὅ(
1394 644 1457 675 sine
1480 645 1543 676 ulla
1563 646 1654 677 ullius
1689 647 1765 687 legis
1787 648 1836 678 vel
1876 647 1931 679 ho-

1065 686 1158 717 minis
1186 685 1370 716 auftoritate
1402 687 1509 718 omnia
1536 688 1667 718 omnino
1695 686 1776 719 bona
1802 688 1929 720 aeslima-

1065 737 1099 758 re
1129 725 1290 764 voluisse,
1320 729 1426 767 quanti
1451 735 1554 767 empta
1581 726 1662 760 sunt.
1706 729 1793 760 Bona
1822 730 1930 770 utique

1065 768 1186 800 servata
1205 767 1325 808 semper
1341 767 1490 800 aestimata
1511 768 1598 809 sunt,
1622 771 1729 810 quanti
1748 771 1857 801 venire
1873 780 1929 811 po-

1067 816 1213 847 tuerunt,
1227 809 1312 849 quod
1334 818 1434 842 autem
1452 812 1495 841 ait
1512 809 1541 851 §.
1566 820 1595 851 7.
1624 811 1657 843 T.
1685 811 1739 843 lV.
1764 811 1836 843 LL.
1858 812 1931 843 Phi-

1066 851 1137 891 lipp.
1167 849 1207 896 ll.
1234 852 1264 882 ὅς
1286 850 1315 891 §.
1337 861 1365 892 7.
1392 851 1432 883 L.
1457 852 1479 883 1.
1515 852 1546 883 T.
1579 853 1704 885 XXlV.
1730 852 1801 885 LL.
1827 851 1930 891 Fr.·'fic.

1065 901 1229 932 pecuniam
1246 891 1393 924 conferre
1414 904 1489 925 naar
1497 893 1558 934 syn
1583 896 1754 935 z'nwenuz'ge
1769 895 1929 935 waardye,

1065 943 1128 965 non
1147 932 1218 965 satis
1246 933 1408 975 intelligo,
1430 935 1485 967 nisi
1509 944 1614 967 arcere
1635 936 1794 967 voluerint
1817 934 1931 968 numis-

1067 983 1169 1011 mata,
1195 975 1224 1006 &
1245 975 1276 1005 in
1298 975 1344 1007 his
1361 977 1497 1015 pretium
1516 975 1702 1009 affectionis.

1109 1015 1170 1047 Sed
1188 1025 1328 1056 quaenam
1347 1017 1539 1049 servatorum
1559 1018 1714 1050 bonorum
1731 1019 1859 1051 nornine
1880 1018 1932 1050 ha-

1066 1057 1228 1095 bebimus,
1242 1065 1276 1087 ut
1294 1058 1493 1090 contribuant
1503 1059 1520 1090 {2
1532 1059 1560 1090 ἃ
1575 1068 1682 1100 putem
1695 1061 1819 1099 onmia,
1830 1069 1935 1101 quem-

1067 1098 1235 1130 admodum
1253 1097 1274 1129 fi
1291 1098 1330 1129 de
1349 1099 1430 1140 jaffitu
1446 1109 1562 1141 agatur.
1608 1101 1666 1132 Sed
1683 1111 1720 1132 an
1737 1103 1767 1134 ὅ(
1783 1099 1931 1142 Magistri

1067 1148 1293 1185 nautarumque
1316 1139 1466 1181 stipendia
1479 1141 1495 1172 ἱ)
1519 1141 1562 1172 Et
1587 1142 1711 1182 quidem
1736 1153 1766 1174 in
1794 1142 1934 1174 testatio-

1068 1181 1159 1212 mbus
1173 1179 1518 1213 Amsterdammensium
1535 1183 1564 1213 ἃ
1580 1182 1913 1216 Rottcrdammenfium
1924 1205 1936 1221 ,

1068 1220 1173 1253 mense
1194 1219 1279 1259 =lulio
1306 1225 1396 1255 1628.
1420 1224 1499 1262 apud
1520 1223 1666 1255 Senatum
1684 1225 1866 1264 Supremum
1890 1223 1937 1256 fa-

1069 1262 1155 1307 etis„
1166 1261 1343 1302 expressum
1362 1261 1425 1300 est,
1448 1263 1464 1303 (
1481 1263 1549 1303 10)
1570 1263 1826 1296 consuetudinem
1847 1264 1908 1296 ess'e
1925 1289 1936 1305 ,

1068 1302 1215 1344 Magistri
1228 1301 1414 1343 stipendium
1428 1313 1516 1345 atque
1531 1305 1734 1336 contribuere
1744 1315 1837 1346 atque
1855 1307 1937 1338 bona

1069 1344 1190 1376 servata
1206 1368 1216 1383 ,
1250 1344 1291 1376 fic
1316 1353 1442 1385 quoque
1468 1345 1521 1377 ille
1544 1346 1674 1377 Senatus
1701 1347 1856 1386 judicavit
1887 1356 1934 1388 ιῖ.

1069 1386 1150 1432 Maj.
1188 1389 1278 1427 1630.
1324 1387 1361 1418 ln
1386 1396 1445 1418 una
1474 1396 1580 1419 autern
1603 1396 1707 1419 earum
1736 1387 1937 1421 testationum

1070 1427 1238 1468 adjicitur,
1263 1427 1294 1458 id
1311 1428 1437 1459 demum
1462 1436 1536 1460 tunc
1552 1429 1715 1467 obtinere,
1737 1430 1859 1469 quando
1878 1429 1934 1461 bo-

1069 1479 1109 1513 na
1132 1468 1324 1500 aestimantur
1345 1469 1449 1509 pretio
1471 1469 1553 1505 loci,
1576 1479 1640 1511 quo
1665 1470 1876 1510 vehebantur,
1901 1479 1938 1502 ut

1069 1519 1135 1548 erat
1160 1510 1192 1541 in
1217 1510 1274 1541 illo
1301 1510 1393 1547 casu,
1413 1519 1524 1542 contra
1548 1520 1644 1550 vero,
1668 1512 1687 1543 si
1714 1512 1820 1552 pretio
1844 1512 1922 1551 loci,

1070 1561 1133 1594 quo
1145 1560 1250 1591 empta
1264 1551 1341 1584 sunt.
1368 1551 1541 1584 Nautarum
1558 1562 1684 1593 quoque
1697 1552 1846 1594 stipendia
1863 1563 1938 1586 con-

1071 1593 1210 1625 tribuere
1234 1602 1278 1624 eae
1306 1593 1487 1626 testationes
1515 1593 1733 1633 consentiunt,
1759 1595 1790 1626 in
1816 1593 1938 1635 quibus·

1070 1635 1142 1666 dam
1164 1642 1268 1665 tamen
1286 1635 1426 1673 additur,
1449 1635 1480 1666 id
1503 1634 1572 1667 fere
1591 1636 1633 1666 ob
1652 1635 1806 1667 minutum
1825 1645 1937 1668 eorum

1070 1675 1210 1718 pretium
1226 1677 1342 1717 negligi
1365 1675 1472 1708 solere.
1519 1677 1684 1717 Supremus
1699 1678 1794 1708 etiam
1810 1677 1941 1709 Senatus

1072 1717 1183 1757 eodem
1205 1726 1252 1758 17.
1279 1718 1361 1758 Maj.
1387 1721 1478 1759 1630.
1524 1717 1680 1759 Magistro
1700 1726 1811 1749 contra
1830 1727 1940 1750 nautas
1983 1740 1987 1744 -

1071 1752 1163 1792 soluti
1179 1757 1323 1799 stipendii
1339 1760 1468 1791 nomine
1477 1760 1708 1791 condictionem
1724 1759 1939 1791 contributio-

1071 1801 1118 1832 nis
1144 1799 1291 1832 servavit.
1315 1799 1416 1841 (11)
1460 1800 1541 1832 Haec
1572 1801 1603 1832 in
1622 1800 1739 1832 servata
1764 1800 1861 1839 navi,
1886 1799 1939 1832 sed

1073 1841 1147 1884 quid
1167 1841 1190 1874 fi
1213 1842 1369 1883 perierit?
1393 1841 1435 1873 Et
1460 1852 1489 1883 3.
1517 1842 1590 1881 Apr.
1617 1846 1705 1882 1674.
1728 1842 1851 1883 quidam
1876 1841 1939 1873 Ad-

1072 1883 1205 1921 vocati,
1230 1892 1270 1913 ex
1295 1882 1381 1915 fatto
1398 1883 1552 1921 consulti,
1575 1883 1817 1924 responderunt,
1840 1882 1857 1923 (
1873 1882 1938 1924 12)

1073 1923 1217 1966 Magistri
1234 1932 1458 1964 nautarumque
1480 1925 1567 1956 navis
1580 1948 1588 1961 ,
1613 1935 1681 1965 quae
1700 1924 1830 1955 dimidio
1849 1924 1939 1956 itine-

1073 1967 1115 1998 ris
1131 1964 1274 2008 perfecto
1288 1965 1428 2006 depressa
1439 1974 1525 2004 erat,
1551 1965 1720 2007 stipendia,
1742 1966 1856 2007 quippe
1872 1974 1940 2006 quae

1074 2009 1119 2040 ita
1135 2009 1196 2048 jam
1208 2007 1420 2047 debebantur,
1442 2007 1679 2039 contributione
1695 2007 1755 2039 esse
1773 2005 1938 2039 sarcienda.

1075 2049 1136 2082 Sed
1162 2048 1216 2080 alii
1235 2073 1244 2088 ,
1271 2049 1382 2080 eodem
1405 2048 1471 2081 fere
1496 2058 1638 2090 tempore
1658 2071 1669 2087 ,
1692 2048 1781 2080 aliter
1806 2047 1940 2088 sapuere.

1077 2090 1175 2132 (13)
1219 2089 1296 2122 Non
1321 2091 1423 2123 minus
1440 2089 1617 2131 discrepant
1639 2100 1676 2122 ac
1694 2090 1942 2126 tumultuantur,

1076 2134 1095 2173 (
1110 2132 1177 2173 14)
1200 2131 1221 2163 si
1246 2132 1335 2164 navis
1357 2157 1366 2173 ,
1388 2141 1475 2173 ,quae
1504 2132 1596 2164 aliam
1627 2130 1770 2173 depressit
1790 2153 1800 2168 ‚
1836 2127 1942 2170 ejusve

1077 2182 1198 2206 merces
1223 2172 1344 2206 fuerint
1365 2173 1564 2212 assecuratae,
1588 2182 1642 2212 an,
1669 2175 1701 2204 in
1722 2180 1827 2203 earum
1841 2170 1943 2212 pretio

1079 2214 1258 2247 aestimando
1271 2238 1280 2254 ,
1307 2215 1427 2247 detrahi
1441 2225 1565 2256 quoque
1583 2215 1694 2246 debeat
1715 2211 1945 2245 assecurationis

1078 2256 1272 2299 praemium?
1295 2257 1355 2289 Sed
1373 2257 1420 2288 his
1441 2255 1571 2298 aliisque
1591 2255 1731 2287 minutiis
1748 2252 1944 2286 excutiendis

1080 2299 1182 2330 nolim
1199 2298 1370 2329 immorari.
1576 2311 1577 2317 ¹

1126 2339 1234 2380 Magis
1247 2349 1351 2380 operae
1366 2339 1499 2379 pretium
1515 2339 1577 2370 erit
1596 2361 1606 2377 ,
1643 2346 1678 2370 ut
1695 2338 1734 2369 de
1760 2345 1871 2369 mutuo
1894 2336 1945 2369 da-

1082 2390 1157 2413 mno
1173 2380 1351 2413 videamus:
1370 2380 1438 2412 fere
1456 2381 1538 2412 enim
1563 2380 1678 2412 accidit
1690 2386 1745 2417 ,ut
1762 2379 1946 2419 navis,quae

1082 2422 1135 2454 vel
1157 2421 1320 2454 obruendo
1336 2423 1387 2454 vel
1407 2422 1564 2454 allidendo
1579 2422 1724 2453 damnum
1741 2419 1846 2458 dedit,
1867 2417 1947 2451 acci·

1082 2465 1149 2506 piat
1169 2473 1301 2504 quoque.
1348 2462 1384 2495 ln
1403 2463 1573 2502 sententia,
1595 2472 1656 2504 qua
1669 2462 1836 2500 Supremus
1858 2460 1950 2492 Sena-

1085 2514 1133 2536 tus
1147 2504 1177 2536 d.
1193 2515 1244 2546 27.
1262 2505 1342 2545 Maj.
1362 2513 1453 2546 1730.
1475 2514 1607 2543 navem,
1628 2513 1698 2543 quae
1715 2502 1806 2534 aliam
1821 2499 1943 2541 depres-

1083 2545 1181 2585 serat,
1206 2546 1367 2578 dimidium
1383 2545 1486 2577 damni
1503 2546 1568 2577 dati
1591 2544 1750 2576 restituere
1766 2541 1948 2580 damnavit,

1084 2587 1238 2627 adjectum
1259 2586 1322 2626 est,
1347 2587 1526 2619 detraheret
1544 2586 1705 2617 dimidium
1722 2584 1844 2622 damni,
1868 2581 1951 2624 quod

1084 2628 1149 2670 ipsa
1161 2629 1365 2669 deprimendo
1380 2636 1552 2670 acceperat.
1575 2627 1634 2659 Sed
1648 2626 1680 2657 id
1698 2624 1818 2665 semper
1834 2624 1864 2656 ὅ(
1887 2623 1952 2655 ubi-

1084 2679 1146 2710 que
1172 2679 1235 2701 non
1263 2670 1389 2702 obtinet
1404 2693 1414 2709 ,
1445 2669 1575 2701 omnino
1598 2668 1681 2699 enim
1705 2665 1953 2707 distinguendum

1085 2711 1131 2744 est
1143 2734 1152 2750 ,
1177 2719 1282 2742 utrum
1301 2720 1406 2743 mutua
1430 2709 1510 2742 faeta
1528 2709 1564 2741 fit
1579 2707 1740 2751 impulfio,
1763 2710 1793 2740 ἃ
1813 2715 1888 2738 tunc
1903 2704 1953 2737 ad-

1077 2751 1237 2784 mittenda
1262 2750 1307 2783 est
1329 2751 1479 2784 detractio
1493 2773 1504 2789 ,
1526 2750 1570 2782 fin
1595 2759 1723 2787 autem,
1744 2757 1808 2781 non
1834 2747 1950 2778 etiam:

1087 2802 1121 2825 ut
1131 2801 1208 2834 puta
1222 2802 1291 2825 mea
1309 2793 1398 2825 navis
1414 2792 1565 2833 navigans
1581 2800 1664 2823 tuam
1681 2798 1793 2823 contra
1809 2787 1953 2829 navigan-

1887 2835 1952 2860 tem

1126 2925 1187 2962 (8)
1207 2923 1300 2961 Confit.
1315 2922 1350 2951 B.
1366 2921 1400 2951 Τ.
1414 2923 1436 2951 1.
1451 2921 1522 2960 Cous.
1538 2930 1604 2958 243.
1621 2919 1657 2956 ὅ)
1677 2920 1708 2949 T.
1722 2920 1771 2949 111.
1784 2917 1856 2954 Cons.
1869 2925 1935 2953 251.

1128 2963 1187 3000 (9)
1207 2964 1326 2991 Verwer
1340 2961 1374 2990 ad
1392 2962 1416 2998 ς.
1434 2969 1458 2989 1.
1476 2961 1531 2989 Tit.
1547 2962 1584 2990 V.
1600 2959 1663 2988 LL.
1682 2959 1797 2994 Philipp.
1811 2957 1846 2986 11.
1860 2965 1887 2985 n.
1908 2963 1936 2991 7-

1128 3001 1142 3036 (
1152 3002 1206 3038 10)
1227 3000 1311 3037 Apud
1325 3000 1421 3028 Coren
1436 3000 1462 3028 d.
1488 2999 1598 3038 Otgserv.
1620 2998 1696 3027 XLI.
1714 3032 1715 3035 Ἰ

1129 3040 1207 3077 (11)
1228 3039 1321 3067 Coren
1338 3039 1364 3066 d.
1385 3040 1431 3066 loc.

1128 3079 1207 3114 (12)
1228 3077 1319 3114 ConJil.
1332 3077 1366 3105 B.
1390 3077 1460 3105 Tom.
1476 3077 1499 3105 1.
1517 3075 1684 3113 Corfil.244.
1706 3070 1805 3113 Qstoest-
1826 3081 1852 3108 3.
1873 3071 1909 3109 ὅ)
1927 3080 1954 3108 4,

1127 3118 1204 3152 (13)
1225 3114 1580 3153 Confit.,B.‚T.·1‘ll.*Cmrsil.
1594 3111 1765 3152 arm-Junci.
1781 3110 1874 3140 Confil.
1890 3119 1955 3146 251.

1093 3156 1204 3221 T(Iifi)
1218 3153 1317 3220 Cf'onfit.
1327 3153 1361 3181 B.
1375 3150 1406 3187 T.
1415 3152 1539 3191 LConsil.
1549 3161 1616 3189 244.
1625 3148 1725 3192 Quaefta
1737 3157 1749 3180 1
1757 3171 1764 3179 .
1774 3147 1811 3185 ὅ)
1820 3149 1911 3190 Conssl.
1920 3147 1955 3178 B.

1119 3213 1126 3221 .
1190 3213 1196 3222 .
1241 3194 1290 3230 onj.
1314 3199 1377 3226 251.
