2008 3436
191 140 237 173 50
446 124 846 164 CORNELII

190 207 261 247 Cap.
299 215 327 239 1.
359 205 540 248 scripturam
582 204 770 246 propositam
801 201 971 243 suspicatus
993 200 1054 246 csse

187 247 354 286 vitiosam,
379 249 409 280 in
426 247 569 289 singulari
588 246 752 287 legendum
771 243 896 281 censet,
921 242 1052 282 minster,

187 297 251 320 non
270 289 430 330 vemffent;
454 288 625 330 parenthesi
657 296 760 317 autem
782 283 968 329 includenda
985 286 1053 314 [ταῖς

187 332 284 362 verba
299 354 308 369 ,
339 341 397 362 non
422 333 511 362 etiam
535 329 684 369 usurarum
708 349 719 365 ,
751 334 785 358 ut
804 324 906 357 sensus
923 325 976 356 sit:
1002 333 1051 364 pa-

187 370 273 402 etum
296 370 466 412 subjectum
483 372 520 403 ad
537 366 629 402 sortis
644 368 836 400 solutionem
845 373 965 397 tantum
984 374 1050 410 per-

190 412 290 443 tinere
312 413 395 454 (non
413 413 507 444 etiam
526 410 704 449 usurarum)
726 417 813 449 quae,
833 415 943 452 nempe
959 404 1051 451 sortis

188 451 330 492 solutio,
357 456 454 495 prz'ore
474 459 576 493 parte,
601 452 631 482 id
647 450 712 488 est,
738 449 936 490 stipulatione
953 455 1051 491 prima

186 493 369 535 simpliciter
389 492 611 536 comprehensa
626 491 699 523 fuit.
745 490 862 521 Verum
888 489 954 533 haec
971 495 1050 518 tanti

187 544 252 567 non
271 535 359 575 sunt,
385 544 420 567 ut
443 543 606 576 propterea
623 531 802 564 recedamus
817 540 835 561 a
846 529 988 576 *lectione
1005 537 1049 558 re-

186 584 296 616 cepta:
323 586 433 608 contra
448 586 531 608 nunc
549 584 615 605 eam
633 582 757 605 tuemur
773 581 887 612 magis,
913 569 1049 615 quando-

186 617 311 658 quidem
333 617 458 648 admissa
483 615 702 648 emendatione
719 637 728 651 ‚
763 611 1050 645 &intercalatione

186 658 277 699 pejor
290 682 300 697 ,
326 659 423 689 immo
438 658 543 689 nullus
560 654 662 687 sensus
685 653 739 686 est.
794 653 880 698 Quid
896 651 1027 683 obsecro
1040 673 1051 689 ‚

186 699 241 731 sibi
266 697 364 730 vellet
389 708 458 740 pars
481 696 626 734 adversa,
655 705 727 727 cum
748 695 808 735 ajat
819 716 838 739 ,ῃ
854 695 969 734 sortem
981 691 1049 738 fim-

181 740 323 780 pliciter,
348 740 376 770 h.
396 750 424 771 e.
448 739 562 779 absque
580 738 642 769 ulla
659 737 806 776 deinceps
830 741 1051 765 immutatione

188 780 254 821 (uti
274 790 350 812 mox
367 781 487 821 dicam)
511 781 541 811 in
557 779 738 820 stipulatum
754 775 898 821 venisse?
912 774 964 821 ’est
976 783 1050 820 ⁴cerT

186 831 218 852 te
236 821 314 852 illud
330 830 436 863 aperte
457 820 570 853 falsum
599 821 637 851 de
653 819 736 850 sorte
748 840 760 856 ,
781 818 820 848 de
836 818 936 862 usuris
951 816 1051 846 videri

185 871 313 903 poterat
335 873 455 894 verum.
511 861 586 894 Non
616 870 716 901 nego,
742 859 861 891 servata
876 856 1052 898 scriptura,

186 903 306 935 subesse
322 904 540 936 difficultatem
557 904 588 935 in
599 906 633 938 τῷ
645 903 741 942 priore
755 905 841 941 parte
853 921 865 937 ,
881 899 980 944 vulgo
1000 898 1052 928 vel

187 954 252 977 non
273 944 538 983 animadversam,
569 944 620 976 vel
648 943 838 984 praeteritam
856 938 977 987 studio:
1001 938 1053 970 sed

186 986 268 1018 hanc
287 986 382 1018 facile
398 987 459 1018 erit
485 985 646 1027 superare,
671 982 842 1015 dummodo
853 987 1053 1027 priorempar-

189 1033 247 1058 tem
263 1037 326 1058 non
344 1028 583 1068 interpretemur
599 1027 725 1066 priorem
745 1022 965 1067 stipulationem
981 1030 1054 1068 cum

189 1068 417 1107 Hotomanm,
443 1068 487 1100 ast
513 1074 629 1109 partem
646 1068 771 1107 priorem
789 1066 928 1104 universae
944 1068 1052 1093 cautio-

188 1111 245 1141 nis.
291 1109 366 1141 Duo
396 1110 513 1141 etenim
547 1118 614 1140 eam
642 1106 835 1143 absolvunt,
875 1104 1055 1136 contrastus

190 1151 221 1182 ἃ
243 1150 366 1191 ρειξὶαιῃ
385 1162 393 1182 :
426 1151 580 1182 dividitur
605 1150 635 1180 in
664 1149 766 1188 bigam
788 1145 1055 1190 stipulationum,

189 1201 320 1231 quarum
345 1190 528 1231 secundam,
558 1200 629 1232 quae
656 1190 694 1221 de
716 1186 812 1219 usuris
837 1185 903 1233 est,
928 1184 1055 1231 respicit

189 1232 304 1264 Paulus
321 1256 331 1272 ,
387 1242 497 1274 uaeque
524 1233 611 1273 prior
636 1239 706 1271 pars
737 1235 857 1269 negotii
874 1234 956 1258 mter
973 1227 1054 1271 Μω-

189 1274 279 1305 vium
311 1275 340 1305 ὅ(
386 1274 492 1305 Ἳῑῑιπῃ
518 1273 593 1313 gesti
624 1270 730 1303 audire
755 1267 878 1314 potest,
912 1268 1054 1312 &emam

189 1314 286 1346 audit.
332 1314 409 1347 Hoc
435 1314 529 1346 modo
556 1315 682 1350 usuraS,
717 1308 890 1355 posteriore
911 1316 1056 1349 quamvrs

188 1355 391 1397 stipulatione
407 1378 418 1395 ,
448 1356 553 1396 priore
577 1362 679 1386 tamen
703 1359 859 1383 cautionis
877 1356 965 1391 parte
982 1357 1054 1390 pro-

189 1396 294 1430 miffas
311 1407 374 1428 non
392 1396 520 1428 absurde
534 1395 679 1427 dicimus.
925 1433 931 1438 ι
1013 1432 1019 1438 ι

237 1437 272 1469 ln
295 1437 424 1469 transitu
449 1437 483 1469 τὲ
496 1436 689 1478 fiazpliciter,
715 1434 843 1476 ejusque
858 1432 1055 1479 fignlsicatio-

190 1478 240 1512 nis
257 1478 474 1518 meminimus,
508 1479 537 1510 &
561 1477 632 1510 sane
655 1475 875 1517 simplicissima
895 1478 986 1521 nujus
1001 1483 1057 1504 vo-

189 1519 293 1552 cabuli
311 1519 468 1561 expositio
485 1519 549 1558 est,
572 1517 676 1551 usuras
703 1519 816 1556 ὰπῶς,
851 1516 913 1548 fine
929 1524 1057 1561 innova-

189 1561 302 1600 tione,
328 1561 358 1594 &
377 1569 496 1594 mutata
516 1560 770 1593 contrahentium
787 1558 954 1601 voluntate
965 1555 1056 1603 ¹n.st¹.'

187 1602 386 1644 pulationem
413 1602 550 1642 veniss'e3
584 1610 678 1643 atque
694 1600 771 1633 adeo
787 1609 828 1631 ex
845 1598 956 1640 patto,
980 1597 1059 1629 dwi-

188 1643 223 1677 sa
245 1644 323 1676 licet
349 1645 452 1684 sorte,
484 1652 590 1677 earum
613 1644 767 1675 rationem
794 1650 859 1673 non
878 1639 1057 1685 habendam.

189 1686 224 1719 Si
243 1685 333 1717 malis
347 1686 442 1718 altius
457 1685 620 1728 adsurgere
631 1708 641 1724 ,
666 1683 745 1717 illud
759 1682 936 1723 fimpliciter
952 1688 1060 1721 aceipe

189 1736 250 1769 pro
274 1729 306 1763 τῷ
317 1725 429 1766 sincere
445 1750 457 1766 ,
481 1726 546 1767 fine
560 1726 634 1767 fuco
658 1725 694 1761 &⁴
717 1725 797 1764 delo,
821 1722 982 1764 quomodo
992 1720 1061 1768 fim-

186 1768 280 1811 plex,
306 1769 335 1800 &
347 1766 524 1810 fimplicitas
539 1767 619 1809 apud
643 1766 775 1799 Latinos
793 1765 906 1807 pasiim.
954 1763 1061 1804 Ulpia-

190 1819 250 1842 nus
289 1819 392 1851 uoque
423 1810 456 1842 in
490 1811 646 1842 Comment.
665 1810 702 1840 ad
722 1807 809 1838 Orat.
829 1803 979 1853 Qemosth.
996 1814 1061 1836 con-

191 1857 241 1883 tra
290 1852 387 1883 imocr.
423 1852 515 1886 aima,
541 1851 762 1891 interpretatur
791 1856 879 1881 στιφως
895 1860 936 1882 ιω
951 1849 985 1881 ur]
1005 1860 1059 1874 mc-

191 1894 309 1931 ιέρνωε,
335 1893 486 1924 evidenter
504 1892 539 1928 &P
557 1902 614 1923 non
631 1891 732 1932 dolose.
783 1888 889 1930 Atque
903 1897 942 1919 eo
960 1886 1059 1925 sensu,

192 1933 216 1966 fi
234 1932 363 1965 liberius
380 1933 560 1966 ratiocinari
582 1933 697 1971 liceat,
723 1932 752 1960 τὸ
762 1929 938 1971 fimpliciter
948 1951 959 1968 ,
977 1929 1062 1975 quod

190 1975 230 2007 de
259 1972 419 2006 usurarum
443 1973 647 2017 stipulatione
672 1973 722 2004 hic
743 1972 950 2014 praedicatur,
974 1980 1007 2002 in
1026 1979 1062 2000 ea

193 2016 277 2047 idem
305 2016 429 2047 notabit
450 2040 460 2056 ‚
494 2026 530 2048 ac
562 2014 763 2056 operabitur,
786 2012 871 2054 quod
884 2013 973 2052 proha
987 2010 1062 2043 reete

192 2057 227 2088 in
253 2056 453 2095 stipulatione
478 2056 571 2089 sortis
594 2067 602 2087 ε
635 2065 699 2096 quo
722 2055 760 2087 de
784 2054 886 2085 astum
920 2052 964 2084 est
990 2053 1061 2093 Cap.

192 2097 249 2130 IV.
281 2096 358 2129 Non
381 2098 525 2138 equidem
553 2103 701 2138 repugno,
714 2095 881 2137 quominus
897 2093 963 2125 haec
981 2095 1058 2139 stare

194 2146 326 2180 queant:
361 2137 413 2170 sed
444 2148 546 2170 tamen
573 2138 691 2178 prima,
721 2146 812 2178 quam
831 2135 992 2175 dedimus,
1014 2145 1058 2166 in-

196 2179 401 2220 terpretatio,
426 2180 551 2211 videtur
569 2178 666 2218 magis
682 2177 808 2219 propria
822 2200 832 2215 ‚
865 2176 894 2207 ὅ(
909 2185 964 2217 per
981 2176 1060 2207 hanc

197 2220 360 2253 nervosior
389 2220 635 2252 dissentientium
665 2217 904 2260 argumentatio.
959 2216 1060 2258 Igitur

193 2261 343 2299 ,ξι-λές-ερςν
360 2263 506 2300 πιφέςερρν,

237 2302 314 2335 Non
339 2303 401 2334 erit
424 2313 526 2344 opus,
559 2309 595 2334 ut
615 2302 678 2334 hoc
696 2301 796 2334 Partis
813 2299 956 2346 adversae·
969 2309 1060 2341 argu-

193 2352 337 2376 mentum
359 2345 484 2385 prolixe
510 2353 705 2382 enarremus,
738 2351 834 2384 quum
851 2343 992 2387 cxiiipita
1007 2351 1059 2373 ex-

194 2385 367 2426 plicitaque
397 2387 494 2418 verba
517 2385 584 2416 vim
610 2385 676 2425 ejus
704 2392 828 2416 omnem
850 2382 967 2414 astatnn
986 2383 1060 2428 edo·

195 2433 298 2458 ceant.
343 2426 533 2459 Universum
558 2426 710 2467 impetum
739 2434 801 2456 uno
825 2424 923 2454 verbo
951 2423 1062 2455 descri-

196 2467 268 2499 bam
287 2477 295 2498 z
325 2467 356 2498 in
377 2466 562 2510 subsequuta
580 2467 723 2507 pactione
742 2465 894 2497 convenit
910 2465 1034 2505 quidem
1052 2487 1064 2503 ,

195 2507 314 2540 sortem
337 2509 462 2548 partitis
497 2507 695 2548 pensionibus
728 2505 900 2548 praestitum
928 2505 967 2537 iri
982 2529 992 2546 ‚
1033 2514 1064 2537 at

195 2549 228 2580 in
254 2558 290 2580 ea
317 2548 397 2580 nihil>
422 2549 461 2580 de
487 2548 587 2580 usuris
614 2549 665 2580 vel
684 2548 853 2589 scriptum,
877 2547 928 2578 vel
945 2548 1064 2588 petum

198 2589 253 2621 cst.
301 2588 504 2634 Quapropter
526 2598 630 2620 earum
656 2588 773 2621 solutio
797 2589 940 2629 exigatur
957 2587 1062 2620 secun-

199 2630 274 2662 dum
292 2637 433 2662 tenorem
454 2630 664 2671 stipulationis
681 2652 692 2668 ,
721 2640 739 2661 a
755 2639 816 2670 qua
834 2629 983 2660 recessum
999 2639 1064 2661 non

197 2671 261 2711 est,
287 2671 372 2712 quod
388 2672 471 2703 enim
499 2680 563 2702 non
583 2679 744 2710 mutatur,
769 2680 824 2701 cur
850 2670 881 2700 id
896 2669 974 2701 stare
992 2680 1063 2710 pro-

197 2712 374 2744 hibebimus
392 2712 409 2743 ‘?
441 2721 552 2743 verum
574 2710 619 2743 est
633 2735 643 2750 ‚
667 2712 705 2743 ab
727 2712 857 2752 intcgrae
876 2710 967 2742 sortis
987 2720 1063 2751 prae-

199 2752 354 2791 statione,
379 2752 525 2785 Kalendis
542 2753 696 2794 proximis
725 2752 891 2789 facienda,
914 2752 1064 2783 receffiss'e

196 2803 320 2835 parte8‚
344 2793 490 2826 seditem
509 2803 637 2833 verum,
662 2794 746 2835 quod
774 2792 838 2834 ipse
863 2792 975 2823 Paulus
993 2792 1064 2823 scri-

201 2835 250 2867 bit
272 2835 304 2866 in
328 2835 350 2866 l.
376 2844 426 2876 27.
458 2835 487 2876 §.
511 2844 542 2874 4.
569 2835 607 2876 ff.
637 2836 670 2866 de
690 2834 767 2875 past.
814 2833 897 2865 Ante
917 2835 1013 2864 omnia
1031 2844 1062 2864 α-

198 2877 470 2908 nimadvertendum
496 2876 546 2917 eſje
566 2897 578 2914 ,
610 2886 646 2907 ne
661 2877 813 2908 conventio
831 2877 864 2906 in
885 2875 947 2905 alia
965 2885 994 2906 re
1007 2874 1062 2914 fa-

200 2917 248 2949 &a
266 2939 278 2955 ,
306 2918 339 2948 in
367 2918 429 2948 alia
455 2927 485 2948 re
512 2923 622 2949 noceat.
668 2917 775 2958 Itaque
796 2916 1006 2953 creditorem,
1031 2916 1063 2947 ni

199 2957 314 2998 sponte
337 2957 388 2989 sua
413 2958 527 2990 sortem
548 2957 661 2990 offerat
687 2958 810 2990 debitor
826 2981 836 2997 ,
861 2957 926 2997 ejus
945 2957 1061 2995 totius,

199 3008 264 3030 non
283 2998 436 3039 pensionis
457 3008 622 3031 conventas
634 3022 644 3038 ,
668 2998 771 3031 usuras
786 2999 853 3039 jure
872 2998 994 3039 optimo
1011 2998 1062 3028 de-

198 3038 327 3078 poscere
339 3061 350 3077 ,
379 3039 553 3071 indubitata
569 3063 578 3079 ‚
608 3050 716 3081 parum
733 3040 928 3078 attendenti,
952 3049 1000 3071 res
1016 3039 1061 3070 vi-

199 3078 265 3110 deri
283 3080 397 3119 posset:
422 3079 560 3121 speciosa
577 3090 646 3112 nam
672 3091 709 3112 ue
726 3081 874 3121 objectio.

242 3118 378 3160 Pergunt
406 3121 581 3153 Adversarii
599 3133 607 3153 :
640 3091 817 3163 igaezamque
843 3123 875 3153 id
892 3128 1007 3153 tantum
1025 3121 1063 3153 ad

199 3161 393 3198 exceptionem
413 3162 548 3202 prodeffe.
602 3162 725 3204 Urgent
749 3163 817 3194 haze
835 3162 929 3194 verba
948 3163 1062 3202 impor-

201 3207 277 3233 tune
295 3200 480 3242 admodum,
504 3212 568 3236 non
588 3204 713 3245 quidem
729 3204 766 3236 ad
785 3203 971 3237 sententiam
987 3203 1063 3237 Pau-

917 129 1026 157 VAN

1100 119 1695 158 BYNKERSHOEK

1096 200 1116 231 li
1143 199 1238 232 nostri
1266 199 1505 232 convellendam
1538 200 1596 240 (de
1619 210 1659 231 eo
1690 200 1806 241 quippe
1825 199 1953 238 solliciti
2006 217 2007 224 ¹

1095 250 1158 272 non
1175 241 1298 281 sumus,
1324 251 1395 272 cum
1412 240 1476 281 ipse
1492 242 1522 272 in
1543 241 1622 282 seqq.
1652 242 1838 274 defensionis
1857 243 1915 275 suae
1930 245 1952 277 i-

1094 282 1214 315 doneus
1230 282 1267 314 sit
1285 282 1412 322 auftor)
1436 281 1485 313 sed
1503 282 1540 312 ad
1556 281 1748 314 confutanda
1765 284 1889 323 penitus
1907 294 1952 326 ea,

1095 332 1163 363 quae
1178 324 1247 364 Cap.
1260 324 1302 355 X.
1315 324 1506 355 tradidimus.
1537 322 1763 364 Supposuimus
1779 324 1861 355 enim
1883 325 1925 357 ibi
1941 350 1952 366 ,

1096 365 1218 404 pastum
1237 364 1279 408 Q.
1298 364 1339 396 D.
1359 365 1398 396 A.
1422 364 1458 396 ad
1477 364 1698 405 exceptionem
1713 365 1866 397 duntaxat
1885 376 1953 408 pro-

1094 404 1175 436 desse
1186 429 1196 445 ,
1220 405 1370 447 simulque
1386 405 1558 437 divortium
1575 404 1709 438 fecimus
1723 415 1740 437 a
1754 406 1871 439 duabus
1885 407 1953 448 (ne-

1095 455 1154 486 que
1171 447 1254 478 enim
1272 447 1376 488 plures
1393 446 1523 487 dantur)
1544 445 1756 488 interpretum
1776 445 1954 489 sententiis,

1094 496 1164 527 quae
1190 488 1339 519 virtutem
1365 488 1517 529 paCtionis
1541 488 1652 519 nostrae
1679 498 1777 529 usque
1795 498 1833 520 eo
1849 490 1952 523 extol-

1093 527 1228 566 lunt,ut
1245 528 1295 560 vel
1313 529 1349 560 ad
1368 529 1521 560 amonem
1530 528 1681 569 sufficiat,
1693 530 1743 561 vel
1757 530 1805 570 jus
1821 531 1953 563 credito-

1093 568 1135 600 ris
1152 568 1219 610 ipso
1237 570 1304 609 jure
1321 570 1494 602 imminuat.
1538 569 1687 603 Diximus
1697 570 1790 603 etiam
1803 595 1812 610 ,
1838 579 1953 604 utram-

1117 619 1154 641 ue
1170 611 1352 651 opinionem
1370 611 1558 652 potissimum
1578 611 1692 643 confici
1711 621 1751 643 ex
1771 613 1829 644 illo
1846 612 1955 653 Pauli,

1093 618 1178 697 {gaia
1201 650 1289 691 pacta
1304 653 1499 683 incontinenti
1511 651 1601 692 fasta
1618 676 1628 691 ,
1653 653 1704 684 cui
1719 652 1853 685 fecimus
1870 653 1953 687 satis.

1094 694 1319 725 Verumtamen
1339 715 1350 731 ,
1384 700 1418 724 ut
1441 693 1562 730 dicam,
1589 694 1742 734 ingenue,
1765 704 1829 727 non
1851 696 1953 728 minus

1094 733 1139 765 est
1161 732 1284 764 adversa
1310 734 1401 765 nobis
1424 734 1493 765 heic
1515 733 1611 765 obvia
1627 734 1813 768 difficultas:
1837 737 1954 768 etenim

1094 786 1111 806 a
1130 774 1227 806 Paulo
1243 773 1455 806 dissentientes
1478 774 1499 806 fi
1524 774 1631 806 dicant
1647 785 1687 807 ex
1705 776 1795 817 pacto
1815 776 1955 817 subiecto

1094 816 1316 856 exceptionem
1331 814 1528 848 solummodo
1546 815 1647 854 nasci,
1671 818 1779 858 utique
1795 817 1860 858 ipse
1882 818 1956 858 (cu-

1094 858 1143 898 jus
1157 856 1309 888 sententia
1330 857 1467 898 utimur)
1489 857 1571 888 aliud
1587 857 1716 897 dixiss'e,
1741 858 1822 890 aliud
1839 858 1958 892 sensisse

1094 898 1215 930 debuit.
1239 897 1335 944 Quod
1354 908 1457 930 autem
1476 899 1538 930 hoc
1555 899 1644 931 erit?
1666 899 1817 931 Veterum
1835 900 1944 941 aliquis

1096 939 1177 981 qui,
1210 948 1268 980 pro
1298 938 1376 971 secta
1405 940 1490 971 illius
1514 940 1683 980 temporis,
1715 941 1837 981 patrum
1856 941 1888 973 in
1908 951 1928 973 v
1944 966 1953 974 .

1094 984 1252 1018 convenit,
1274 980 1310 1011 ad
1331 981 1483 1012 astionem
1510 980 1652 1021 prodesse
1676 980 1890 1021 existimabat,
1913 982 1956 1015 ita

1095 1022 1174 1054 insit.
1209 1021 1243 1054 Id
1261 1020 1301 1062 esi
1313 1044 1324 1060 ,
1341 1023 1413 1063 qaod
1430 1023 1503 1052 dicit
1516 1022 1629 1053 Paulus
1639 1044 1650 1060 ,
1662 1023 1781 1064 pastum
1795 1024 1956 1065 piusquam

1095 1065 1132 1094 acl
1147 1064 1341 1103 exceptionem
1346 1062 1479 1104 prodeffe.
1493 1063 1576 1095 Nam
1587 1073 1649 1094 cum
1668 1066 1746 1095 inter
1761 1066 1957 1106 exceptionem

1097 1104 1280 1139 &astionem
1297 1105 1372 1135 nihil
1383 1103 1423 1143 fit
1442 1105 1562 1135 inedium
1574 1128 1583 1143 ,
1603 1104 1681 1145 JCti
1695 1107 1784 1137 verba
1801 1108 1889 1137 etiam
1907 1116 1955 1137 no-

1097 1143 1326 1185 bisiizvz‘tz'ffimis
1336 1168 1344 1183 ‚
1358 1145 1433 1176 hanc
1448 1144 1643 1186 confeffimefn
1658 1149 1845 1187 exprimunt,
1855 1148 1899 1178 uzi
1914 1148 1958 1178 cli-

1097 1196 1212 1225 camus,
1223 1195 1259 1216 ex
1271 1186 1355 1225 1)αὲῗο
1364 1186 1504 1216 astionem
1523 1187 1611 1226 nasci.
1626 1186 1764 1228 Negaret
1778 1188 1875 1220 altera
1893 1187 1958 1221 sen·

1097 1227 1213 1265 tentia,
1243 1227 1288 1257 nil
1312 1225 1374 1257 esl'e
1397 1227 1533 1257 medium
1548 1227 1701 1259 actionem
1719 1229 1799 1260 inter
1819 1230 1848 1262 ὅ(
1864 1238 1958 1261 exce-

1097 1267 1260 1309 ptionem:
1286 1266 1352 1308 ipso
1374 1268 1457 1298 enim
1470 1267 1538 1308 jure
1554 1269 1675 1308 operari
1694 1270 1763 1309 plus
1777 1268 1842 1309 est,
1866 1280 1958 1312 quam

1098 1308 1321 1349 exceptionem
1339 1331 1349 1348 ,
1381 1309 1484 1340 minus
1511 1318 1603 1349 quam
1637 1309 1791 1341 actionem
1824 1320 1931 1352 parere
1947 1335 1959 1352 ‚

1099 1350 1185 1391 quod
1210 1348 1256 1381 est
1280 1359 1402 1381 verum.
1455 1349 1607 1391 Adeoque
1626 1373 1635 1388 ,
1667 1351 1774 1390 aiunt,
1797 1350 1818 1384 si
1837 1352 1961 1393 pactum

1099 1392 1132 1423 in
1149 1389 1311 1433 proposito
1330 1391 1483 1422 actionem
1506 1401 1568 1423 non
1595 1392 1770 1432 producat,
1792 1392 1838 1424 nil
1858 1392 1960 1435 super-

1099 1432 1161 1465 esse
1170 1432 1268 1464 videri
1282 1430 1386 1473 potest
1395 1456 1405 1471 ,
1415 1442 1506 1473 quam
1520 1441 1553 1464 ut
1563 1433 1593 1464 in
1602 1433 1731 1473 gratiam
1749 1434 1899 1466 debitoris
1915 1435 1961 1467 in-

1100 1473 1182 1512 effe,
1213 1474 1463 1515 petitionemque
1486 1474 1599 1505 astons
1627 1473 1694 1515 ipso
1720 1475 1787 1515 jure
1813 1474 1964 1508 sustulisse

1100 1516 1251 1547 dicamus.
1276 1513 1358 1546 Haec
1377 1513 1468 1553 sunt,
1489 1524 1559 1556 quae
1577 1515 1758 1548 alterutram
1776 1515 1962 1551 sententiam

1100 1555 1344 1597 amplet'ztendam
1373 1555 1435 1587 esse
1464 1554 1609 1596 suadere,
1644 1556 1718 1598 quin
1740 1558 1770 1590 &
1787 1558 1897 1598 jubere
1913 1557 1963 1590 vi-

1101 1599 1214 1630 dentur
1233 1620 1243 1637 ,
1276 1596 1330 1629 nisi
1354 1598 1425 1638 quis
1449 1596 1554 1629 dicere
1578 1598 1607 1629 ὅ(
1624 1606 1734 1640 putare
1749 1599 1859 1637 malit,
1880 1597 1967 1641 quod

1102 1636 1306 1680 Adversarios
1331 1638 1432 1680 dixzffi
1461 1639 1490 1671 &
1503 1638 1614 1681 putaffe
1635 1640 1823 1672 memoravit
1838 1640 1962 1674 Paulus.

1145 1680 1324 1713 Poterimus
1343 1689 1401 1712 nos
1431 1690 1471 1712 ex
1495 1680 1580 1712 edire
1592 1704 1602 1720 ,
1626 1681 1722 1713 modo
1739 1681 1831 1714 fimus
1845 1691 1963 1714 memo-

1103 1732 1170 1761 res,
1195 1721 1262 1753 haec
1282 1721 1377 1753 verba
1389 1744 1399 1760 ,
1420 1724 1590 1763 putumque
1606 1723 1657 1762 id,
1689 1723 1749 1755 &c.
1774 1732 1837 1756 non
1854 1730 1962 1765 protu-

1103 1763 1172 1796 lisse
1187 1762 1259 1803 JCti
1276 1761 1372 1794 nostri
1390 1762 1608 1805 Antagonistas
1627 1764 1715 1795 velut
1738 1773 1857 1796 novum
1874 1773 1964 1805 argu-

1103 1813 1262 1843 mentum,
1277 1803 1327 1835 sed
1341 1804 1431 1836 velut
1449 1806 1562 1842 ἐξέγηνι,
1578 1805 1701 1846 prioris.
1722 1804 1797 1838 Non
1809 1805 1902 1846 igitur
1911 1805 1962 1836 ab-

1103 1854 1196 1886 rupte
1211 1855 1247 1877 ea
1263 1846 1434 1887 accipimus
1445 1870 1456 1886 ,
1481 1854 1512 1878 at
1533 1856 1605 1878 cum
1623 1846 1776 1878 relatione
1791 1847 1828 1878 ad
1845 1855 1962 1887 praece-

1103 1887 1210 1918 dentia
1221 1910 1232 1926 ‚
1264 1887 1377 1928 quibus
1405 1888 1444 1919 de
1464 1886 1654 1928 disputatum
1679 1894 1744 1919 erat
1757 1887 1795 1924 ab
1814 1885 1964 1919 Adversa-

1104 1928 1170 1960 r-iis.
1215 1927 1267 1960 llli
1290 1929 1407 1960 etenim
1431 1929 1554 1970 pactum
1583 1928 1621 1960 ad
1646 1927 1737 1961 sortis
1772 1927 1965 1961 solutionem

1106 1977 1228 2001 tantum
1249 1970 1406 2011 pertinere
1423 1970 1501 2008 rati,
1524 1969 1735 2001 incontinenti
1754 1967 1964 2010 subjungunt:
1983 1973 1986 1976 '

1106 2010 1283 2051 Faciamque
1298 2011 1328 2041 id
1342 2017 1456 2042 tantum
1475 2012 1512 2041 ad
1530 2012 1723 2051 exceptionem
1735 2010 1859 2051 prodeffe
1869 2033 1881 2049 ,
1901 2010 1964 2041 hoc

1106 2052 1168 2091 esi,
1199 2051 1324 2091 pactum
1348 2051 1514 2083 secundum
1541 2061 1576 2082 ea
1593 2074 1602 2090 ,
1637 2060 1706 2091 quae
1729 2052 1873 2083 dixerant
1919 2049 1965 2083 so·

1103 2092 1266 2124 lummodo
1288 2091 1489 2133 profuturum
1512 2091 1588 2123 esse:
1619 2092 1786 2131 dixerant,
1818 2092 1854 2124 ad
1886 2091 1965 2124 ortis

1103 2132 1293 2165 solutionem
1312 2141 1432 2164 tantum
1452 2134 1630 2175 pertinere,
1654 2143 1729 2174 ergo
1745 2134 1774 2165 ei
1795 2133 1966 2174 objectum,

1102 2185 1143 2206 ex
1161 2183 1269 2205 eorum
1288 2173 1458 2212 sententia,
1491 2174 1527 2205 ad
1559 2175 1781 2215 exceptionem
1799 2174 1965 2216 proderit,

1102 2225 1167 2248 non
1186 2215 1311 2254 item‚fi
1331 2224 1508 2256 opponatur
1527 2214 1686 2247 usurarum
1703 2216 1848 2256 petitioni
1858 2215 1966 2257 ‚quod

1103 2255 1233 2289 volebat
1258 2255 1381 2288 Paulus.
1429 2255 1473 2288 Ut
1499 2256 1652 2296 ἑξκγητικίῑς
1685 2256 1782 2298 igitur
1814 2255 1964 2298 procedat

1103 2296 1323 2338 disputationis
1339 2297 1462 2336 oratio,
1489 2299 1517 2326 u*
1535 2299 1566 2329 id
1586 2296 1751 2330 referimus
1767 2297 1804 2330 ad
1818 2307 1872 2336 ea,
1894 2307 1964 2339 quae

1104 2339 1249 2381 proxime
1273 2337 1491 2379 praecesserant
1507 2362 1517 2379 ‚
1549 2339 1628 2378 vel,
1658 2339 1743 2380 quod
1763 2339 1806 2370 est
1830 2338 1964 2377 clarius,

1104 2380 1276 2421 accipimus
1303 2380 1334 2411 in
1363 2378 1435 2411 casu
1451 2387 1563 2421 quarto
1575 2403 1585 2419 ,
1607 2389 1666 2421 pro
1682 2381 1753 2421 quod
1769 2380 1872 2418 adid,
1911 2379 1966 2411 uod

1104 2423 1213 2462 attinet
1231 2422 1269 2452 ad
1289 2422 1341 2460 id,
1372 2428 1407 2452 ut
1432 2419 1535 2453 sensus
1559 2420 1612 2454 sit:
1637 2421 1880 2452 conventionem
1913 2420 1966 2452 ub-

1104 2462 1214 2503 jectam
1225 2485 1235 2501 ,
1260 2463 1344 2503 quod
1360 2462 1398 2493 ad
1412 2462 1463 2500 id,
1491 2462 1529 2493 de
1544 2471 1608 2502 quo
1621 2462 1764 2493 dixerant
1776 2484 1786 2501 ,
1818 2460 1856 2493 ad
1874 2470 1966 2493 exce-

1106 2504 1248 2545 ptionem
1266 2502 1413 2544 podesl'e,
1436 2512 1500 2535 non
1516 2503 1615 2534 aliter.
1660 2500 1731 2534 Nec
1750 2501 1893 2534 inusitata
1901 2502 1965 2544 pla-

1107 2554 1146 2576 ne
1165 2544 1208 2575 esi
1225 2544 1349 2575 vocuiae
1382 2544 1435 2574 uod
1450 2545 1487 2574 ad
1504 2545 1629 2580 immine:
1653 2543 1757 2574 denuo
1771 2542 1900 2575 Paulum
1915 2543 1967 2576 adi

1107 2587 1138 2617 in
1164 2586 1184 2617 l.
1206 2595 1257 2626 57.
1278 2591 1327 2626 pr.
1382 2583 1395 2616 '.
1427 2585 1460 2615 de
1485 2584 1582 2615 Contr.
1609 2583 1648 2616 E.
1673 2583 1709 2619 ἐρ’
1732 2584 1774 2616 V.
1821 2583 1967 2617 Neratius

1107 2629 1171 2666 ait,
1193 2631 1267 2657 hanc
1282 2627 1459 2668 questionem
1486 2625 1606 2657 inultum
1630 2624 1780 2667 intereffi,
1802 2634 1860 2667 pro
1875 2626 1966 2668 quoad

1106 2670 1144 2700 aci
1162 2668 1235 2698 hanc
1253 2665 1450 2708 questionem,
1472 2665 1643 2699 manifeste.

1149 2708 1190 2740 Et
1209 2708 1276 2739 liaec
1304 2708 1428 2748 quidem
1453 2707 1569 2749 absque
1599 2707 1836 2748 ope'Critices,
1855 2717 1967 2742 verum

1107 2750 1181 2781 huic
1196 2758 1259 2780 non
1278 2749 1347 2789 pius
1362 2747 1444 2788 justo
1459 2749 1597 2789 iniquior
1616 2749 1701 2781 forte
1719 2750 1749 2781 in
1768 2750 1904 2781 animum
1919 2750 1965 2783 in-

1106 2791 1220 2825 ducat,
1249 2799 1306 2831 pro
1315 2789 1485 2830 pacizmzqioe
1503 2791 1533 2820 id
1552 2795 1666 2821 tantum
1678 2814 1687 2830 ,
1713 2791 1741 2822 lc
1753 2790 1875 2822 rendum
1892 2789 1966 2830 esse,

1102 2830 1289 2872 pactumquE
1313 2833 1324 2861 i
1356 2836 1480 2863 tantam.
1535 2831 1624 2863 Sicut
1646 2832 1729 2863 enim
1788 2832 1908 2873 lpianus
1932 2831 1966 2864 in

1106 2873 1125 2903 l.
1156 2881 1180 2903 1.
1201 2878 1247 2912 pr.
1267 2870 1307 2912 ff.
1331 2871 1446 2912 depofit.
1484 2880 1594 2912 notat,
1620 2873 1766 2904 voculam
1782 2874 1815 2904 de
1831 2881 1966 2914 augere,

1105 2914 1149 2944 ita
1167 2920 1253 2944 certe
1272 2913 1375 2944 littera
1393 2912 1434 2944 D.
1454 2913 1671 2945 difficultatem
1701 2914 1771 2945 heic
1787 2913 1818 2946 in
1837 2914 1966 2946 immen-

1106 2953 1170 2986 sum
1187 2953 1332 2984 adauxit:
1356 2962 1461 2994 pereat
1481 2955 1584 2995 itaque
1604 2955 1694 2986 bonis
1711 2954 1839 2994 avibus,
1865 2955 1894 2987 δι
1909 2963 1964 2987 vo-

1105 2995 1206 3026 cabuli
1225 2995 1431 3035 praecedentis
1447 2995 1556 3027 ultima
1580 2994 1633 3036 (e)
1657 2995 1872 3037 magnificetur
1882 2996 1913 3028 in
1923 2994 1966 3035 E,

1105 3044 1199 3076 atque
1223 3037 1267 3066 ita
1286 3036 1473 3077 pachman
1495 3038 1506 3067 i
1527 3042 1642 3068 tantum.
1661 3058 1671 3074 ,
1690 3042 1745 3077 per
1763 3038 1936 3067 cerasta-›iam-
1952 3058 1965 3077 ,

1101 3080 1269 3117 pactamque
1287 3078 1313 3108 ei
1333 3083 1446 3108 tuntum
1457 3100 1468 3116 ,
1495 3079 1543 3115 ei,
1575 3077 1720 3110 nimirum
1727 3077 1819 3118 sertis
1828 3078 1965 3118 petitioni

1105 3118 1259 3157 objectum
1280 3141 1289 3156 ,
1320 3119 1358 3149 ad
1384 3120 1577 3159 exceptionem
1598 3117 1730 3160 prodeffe.
1785 3118 1864 3158 Vel,
1887 3117 1964 3150 libe-

1105 3159 1170 3190 rius
1188 3159 1299 3198 paulo,
1332 3160 1361 3190 in
1389 3160 1495 3191 locum
1523 3162 1558 3188 οε
1582 3160 1612 3191 id
1629 3158 1847 3192 substituamus
1864 3168 1913 3197 eo,
1934 3159 1966 3193 δι

1105 3199 1185 3232 nihil
1203 3200 1351 3233 tricarum
1369 3199 1536 3242 supererit:
1561 3199 1737 3242 Fabiumque
1756 3210 1786 3232 ea
1802 3199 1966 3232 tantumad

1911 3249 1961 3276 σλῖ·
