2008 3436
210 120 660 162 OBSERVATIONUM
715 117 851 166 JURIS
893 118 1107 156 ROMANI
1149 119 1237 156 LIB.
1263 121 1291 180 J.
1327 121 1365 158 C.
1386 122 1522 159 XXIII.
1548 101 1698 161 XXIV.

70 214 162 249 mque
191 204 220 246 fi
246 207 292 237 ita
322 203 374 236 vel
404 202 577 235 babendum
602 201 654 232 vel
679 199 845 241 legendum
869 198 940 231 effe.

59 240 227 283 ⁶Ceterum
259 247 345 288 quod
374 245 440 277 dixi
471 245 510 275 de
534 241 731 274 solemnitate
755 239 917 287 Norarunr
932 264 942 280 ‚

67 297 198 324 noverat
224 289 287 331 ipsc
312 287 439 320 Crusius
457 309 467 325 ,
499 285 558 316 alia
581 283 748 330 occasione
766 305 775 321 ,
795 282 942 330 'Qujacio

66 334 224 374 objicere,
245 334 303 363 eud.
328 330 442 362 Libello
464 327 495 358 C.
517 325 594 357 t'll.
641 323 941 369 Igiturotillihlac—

66 385 122 406 cus
144 373 226 405 dixit
244 397 253 412 ,
288 373 358 403 Cam
385 378 438 401 cua
455 370 637 409 pervidetis.
664 368 693 397 a&
718 366 847 411 reliqua.
867 406 872 412 ¹

111 416 151 446 At
176 424 252 446 vcro
276 423 344 454 quae
371 410 497 443 tandem
522 409 678 440 medicina
703 407 840 451 Ulpiano
865 416 895 438 in
910 407 938 438 b.

67 458 77 487 1
119 466 142 488 1.
168 457 186 496 §
227 456 280 486 L?
300 453 374 494 quid
398 452 418 484 fi
445 461 508 483 non
536 450 652 492 egeat?
668 448 762 480 Haud
777 448 939 493 leniel,ut

66 499 159 529 etiam
175 496 249 528 alias
272 494 458 532 observavi,
485 493 516 523 in
533 490 742 529 Auctoribus,
769 497 864 520 etiam
882 499 937 521 no-

68 538 135 571 stris
153 561 162 576 ,
193 543 366 568 occurrunt
392 535 574 566 locutiones
599 532 762 574 implicitae
782 553 791 568 ,
817 532 847 562 dt
871 538 937 576 tan-

67 589 132 611 tum
156 588 217 610 non
242 584 400 609 contortae
417 600 426 615 ,
465 585 534 617 qua:
566 584 675 616 parurn
700 572 939 618 auvertcntibus

64 620 275 658 exciderunt,
302 627 360 650 nec
386 625 489 649 tamen
514 623 706 660 propterea,
732 614 785 645 ubi
809 613 848 645 de
873 614 938 645 len-

66 661 98 694 su
121 659 321 698 constiterit,
347 659 504 690 niutandae
524 657 603 689 sunt.
629 657 938 702 Varienautemffluae

62 703 217 744 implicita
243 700 330 741 sunt,
357 700 408 731 liic
432 700 559 741 poll'unt
583 698 755 739 explicari,
781 696 887 741 verbis
908 706 938 727 e-

64 743 189 785 quidem
212 743 341 775 diversis
358 766 367 782 ‚
408 740 496 773 seusu
522 741 643 781 semper
667 740 788 784 codem.
823 737 936 784 ιΒηζιξ-

61 787 128 818 rit:
160 786 203 816 ita
226 784 390 816 novissiine
416 783 468 814 vel
492 783 671 814 ηυγιῑιιιηιιε
700 780 797 811 iacias
822 780 938 811 intelli-

62 828 119 869 gi,
154 836 189 858 ut
219 826 288 867 post
319 835 370 857 cas
402 834 466 856 non
496 824 554 855 lint
580 823 648 854 alite
673 821 938 862 quemadmodum

67 868 246 901 Halo-ander
269 867 404 908 acecpit.
451 864 581 897 Dixerit
603 868 648 895 iiii
672 872 730 904 pro
751 870 852 899 timc5
880 872 936 893 no-

64 910 198 942 villiinas
224 918 299 941 tunc
323 907 422 939 saetas
445 907 577 947 intelligi
597 929 606 944 ,
649 913 719 934 cum
744 903 839 934 nullae
863 903 934 943 post

63 950 241 983 extiterint.
289 948 322 981 lii
347 949 425 980 hanc
450 947 635 979 sententiam
658 954 702 975 ua
722 944 766 974 est
789 944 934 990 aput-iffi-

64 994 226 1035 photium,
253 990 416 1022 terfilliinae
440 988 624 1019 Latinitatis
647 985 805 1016 auctorem
821 1009 831 1024 ‚
857 995 888 1017 in
912 987 931 1015 ι.

65 1046 106 1067 20
144 1034 182 1076 ff.
205 1038 238 1064 ae
261 1032 299 1062 O.
326 1031 362 1064 (ξ’
381 1030 421 1061 A.
443 1029 538 1060 etiam
562 1028 642 1069 apud
667 1027 811 1058 Plautum
836 1028 865 1059 ἃ
891 1027 934 1058 O-

64 1076 198 1113 vidium,
225 1082 258 1104 ut
284 1071 409 1104 notavit
433 1070 628 1102 Stewceliius
652 1072 685 1099 cle
704 1070 818 1108 ριγητ.
837 1069 931 1107 Ling.

63 1120 138 1151 Lat.
159 1123 187 1156 p.
212 1126 246 1145 m.
273 1119 335 1156 3653
370 1111 406 1147 ὅ)
427 1116 498 1152 5364-
543 1110 613 1143 Nee
636 1110 728 1142 aliter
741 1108 787 1148 fic
809 1110 933 1151 accipio

63 1161 95 1192 in
120 1157 176 1189 illo
200 1156 327 1197 Virgilii
355 1155 391 1186 L.
416 1153 471 1186 Vl.
495 1152 619 1185 AEuei'd-
869 1195 874 1200 Α

105 1199 161 1232 Sic
182 1200 296 1230 demum
316 1198 395 1229 lucos
419 1195 540 1237 Stygios
554 1218 564 1234 ,
587 1204 682 1236 regna
702 1195 788 1225 invia
805 1196 891 1226 vivis

103 1241 141 1277 sti
169 1242 249 1271 isses.

62 1283 91 1316 δι
117 1249 166 1314 itai)
182 1281 269 1314 forte
292 1281 324 1313 in
346 1281 363 1312 l.
391 1290 442 1322 34.
468 1278 496 1320 §.
521 1289 549 1318 4.
568 1276 608 1319 ff
638 1279 673 1310 cle
692 1278 838 1325 Jurejur.
862 1278 892 1310 ἃ
908 1278 929 1309 l.

68 1334 92 1356 1.
116 1332 164 1364 pr.
183 1324 225 1365 ff.
269 1324 300 1354 Si
321 1325 381 1355 mh.
405 1320 470 1363 test.
496 1322 571 1351 nuit.
595 1327 658 1352 ext.
682 1319 737 1351 nisi
761 1327 868 1361 potius
884 1320 929 1351 di-

59 1376 168 1398 camus
183 1390 192 1405 ,
231 1364 400 1406 utrobique
421 1371 449 1394 n
474 1362 518 1402 fic
538 1361 693 1394 abundare
708 1386 717 1401 ,
750 1370 785 1392 ut
808 1361 876 1393 fere
899 1361 930 1407 in

62 1408 111 1439 his
129 1431 138 1446 ‚
169 1417 217 1438 res
240 1405 283 1445 fic
297 1407 379 1446 scitis
401 1407 493 1443 bona,
510 1405 638 1445 faceta,
656 1405 803 1445 pulchra,
828 1405 858 1435 <Sc
882 1403 930 1434 his

61 1448 179 1481 similia.
225 1448 331 1489 Atque
353 1457 389 1479 ea
411 1447 534 1479 ratione
556 1446 587 1477 in
609 1445 627 1476 l.
656 1456 678 1477 i.
706 1445 733 1485 §.
763 1454 809 1484 14.
827 1444 868 1486 ff.
894 1447 928 1476 de

60 1490 191 1531 Agnqsc.
215 1489 252 1525 δ’
273 1491 313 1520 αἱ,
336 1491 387 1521 lib.
410 1488 478 1520 haec
501 1486 587 1519 Libri
613 1486 791 1519 Florentini
816 1487 928 1526 verba,

1811 137 1873 172 41'

988 199 1087 244 tionis
1110 201 1229 232 vocula
1251 203 1318 239 ita,
1344 202 1374 233 ὅ(
1397 202 1527 236 sortasse
1551 204 1647 236 ctiam
1670 203 1733 236 hoc
1756 202 1866 247 Ulpia·

987 241 1018 272 ni
1045 242 1138 281 loco;
1163 242 1300 274 abundat
1324 251 1411 274 certe
1430 254 1460 276 in
1482 248 1502 275 l.
1525 252 1574 280 28,
1593 247 1634 288 ff.
1657 246 1762 288 Depos.
1787 247 1817 279 δι
1834 248 1867 279 in

985 281 1145 323 formula,
1168 292 1246 315 uriae
1268 288 1302 315 de
1322 288 1413 324 plano
1434 286 1513 317 mae
1534 291 1578 317 im
1602 292 1661 328 tegi
1679 288 1782 330 Jiffit,
1825 298 1866 320 ua

985 324 1023 354 de
1042 323 1191 364 Cujacius
1211 325 1338 359 LXII.
1351 326 1468 366 Olql'erv
1491 329 1522 359 C.
1540 331 1597 359 ult.
1623 330 1719 376 Quom
1735 331 1797 363 fi&
1822 331 1869 362 iic

983 365 1124 397 dicamus
1149 381 1303 407 mgnum,
1328 367 1432 401 sensus
1455 370 1536 409 erit,
1562 369 1718 411 supremas
1745 371 1867 404 tabulas

983 407 1045 438 clici
1063 431 1073 447 ,
1098 418 1168 449 quae
1202 410 1376 441 noviss'iinae
1399 410 1490 442 fatlae
1515 414 1614 451 lunt,
1646 412 1675 442 <St
1699 414 1761 454 post
1790 423 1867 455 quar

983 450 1072 480 niillae
1092 450 1171 490 'stim
1195 474 1204 489 ,
1241 452 1294 483 rel
1312 456 1468 494 postquam
1491 455 1581 484 miziae
1605 452 1809 494 faei‘aesum,
1832 454 1865 486 id

983 491 1084 530 enim,
1111 500 1145 523 ut
1170 493 1274 525 minus
1297 498 1429 533 uui-um,
1453 493 1541 526 forte
1561 492 1636 536 'quis
1659 498 1806 536 pratici-at
1827 500 1867 532 τῷ·

980 531 1044 573 post
1067 543 1165 573 quas,
1189 534 1219 566 ὃ(
1242 534 1353 566 docuit
1377 535 1520 577 Magno,
1540 537 1698 578 pistquum
1722 538 1766 569 ita
1791 538 1863 570 seri-

984 575 1014 605 bi
1039 574 1115 621 PQ,
1141 576 1223 607 unde
1245 576 1343 608 facile
1360 577 1523 610 emerserit
1541 580 1607 621 pust
1630 589 1729 620 qzms3
1754 579 1864 612 sedrcs

982 615 1094 647 eodem
1117 618 1208 649 redit.

1025 658 1091 704 Qui
1116 659 1183 691 haec
1208 669 1271 691 non
1297 660 1445 701 audiunt,
1472 662 1503 694 &
1521 662 1633 696 faciles
1667 663 1737 696 sunt
1767 663 1799 695 in
1830 673 1861 695 a·

988 699 1409 742 gnolccndisGiossbmatis,
1436 711 1470 735 ut
1494 704 1563 736 feie
1589 707 1658 737 lunt
1682 707 1793 738 faciles
1817 705 1864 736 ni-

983 741 1081 772 niium
1106 742 1174 774 Viri
1198 743 1303 783 dotti,
1331 743 1382 783 hi,
1409 745 1535 786 inquam
1551 771 1560 786 ,
1586 748 1703 788 quovis
1727 748 1862 789 pignore

983 783 1198 823 contendent,
1215 784 1364 825 glossema
1381 786 1443 818 elle
1460 788 1512 819 vel
1528 789 1559 820 in
1578 789 1643 829 his,
1663 800 1727 830 qva.»
1744 787 1863 830 morci‘ffi-

982 834 1032 854 ⁷7:ae
1047 826 1291 866 itasciclaejunt,
1312 828 1364 858 vel
1384 829 1414 859 in
1436 828 1509 869 illis,
1528 831 1592 871 prfl
1609 842 1682 872 quas
1704 833 1861 871 nullaesa-

982 865 1138 912 biaesurit,
1163 868 1350 899 alterutrum
1380 870 1497 911 quippe
1513 871 1664 905 sufficere.
1712 874 1860 912 Aduent,

979 907 1076 952 verba
1102 909 1263 954 loquentia
1285 909 1463 951 gloffeinati
1490 913 1612 946 causam
1631 914 1765 954 dedisse,
1792 915 1860 946 illie

979 957 1062 992 enim
1080 971 1090 987 ,
1121 951 1302 982 novillimas
1324 952 1445 985 tabulas
1465 954 1586 987 deliniri
1603 980 1612 996 ,
1645 966 1714 998 quae
1735 957 1859 987 ultiniae

980 989 1068 1035 lunt,
1094 989 1157 1021 sivc
1177 991 1241 1031 qu
1266 1001 1340 1031 queis
1362 997 1451 1026 nullae
1467 996 1562 1035 futlae
1575 1001 1664 1037 siim.
1711 997 1800 1029 Hinc
1819 997 1855 1028 il-

980 1030 1033 1061 lud
1052 1033 1325 1077 interpretationis
1344 1035 1418 1066 loco
1434 1037 1575 1070 additum
1593 1039 1655 1071 csse
1686 1053 1708 1075 vef
1736 1037 1858 1081 riom'ffl-

978 1082 1030 1102 mae
1047 1096 1056 1108 ‚
1095 1073 1230 1114 denique
1252 1084 1361 1106 notam
1379 1076 1440 1107 ess'e
1463 1079 1646 1112 adventitiae
1664 1080 1827 1113 sententiae
1843 1104 1855 1120 ,

977 1113 1063 1154 quod
1087 1124 1152 1145 non
1176 1115 1335 1147 cohaereat
1356 1119 1534 1151 continenti
1561 1120 1644 1163 stylo
1658 1146 1667 1161 ,
1703 1130 1816 1163 utpote
1839 1132 1857 1154 a

976 1155 1116 1196 margine
1130 1155 1236 1201 Libri,
1262 1167 1325 1189 non
1333 1158 1378 1204 *ab
1394 1160 1522 1192 aridiore
1536 1161 1631 1203 Legis
1647 1163 1806 1204 profesta,
1823 1164 1856 1196 &

976 1203 1100 1228 tandem
1116 1206 1151 1239 ea
1168 1205 1291 1229 ratione
1305 1200 1400 1231 Vitari
1417 1204 1447 1233 ὥς
1477 1208 1505 1230 τὸ
1534 1208 1692 1238 wammam
1718 1205 1748 1236 δι
1771 1220 1799 1236 τ»
1822 1207 1856 1233 02-

974 1251 1090 1269 συςωω.
1134 1239 1194 1270 Sed
1212 1249 1290 1271 vero
1306 1239 1368 1272 hoe
1382 1252 1480 1283 genus
1495 1244 1643 1285 Criticae,
1676 1246 1750 1278 dum
1770 1247 1855 1278 aliud

975 1278 1111 1321 superest
1128 1303 1137 1319 ,
1169 1290 1328 1322 nunquam
1349 1284 1425 1315 milii
1451 1286 1581 1327 placet,
1614 1287 1737 1319 constat
1767 1298 1854 1320 enim

973 1321 1090 1362 pellimi
1109 1323 1247 1363 exempli
1272 1323 1333 1355 ess'e
1346 1349 1356 1364 ,
1391 1326 1420 1357 ἃ
1437 1325 1544 1367 solco,
1570 1337 1605 1360 ut
1622 1330 1675 1369 qui
1695 1330 1852 1370 maxime,

974 1362 1121 1409 religiose
1137 1373 1186 1395 vei
1195 1364 1250 1396 sari
1268 1365 1298 1396 in
1316 1365 1421 1399 Libris
1436 1368 1561 1402 nostris.
1609 1370 1716 1413 Quare
1733 1372 1785 1403 vel
1801 1371 1851 1411 iis,

975 1413 1056 1445 quos
1080 1405 1174 1451 dixi,
1207 1407 1309 1438 modis
1324 1408 1402 1440 nihil
1419 1418 1585 1451 peccatum
1605 1413 1667 1445 effe
1681 1422 1771 1452 reor,
1797 1413 1853 1445 vel

974 1454 1139 1487 peccatum
1155 1448 1411 1489 interpunftione
1430 1452 1514 1491 sola;
1540 1453 1581 1485 fic
1597 1455 1682 1486 enim
1697 1453 1785 1486 forte
1803 1454 1851 1486 in-

975 1488 1242 1529 terpungendum:
1265 1490 1336 1521 Non
1357 1501 1458 1525 autem
1479 1505 1576 1526 omnes
1593 1498 1712 1528 zabulus
1729 1496 1852 1528 Proetor

61 1540 199 1563 coeterum
221 1541 249 1564 si
270 1531 322 1571 effe
334 1530 417 1571 ⁴scitis
440 1530 619 1571 injuriosum
641 1537 685 1560 avc
707 1552 715 1563 ,
750 1538 819 1573 quae
843 1528 874 1560 in
898 1537 927 1559 a·
964 1530 1108 1570 sequitur
1127 1532 1181 1561 licie
1194 1538 1283 1570 purte
1299 1532 1426 1574 Edisti,
1447 1538 1504 1576 sed
1516 1539 1699 1579 supremas,
1720 1539 1770 1570 hoc
1785 1537 1851 1578 est,

61 1573 113 1607 liis
136 1572 310 1606 Codicibus
334 1582 397 1604 tam
425 1571 510 1604 varie
528 1594 538 1610 ,
564 1578 628 1602 tam
651 1570 799 1603 mendoie
821 1569 928 1611 legun·
972 1582 1042 1607 eas,
1065 1581 1127 1612 qiiae
1142 1571 1318 1614 novifflmae:
1340 1576 1487 1617 itafastae
1497 1578 1594 1618 sunt,
1614 1580 1675 1621 post
1689 1590 1764 1622 quas
1781 1581 1851 1611 ῃμι.

57 1610 181 1654 'tur,s1c
203 1613 298 1646 facile
322 1613 469 1645 restituo:
494 1619 632 1643 coeterzim
651 1623 701 1645 Sic
722 1611 774 1651 effe
787 1611 867 1652 satis
885 1615 928 1643 in-

56 1657 206 1699 juriosum
218 1659 262 1687 ait
286 1656 344 1688 &c.
381 1655 488 1696 thue
510 1667 537 1683 ra
554 1653 598 1693 fic
621 1654 812 1700 aliquotiens
835 1653 929 1700 abun-

57 1697 134 1738 dat,
158 1697 195 1730 ad
217 1697 350 1730 eundem
373 1698 502 1729 modum
526 1696 664 1736 ejusdem
686 1695 754 1727 fere
779 1695 929 1736 significa-

620 1794 977 1831 CAPUT

973 1614 1006 1644 lae
1024 1614 1121 1653 sache
1137 1616 1213 1653 sum
1232 1638 1241 1653 ,
1270 1619 1336 1655 iia,
1365 1628 1479 1660 nempe
1500 1621 1659 1663 noviffime.
1704 1618 1849 1654 Tantum

973 1654 1035 1694 est,
1069 1656 1100 1688 <St
1121 1655 1209 1688 forte
1228 1657 1361 1690 nimium
1379 1661 1632 1701 conjetiurarum
1650 1664 1683 1697 in
1698 1673 1732 1696 re
1745 1664 1848 1696 incer-

974 1705 1025 1736 ta,
1050 1706 1086 1744 ut
1105 1705 1210 1730 tamen
1226 1697 1293 1731 fere
1311 1699 1356 1732 est
1370 1703 1473 1735 omnis
1487 1703 1618 1737 Critica.

1036 1775 1283 1836 vxxiv.

227 1886 372 1923 Salvium
398 1884 570 1930 Jidicinmn
596 1894 656 1919 non
681 1881 785 1918 videri
808 1883 975 1920 Amorem
1000 1885 1192 1931 Interdibli,
1226 1887 1305 1933 quod
1327 1889 1517 1928 Saleianum
1543 1893 1676 1930 dicitur,

55 1979 59 1982 ’
125 1981 265 2024 pstquam
279 1984 374 2016 etiam
390 1982 538 2023 Cujacius
559 1983 666 2014 Parcit.
690 1983 727 2013 ad
752 1981 814 2012 Tit.
831 1980 872 2027 ff
894 1983 929 2014 de

60 2022 71 2033 ·’
143 2025 286 2062 Salviano
314 2025 479 2057 Interdiclo
496 2049 504 2064 ‚
538 2024 568 2057 se
584 2023 729 2066 suspicari
748 2022 926 2064 scripserat,

63 2067 130 2105 ejus
147 2065 307 2099 Interdifti
330 2067 489 2099 auctorem
512 2066 573 2098 esse
597 2065 737 2098 Salvium
752 2065 925 2106 julianum,

62 2102 176 2139 Edicto
192 2108 347 2150 Perpetuo
363 2108 521 2147 nobilem,
546 2107 712 2143 facilelioc
729 2106 927 2148 arripuerunt

63 2147 128 2187 alii,
136 2149 228 2180 etiam
237 2150 403 2191 Menagius
412 2150 562 2181 Arnoem‘l.
573 2148 753 2191 Jur.‘Ci'vz'l.
764 2150 788 2179 C
800 2147 926 2180 XXIV.

63 2188 95 2220 ἃ
108 2197 171 2220 non
185 2190 389 2222 dubitandum
405 2191 466 2222 ess'e
482 2191 576 2222 video
589 2215 598 2230 ,
623 2191 676 2232 qui
691 2190 729 2221 de
743 2190 838 2232 plano
854 2199 926 2231 pro-

63 2230 224 2262 nuncient.
269 2232 302 2263 Si
318 2233 472 2264 rationem
486 2242 621 2273 quietas,
645 2241 709 2263 non
726 2231 817 2263 aliam
834 2231 926 2262 habe-

60 2270 127 2309 bis,
151 2280 244 2311 quam
259 2272 355 2304 Salvii
369 2273 480 2312 Juliani
501 2283 626 2305 nomen.
672 2273 731 2305 Sed
759 2273 825 2304 haec
845 2273 927 2304 ratio

61 2320 124 2343 non
143 2311 206 2351 cst,
231 2323 301 2344 nam
315 2314 420 2354 plures
434 2315 556 2346 Salvios
578 2314 665 2345 dedit
691 2313 777 2345 Gens
794 2313 898 2346 Salvia
914 2337 923 2353 ‚

63 2353 93 2385 ἃ
109 2361 223 2394 praeter
237 2354 393 2394 julianum
415 2355 445 2386 in
469 2356 568 2387 veteri
587 2356 738 2387 memoria
757 2355 852 2386 etiam
874 2355 926 2387 alii

59 2394 175 2434 Salvii,
199 2395 290 2436 JCti,
315 2396 522 2427 celebrantur.
557 2396 653 2443 Quod
676 2406 715 2427 eo
737 2396 854 2428 distum
872 2406 925 2427 ve-

60 2435 134 2475 lim,
157 2445 214 2475 ne,
240 2437 312 2477 quia
334 2437 513 2468 Salvianum
529 2445 681 2477 vocatur,
707 2438 925 2478 continuoju-

56 2475 176 2508 lianum
198 2477 359 2509 lutei-disti
383 2478 541 2509 auctorem
566 2479 734 2510 credamus.
767 2477 863 2510 Nunc
877 2488 925 2510 ac-

62 2518 132 2558 cipe
163 2519 322 2558 rationes,
357 2529 426 2561 qua:
450 2529 500 2550 nie
524 2520 554 2551 in
579 2520 773 2551 contrarium
796 2527 924 2551 vocant.

57 2557 103 2590 Et
142 2559 266 2600 quidem
298 2560 422 2600 Juliano
450 2561 608 2602 antiquius
642 2561 703 2593 esse
733 2561 763 2592 id
794 2560 925 2592 Interdi-

60 2600 169 2639 ctum,
202 2601 232 2633 ὃ(
266 2600 426 2633 Interdiffl
456 2611 588 2642 nomen,
620 2603 690 2634 inde
713 2602 790 2634 mihi
815 2603 927 2634 videor

56 2640 143 2672 'reste
165 2642 334 2683 colligere,
360 2642 444 2684 quod
468 2643 563 2683 illud,
589 2653 628 2674 eo
651 2644 778 2675 nomine
794 2667 803 2683 ,
829 2645 924 2675 inter-

59 2682 171 2722 pretati
204 2682 262 2714 sint
295 2683 407 2715 Paulus
437 2684 467 2716 &
489 2684 644 2725 Ulpianus
667 2686 697 2716 in
723 2684 924 2717 Commenta-

59 2723 114 2754 riis
152 2723 189 2754 ad
217 2724 385 2764 Edietum,
417 2725 469 2756 hic
493 2725 592 2758 Libro
615 2726 722 2758 LXX.
748 2727 803 2757 ille
827 2726 925 2758 Libro

61 2761 177 2796 LXIII.
203 2773 239 2796 ut
254 2766 376 2798 constat
392 2776 433 2798 ex
457 2765 477 2797 l.
498 2777 526 2798 ρ.
553 2772 580 2805 §1
596 2778 625 2808 5³-
643 2768 684 2808 ff.
710 2770 743 2798 de
766 2768 925 2800 Interes&

60 2804 82 2834 1‘.
99 2814 127 2835 2.
144 2805 179 2845 ff
207 2809 234 2837 b.
251 2808 284 2837 Τ,
303 2807 388 2848 quod
405 2807 446 2839 fic
462 2807 534 2840 satis
550 2810 668 2850 praeber
683 2809 875 2850 argumenti,
895 2811 925 2841 dc

62 2843 219 2890 interdicti
237 2848 321 2880 illius
336 2849 506 2881 meminisse
521 2850 665 2882 Edictum
675 2874 684 2890 ,
702 2852 731 2883 ὃς
746 2851 926 2882 Salvianum

60 2885 105 2917 ibi
129 2887 277 2920 audivisse
294 2912 304 2928 ,
335 2898 407 2921 cum
420 2890 504 2922 aliud
525 2901 639 2923 nomen
657 2891 795 2933 nuspiam
812 2902 924 2924 occur-

61 2933 127 2965 rat,
152 2927 264 2960 nedum
280 2929 310 2961 in
328 2930 416 2963 Pauli
439 2931 468 2963 &
491 2932 616 2974 Ulpiani
637 2933 759 2972 Libris,
785 2943 864 2974 quos
880 2934 924 2964 di-

62 2968 175 2999 ximus.
221 2969 272 3001 Sin
288 2970 367 3010 ajas,
390 2971 544 3012 Julianum
565 2974 596 3004 in
612 2975 834 3015 componendo
850 2975 924 3007 Edi-

61 3009 114 3039 c‘to
137 3007 190 3040 sua
213 3012 352 3056 quaedam
374 3012 560 3046 emblemata
581 3015 727 3047 addidisse
741 3039 751 3055 ,
785 3025 820 3047 ut
837 3026 924 3058 argu-

61 3050 248 3082 menroesse
265 3051 388 3084 videtur
419 3055 437 3084 l.
455 3065 484 3096 3.
509 3056 544 3096 ff
580 3060 613 3087 de
638 3057 787 3097 Conjiing.
810 3068 875 3088 cam
897 3069 911 3088 e

62 3100 159 3137 gnane.
183 3093 232 3138 lib:
254 3091 340 3138 esto3
358 3092 408 3125 sed
421 3097 472 3126 cui
487 3096 542 3128 fiet
557 3097 741 3138 verisimile,
755 3099 923 3140 julianum,

61 3141 93 3163 m
110 3141 174 3172 quo
189 3132 261 3179 alibi
282 3134 442 3175 pellucent
463 3137 621 3170 modestiae
635 3149 834 3181 argumenta,
860 3149 924 3171 tam

60 3181 234 3211 arrogantis
247 3175 362 3215 ingenii
378 3175 490 3215 fuisse,
514 3186 566 3218 ut,
597 3189 661 3211 non
685 3189 855 3213 contentus
879 3191 924 3212 re-

61 3205 174 3287 peri-gez
188 3213 405 3287 lqterdiclurn,
422 3217 452 3249 ὅ(
464 3227 578 3254 nomeu
593 3220 640 3253 illi
658 3220 746 3282 suum
763 3222 924 3264 imposuis-

973 1981 1038 2023 set,
1064 1983 1094 2016 &
1110 1984 1156 2015 ita
1173 1984 1288 2017 Edicto
1302 1987 1453 2020 voluiss‘et
1467 1987 1626 2023 insertum.
1666 1991 1744 2031 Sed,
1760 1987 1849 2033 quod

971 2025 1069 2066 magis
1091 2024 1152 2070 est,
1184 2036 1224 2058 ne
1244 2027 1402 2067 Julianum
1426 2029 1587 2063 interdicti
1605 2056 1614 2072 ‚
1648 2043 1713 2074 quo
1728 2033 1767 2064 de
1782 2034 1846 2075 agi-

971 2076 1057 2106 mus,
1082 2070 1242 2099 auetorem
1263 2070 1405 2110 credam,
1429 2071 1495 2112 ipse
1510 2082 1561 2104 me
1576 2082 1688 2105 movet
1704 2073 1845 2114 Julianus

970 2107 1003 2140 in
1024 2109 1042 2139 l.
1065 2117 1092 2140 1.
1107 2109 1148 2150 ff.
1159 2111 1188 2141 h.
1209 2110 1356 2142 Tis.na1n
1370 2111 1470 2144 Libro
1486 2113 1610 2147 XLIX.
1637 2115 1848 2158 Digestorum,

971 2151 1233 2192 interpretaturus
1250 2151 1281 2183 id
1296 2151 1519 2194 Interdiaeflum,
1545 2163 1692 2198 tanquam
1709 2165 1790 2190 noto
1814 2158 1847 2190 δί

971 2192 1103 2232 antiquo
1121 2193 1251 2224 nomine
1274 2193 1456 2226 Salvianum
1476 2205 1591 2237 vocat,
1618 2198 1712 2240 idque
1728 2199 1844 2241 simpli-

969 2233 1067 2279 citer,
1083 2234 1208 2280 absque
1226 2234 1289 2266 ulla
1302 2244 1397 2276 nota,
1423 2247 1484 2278 qua
1499 2237 1531 2269 se
1547 2239 1705 2271 auuorem
1720 2241 1844 2282 prodat.

969 2274 1032 2307 Fac
1048 2284 1144 2316 igitur
1162 2285 1193 2307 in
1211 2276 1324 2308 Edit-”to
1342 2278 1487 2310 omissum
1504 2279 1598 2311 fuisse
1621 2282 1762 2314 salviam·
1784 2291 1842 2314 no-

971 2326 1059 2356 men,
1085 2316 1137 2348 hic
1155 2326 1242 2348 certe
1258 2317 1323 2359 ipse
1339 2318 1396 2350 suo
1414 2321 1543 2352 nomine
1557 2320 1588 2352 se
1601 2321 1729 2355 efferret
1741 2322 1846 2365 :quod

969 2358 1066 2398 absit,
1097 2358 1120 2390 si
1145 2359 1198 2391 vel
1220 2368 1288 2391 eam
1310 2361 1554 2401 appellationem
1578 2370 1654 2395 tunc
1671 2363 1728 2396 usu
1749 2364 1845 2396 fuiss‘e

968 2409 1128 2441 receptam
1143 2402 1289 2442 cuiquam
1305 2401 1361 2433 fiat
1374 2403 1545 2443 probabile.
1570 2403 1704 2437 Diceret
1714 2430 1723 2445 ,
1742 2405 1843 2438 Inter-

969 2441 1106 2481 dictum,
1139 2443 1225 2483 quod
1244 2452 1295 2473 me
1317 2442 1458 2476 P1·aetore
1481 2446 1678 2486 propositum
1702 2446 1772 2487 est,
1788 2447 1843 2478 vel

970 2482 1055 2523 quod
1070 2493 1087 2513 a
1105 2493 1154 2514 me
1168 2493 1284 2515 nomen
1301 2484 1411 2525 habet,
1436 2487 1488 2518 vel
1505 2486 1528 2518 si
1544 2487 1619 2527 quid
1636 2488 1684 2520 his
1700 2488 1745 2521 est
1759 2488 1840 2520 simi-

970 2524 1008 2556 le.
1055 2524 1208 2565 Accedit,
1236 2526 1266 2557 &
1282 2525 1311 2556 id
1326 2525 1443 2558 summa
1458 2528 1503 2559 rei
1521 2527 1566 2560 est
1580 2553 1590 2568 ,
1625 2530 1711 2571 quod
1724 2529 1789 2572 ipse
1804 2529 1841 2561 il-

969 2565 999 2596 le
1016 2564 1155 2605 Julianus
1170 2567 1201 2598 in
1222 2570 1251 2598 d.
1275 2570 1295 2599 ι.
1318 2577 1344 2599 1.
1368 2569 1505 2600 maxime
1522 2579 1700 2611 occupetur
1716 2572 1747 2602 in
1766 2580 1841 2601 enu-

968 2606 1121 2638 merandis
1145 2608 1241 2640 causis
1257 2631 1265 2647 ,
1297 2609 1411 2650 quibus
1433 2610 1519 2642 reddi
1538 2620 1686 2652 oporteat
1709 2611 1841 2643 Interdi-

968 2647 1070 2686 Ctum,
1095 2649 1147 2680 vel
1165 2650 1318 2681 directum
1330 2674 1340 2689 ,
1365 2651 1417 2683 vel
1434 2652 1533 2691 utile,
1558 2660 1653 2694 atque
1669 2653 1747 2684 adeo
1761 2652 1842 2683 dire-

968 2689 1053 2720 cium
1081 2689 1119 2721 ab
1141 2690 1212 2723 utili
1243 2691 1412 2733 distinguat
1434 2691 1602 2724 secundum
1626 2703 1680 2732 ea,
1705 2703 1774 2733 quae
1799 2693 1843 2724 ibi

967 2740 1199 2772 proponuntur.
1245 2732 1327 2764 Haec
1341 2743 1420 2765 vero
1434 2735 1511 2765 mihi
1527 2744 1590 2766 non
1607 2734 1840 2765 videnturcon-

967 2781 1076 2808 venire
1091 2773 1216 2812 juliano
1230 2774 1368 2813 auetori3
1378 2775 1398 2807 fi
1409 2776 1493 2806 enim
1511 2774 1575 2816 ipse
1592 2774 1840 2807 Interdiffifuis-

968 2811 1014 2844 set
1028 2813 1155 2854 auctor,
1181 2815 1261 2846 utile
1281 2825 1409 2857 quoque
1431 2816 1554 2848 feciss'et
1567 2815 1739 2856 directum,
1765 2817 1840 2858 quia

967 2854 1120 2894 ejusmodi
1137 2855 1352 2889 distinctiones
1368 2867 1432 2888 non
1451 2857 1597 2888 oriuntur
1613 2856 1668 2888 nifi
1685 2866 1725 2888 ex
1742 2857 1838 2889 inter-

968 2896 1163 2937 pretatione,
1190 2907 1259 2938 quae
1274 2898 1311 2928 ab
1326 2899 1396 2929 aliis
1411 2898 1555 2937 equidem
1579 2895 1685 2936 JCtis‚
1709 2907 1774 2930 non
1794 2906 1840 2930 ta-

968 2946 1038 2968 men
1057 2937 1095 2968 ab
1107 2937 1232 2978 juliano
1245 2937 1449 2979 exspectanda
1463 2945 1546 2976 erat,
1579 2946 1618 2969 ne
1634 2938 1840 2972 Interdictum

968 2977 1094 3018 anguste
1111 2980 1203 3010 nimis
1221 2978 1400 3019 concepiss'e
1419 2978 1597 3018 videretur,
1622 2980 1720 3012 etiam
1733 2990 1774 3012 ex
1788 2980 1842 3012 sua

968 3019 1061 3060 ipsius
1079 3018 1241 3050 sententia.
1287 3019 1346 3051 Sed
1370 3019 1418 3050 his
1433 3018 1520 3051 forte
1535 3029 1689 3060 reponens
1703 3022 1837 3053 auCtori'-

970 3068 1067 3091 tatem
1081 3060 1301 3099 Basilicorum,
1327 3060 1380 3101 qui
1405 3060 1442 3090 L.
1468 3060 1540 3093 LX.
1575 3061 1609 3092 T.
1643 3071 1691 3103 17.
1728 3065 1761 3095 C.
1785 3069 1839 3098 28.

968 3101 1127 3141 Ulpiano,
1143 3110 1205 3132 non
1220 3101 1362 3141 juliano,
1381 3100 1560 3134 adscribunt
1581 3104 1610 3134 d.
1632 3104 1651 3135 l.
1675 3113 1702 3136 1.
1725 3114 1839 3137 verum

969 3141 1010 3172 ibi
1029 3140 1190 3181 scripturae
1206 3143 1321 3173 vitium
1335 3141 1414 3181 esse,
1440 3143 1470 3174 ἃ
1486 3153 1550 3174 non
1571 3149 1659 3175 οῠλπ.
1692 3146 1746 3178 vel
1768 3151 1836 3179 οὐκ.

970 3181 1038 3220 sed,
1050 3182 1154 3214 addita
1170 3182 1279 3222 litera,
1302 3186 1379 3214 'inan
1404 3184 1569 3225 legendum
1583 3186 1644 3218 effe
1657 3186 1839 3228 persuasiffi-
1865 3201 1870 3204 ·

970 3233 1039 3255 mus
1064 3221 1131 3255 sum
1146 3247 1157 3264 ,
1194 3232 1402 3297 nonFtantum
1427 3226 1512 3270 quod
1533 3226 1566 3259 in
1587 3227 1692 3261 Libris
1717 3228 1841 3262 Latinis

1762 3279 1837 3302 con-
