2008 3436
166 130 207 165 οἳ

430 235 482 270 Aa
525 237 553 279 ς.
576 237 755 271 xxxvii.

208 316 278 349 Fau
296 316 360 360 post
381 331 424 351 eor
446 322 579 352 maxime
592 321 727 361 scientiae
754 321 946 362 Sempronius.
968 360 973 365 ο
993 317 1028 349 In

164 358 235 391 MS.
259 370 331 392 meo
361 360 463 394 Giosst
485 363 514 394 ἃ
536 362 699 403 Cainpensi
732 362 775 393 est
801 362 1033 405 Sympleonugs3

165 400 216 432 sed
236 402 334 441 male,
358 411 393 434 ut
415 413 455 434 ex
477 403 573 435 Livio
597 403 729 435 constat.
776 403 853 435 Non
871 401 916 432 est
934 409 1032 445 major

164 442 317 483 varietas,
342 453 433 484 quam
458 445 491 475 in
515 443 668 484 scriptura
691 444 866 476 Nominum
888 449 1030 488 proprio-

164 493 234 515 rum
254 507 264 523 ,
297 485 425 517 habebis
453 486 482 517 δε
513 495 590 517 mox
612 486 747 527 plui-ima
769 485 836 525 ejus
858 494 904 515 rei
927 490 1030 514 exem-

189 525 226 557 la.

165 534 186 566 p
211 566 347 598 Arbitrio
372 567 430 606 fibi
459 569 544 608 dato,
576 574 674 599 utram
697 568 808 604 vellet,
825 567 949 606 referret
973 564 1033 595 Ro-

165 619 252 640 mam.
298 609 400 640 Proba
430 610 512 640 recta
542 608 587 640 est
618 609 761 647 locutio,
793 614 888 638 utram
911 605 1001 655 vellet
1020 627 1032 644 ,

166 649 302 690 referret.
346 649 442 681 Liber
465 648 664 690 Campensis,
694 650 723 681 ἃ
744 659 831 681 meus
853 648 915 680 sine
936 646 1031 677 (1103-

165 691 220 729 fis,
242 690 357 722 habent
383 690 518 730 referri,
548 690 627 721 alius
658 700 760 729 meus,
787 699 861 722 cuin
885 687 1000 720 Gloffis
1021 711 1031 726 ,

165 732 305 771 referre3
348 732 432 772 quod
461 730 653 771 postremum
689 732 787 773 magis
818 741 860 762 cx
890 729 946 761 usu
977 727 1032 776 est.

166 772 260 804 Hanc
279 780 383 803 autem
400 771 562 804 historiam
571 772 765 814 Pomponius
775 772 872 804 refert
888 771 925 803 ad
970 780 1033 816 uzu-

166 820 227 844 tavi
262 814 398 845 Mzoeiam
415 835 426 852 ,
457 822 548 852 cum,
578 823 619 845 ex
642 813 794 846 consensu
818 814 918 845 totius
972 819 1032 842 nti-

165 854 318 894 quitatis,
340 853 502 886 referenda
525 854 561 887 sit
586 855 623 887 ad
648 855 795 903 Quiritum
819 855 943 900 Ειὺίῑςηι
963 853 1033 885 Μα-

166 896 287 926 ximum.
333 895 424 928 Unde
445 896 541 927 etiam
564 896 726 938 plerique,
758 907 830 928 cuni
854 896 1003 942 Editores
1023 916 1035 933 ‚

167 944 235 967 tum
259 936 468 977 Interpretes,
487 947 546 978 pro
563 938 666 969 Mucio
682 938 875 970 substituunt
899 936 1035 973 Fabzmu,

169 977 239 1015 vel,
271 978 355 1018 quod
384 979 472 1019 pejus
503 977 571 1018 est,
599 979 722 1011 Fabz'um
751 979 960 1020 Pamphilum,
983 976 1034 1008 sed

166 1018 298 1057 reftius,
323 1020 457 1060 opinor,
483 1019 642 1062 Rupertus
661 1020 735 1060 hic,
758 1021 939 1053 Maximum.
972 1018 1035 1050 Ru-

166 1068 258 1100 perto
280 1070 344 1092 non
365 1059 506 1101 inspec‘to
525 1084 536 1100 ‚
566 1070 653 1093 certe
678 1072 741 1094 non
766 1062 912 1099 laudato,
932 1068 974 1107 ‚ut
993 1069 1034 1091 ex

166 1100 220 1132 sua
241 1101 461 1134 emendatione
490 1102 586 1134 etiam
622 1103 794 1135 Maximum
815 1102 956 1144 reposuit
980 1101 1032 1147 Al-

166 1142 334 1174 ineloveen
375 1141 454 1183 Risi.
489 1143 601 1185 Consul.
632 1151 665 1185 p.
701 1148 770 1185 165.
823 1145 945 1189 Atque·
959 1142 1034 1174 huic

165 1184 376 1224 conJetturae,
401 1186 504 1216 donec
519 1185 633 1217 melior
654 1185 831 1224 succurrat,
856 1182 1034 1225 acquiesco3

165 1224 305 1257 rationes
329 1235 392 1257 non
417 1225 583 1267 exsequar,
610 1236 680 1258 nam
704 1227 758 1268 ipsi
777 1228 937 1258 dixerunt.
971 1224 1034 1255 Cu-

167 1265 265 1306 jacius
288 1266 412 1307 quidem
436 1267 488 1298 hic
512 1266 615 1299 servat
669 1270 782 1299 uinum
806 1269 962 1304 Miletum,
980 1264 1035 1310 ‘sed

167 1307 207 1338 de
227 1307 342 1341 Mucio
355 1330 367 1346 ,
397 1308 482 1349 quod
516 1308 552 1339 ad
583 1309 662 1340 hanc
687 1319 752 1341 rem
774 1309 931 1350 pertinet,
956 1305 1036 1338 nihil

166 1348 280 1388 probat
298 1372 309 1389 ,
333 1358 392 1381 nec
413 1350 548 1391 probare
569 1349 682 1391 potest.

436 1433 488 1466 Aa
533 1433 560 1475 §.
586 1432 780 1465 xxxviii.

212 1514 282 1556 Posi
301 1516 359 1548 hos.
405 1515 502 1548 Recte
535 1515 606 1547 haec
634 1515 732 1547 verba
753 1516 894 1556 explicat
917 1515 1038 1556 Ruper-

170 1563 220 1589 tus
244 1567 356 1588 contra
386 1557 553 1589 Mai-etum
570 1581 581 1597 ,
609 1557 648 1588 de
673 1557 797 1589 turbata
815 1558 939 1590 ratione
961 1564 1037 1588 tem-

168 1598 254 1638 poris
278 1599 330 1630 hic
353 1599 532 1630 tricanteni.

213 1639 319 1671 Sextus
342 1640 452 1671 AElius.
500 1640 535 1672 In
561 1640 681 1679 tribus,
701 1640 813 1682 quibus
843 1639 914 1672 usus
952 1641 1038 1682 sum,

170 1680 263 1713 MSS.
298 1681 328 1713 &
361 1682 392 1713 in
419 1681 523 1714 Libris
547 1683 730 1724 quibusdam
755 1682 850 1713 editis
873 1691 1039 1723 perperam

170 1720 287 1764 legitur
319 1723 424 1754 Sextus
457 1724 613 1761 Caecilius3
643 1723 727 1764 quod
748 1723 865 1756 vitium
887 1723 933 1756 est
956 1726 987 1758 ἀ
1006 1726 1038 1758 in

169 1762 189 1796 l,
215 1774 246 1807 3.
270 1763 299 1805 §.
319 1774 349 1800 9.
369 1765 411 1805 ff.
432 1766 465 1795 cte
490 1765 575 1796 Peuu
595 1766 621 1796 le
639 1775 654 1796 ’.

214 1806 336 1837 Publius
360 1805 484 1838 Atilius.
531 1806 579 1838 An
635 1832 643 1839 .
669 1807 786 1839 Atilius
807 1816 879 1839 cum
903 1808 1040 1852 Pompo-

169 1847 245 1885 nio,
276 1856 314 1878 an
346 1847 387 1879 L.
411 1847 531 1879 Acilius
561 1858 634 1879 cum
663 1848 821 1880 Cicerone
843 1847 1040 1884 scribendum

169 1890 229 1928 lit,
258 1887 503 1929 mihilnondum
535 1889 654 1930 liquet;
687 1889 739 1921 sed
770 1891 800 1922 in
833 1891 1040 1931 exprimendo

171 1929 300 2001 nogiine
336 1929 409 1970 JCti
425 1952 437 1968 ,
473 1929 653 1971 Pomponio
684 1931 768 1972 JCto
801 1931 897 1964 facile
924 1933 1039 1975 primas

170 1978 210 2002 tri
237 1980 288 2002 uo.

219 2012 262 2042 Ut
285 2013 338 2044 duo
359 2013 440 2044 AElii
459 2014 549 2044 eriam
565 2013 698 2054 Consules
709 2014 838 2054 fuerint.
864 2015 945 2047 Cum
956 2015 1040 2049 Con-

171 2051 288 2084 sulatus
311 2053 390 2085 nihil
411 2053 478 2085 fere
501 2054 539 2085 ad
561 2054 841 2096 Jurisprudentiam
860 2058 1039 2098 pertineat,

172 2104 238 2126 non
258 2093 330 2126 satis'
351 2103 422 2135 apte
444 2095 570 2127 videtui·
593 2097 654 2128 dici
667 2121 677 2136 ,
702 2097 734 2129 in
760 2106 880 2129 tantum
905 2098 1038 2139 jurispe-

172 2135 246 2173 riti,
270 2140 303 2166 ut
326 2137 416 2167 etiam
448 2136 578 2177 Consules
600 2138 732 2177 fuerim.
779 2138 918 2170 Praefero
941 2140 1039 2179 igitur

171 2176 342 2208 iettionem
365 2177 529 2218 Utriusque
549 2178 622 2210 MS.
647 2180 707 2210 niei
721 2203 730 2218 ,
762 2179 798 2215 {5³
820 2181 873 2210 duo
897 2179 976 2211 AElii
996 2186 1037 2211 et-

173 2220 235 2249 iam
261 2217 393 2260 Consules
417 2218 563 2258 fueruat,
599 2229 663 2261 quo
687 2220 756 2260 illi,
782 2230 916 2262 quorum
942 2219 1039 2253 scien-

173 2260 249 2290 tiam
280 2260 312 2291 in
342 2259 522 2300 profitendo
554 2259 626 2300 Jure
649 2261 851 2301 laudaverat,
882 2261 976 2293 etiam
1000 2272 1040 2295 ex

175 2298 352 2332 Consulatu
371 2300 586 2341 designentur,
608 2309 644 2333 ut
666 2301 733 2333 fei-e
757 2301 837 2334 solet
848 2302 1042 2344 Pomponius

150 2360 154 2361 ν
173 2341 431 2382 jurisprudentiae
463 2340 647 2383 professioni
680 2343 817 2376 honores
838 2344 869 2375 in
893 2343 1043 2386 Republi-

173 2392 210 2414 ca
253 2381 336 2415 estos
359 2383 501 2423 adjicere.

251 2421 331 2464 xstat
359 2425 440 2455 illius
470 2425 584 2464 Liber,
617 2427 666 2468 qui
687 2426 858 2468 inscribitur
892 2426 1042 2460 Tiui‘ER-

177 2472 263 2496 'riTA
281 2487 292 2503 ‚
324 2467 372 2506 qui
401 2466 472 2497 liber
502 2467 596 2499 velitri
623 2469 768 2499 cunabula
787 2468 880 2509 ,Juri's
902 2470 1040 2500 continet.

177 2506 404 2538 TRIPERTITA
428 2513 524 2538 autem
544 2510 673 2547 dicitur,
701 2512 836 2551 quonium
861 2510 943 2552 Lege
965 2509 1041 2542 XII.

179 2547 358 2579 Tabularum
376 2547 526 2588 praepofita
543 2571 554 2588 ,
585 2551 727 2592 juugitur
750 2552 975 2591 interpretatio,
997 2553 1043 2582 de-

175 2589 243 2619 inde
261 2587 432 2629 subtexitur
461 2589 555 2631 Legis
592 2591 675 2623 attio.
729 2592 844 2624 Utrum
881 2593 1043 2666 Tl'sffrffm

173 2629 278 2670 legas,
299 2629 330 2661 ὅ(
349 2628 466 2661 referas
497 2631 534 2662 ad
567 2633 699 2664 totidem
721 2642 903 2674 argumenta
957 2634 1013 2665 ibri
1032 2657 1041 2673 ‚

174 2680 234 2709 an,
257 2677 294 2702 ut
316 2670 347 2703 in
371 2670 443 2702 MS.
478 2681 549 2703 meo
585 2671 748 2712 Gloss'ato,
778 2674 952 2714 'inpertitus
970 2697 980 2713 ‚
1013 2675 1043 2707 ἂ

172 2710 290 2744 referas
321 2712 357 2743 ad
387 2711 486 2752 ipsum
518 2713 676 2751 Librum,
705 2724 811 2755 pai-uni
835 2716 978 2754 equidem
1001 2716 1041 2747 in-

175 2751 289 2792 terest3
310 2763 404 2794 quare
429 2753 594 2785 lectionem
618 2753 830 2786 Florentinum
857 2755 957 2787 servo.
983 2757 1042 2789 Sed

174 2794 213 2826 de
237 2804 276 2825 eo
299 2794 399 2826 Libro
428 2795 515 2826 Sexti
547 2796 623 2827 AElii
660 2796 786 2836 prestitis
806 2806 941 2835 agamus.
988 2797 1042 2829 Ait

174 2835 391 2876 Pomponius,
414 2836 604 2868 continuisse
628 2838 770 2868 cunabula
795 2837 905 2878 Jurss,
929 2838 958 2869 &
977 2837 1042 2869 Tri-

174 2878 283 2915 pertita
302 2876 418 2908 dietum
439 2901 448 2916 ‚
485 2878 570 2918 quod
592 2878 695 2909 AElius
718 2878 926 2919 praeposuerit
949 2879 1042 2921 legem.

177 2917 253 2948 ΧΗ.
288 2918 376 2949 Tali.
415 2918 526 2950 deinde
557 2919 706 2959 adjecerit
737 2920 1011 2960 [inerpretationem
1029 2943 1041 2959 ,

177 2967 253 2988 mox
284 2959 376 3001 Legis
405 2960 554 2992 athonem.
609 2961 702 2993 Pueri
733 2960 855 2993 scilicet
877 2961 956 2992 olim
976 2961 1039 2992 Ro-

177 3007 236 3029 inxt
258 2999 416 3031 discebant
435 3000 511 3033 ΧΠ.
536 3001 698 3041 Tabulas,
730 3010 765 3033 ut
788 3011 912 3034 carmen
935 3011 1041 3034 neces-

179 3037 304 3076 sarium,
327 3041 587 3081 quemadmodum
610 3043 648 3074 de
673 3042 702 3074 se
725 3044 754 3075 &
777 3043 845 3074 aliis
865 3043 981 3075 alicubi
997 3052 1042 3074 re-

181 3079 254 3109 tulit
275 3081 414 3119 Cicero,
445 3092 508 3115 non
532 3084 657 3116 aliunde
685 3084 793 3116 fontes
816 3084 898 3124 Juri's
922 3084 1040 3116 haurie-

180 3117 252 3149 bant
276 3130 367 3160 quam
390 3125 425 3154 ab
448 3125 579 3165 cultiquis
614 3125 751 3164 Tabulis,
783 3125 824 3158 fic
849 3126 953 3164 enim,
976 3135 1040 3157 non

180 3157 298 3204 Fatalis
318 3161 479 3202 legendum
503 3165 602 3197 videri
626 3166 728 3207 posset
748 3167 780 3198 in
796 3168 929 3207 prooemio
955 3165 1042 3208 Insti-

180 3204 352 3239 canonum,
383 3211 475 3244 atque
503 3205 552 3239 liis
582 3206 702 3242 edoctis
727 3207 894 3242 transibant
913 3207 1040 3243 demum

416 117 817 169 (sonnatii
868 128 986 153 ΗΝ
1038 116 1661 173 ΒΜΗΗΕΗεΗοΕΚἸ

1072 196 1109 227 :id
1131 197 1286 238 graviora.
1339 196 1431 229 Unde
1455 199 1485 230 &
1507 200 1610 232 AElius
1634 200 1805 242 praeposuit
1827 203 1938 246 Legem

1071 237 1149 270 XII.
1176 238 1265 269 Rite.
1292 238 1373 280 quasi
1397 239 1497 280 prima
1518 241 1600 281 Juris
1624 242 1779 274 elementa
1803 244 1832 275 dt
1855 247 1935 285 prin·
1989 256 2007 275 s

1072 278 1163 321 cipis.
1210 279 1280 311 Hac
1314 280 1377 311 levi
1405 280 1435 311 &
1462 280 1594 322 simplici
1629 283 1681 314 via
1701 283 1866 318 defunttus
1888 288 1937 319 ad-

1071 319 1153 351 didit
1176 319 1452 362 [inerpretationem
1466 345 1478 361 ,
1508 330 1577 363 qua:
1609 322 1812 364 obscuriora,
1833 337 1874 359 ex
1896 329 1939 360 di-

1076 359 1256 401 sputatione
1264 362 1328 393 fori
1343 386 1352 401 ‚
1375 363 1555 404 explicabat
1566 388 1576 403 ,
1589 374 1720 406 quaeque
1734 365 1940 409 Iriterpretatio

1077 410 1198 434 tantum
1231 413 1295 434 non
1330 413 1396 435 erat
1422 405 1546 437 uberior
1571 405 1825 440 Commentarius
1881 420 1939 442 uae-

1075 442 1212 475 ssionum
1242 444 1323 484 Juris
1342 468 1352 484 ,
1383 455 1423 477 ex
1453 446 1530 478 XII.
1561 447 1665 478 Tabb.
1691 448 1940 485 oriuntiumz'in

1074 493 1137 524 quo
1167 494 1353 526 argumento
1381 488 1551 528 plurimum
1579 489 1703 520 valebat
1738 489 1942 525 Prudentium

1074 525 1262 565 auetoritas3
1284 536 1377 568 atque
1400 538 1436 560 ea
1458 538 1528 569 pars
1549 529 1610 570 Jus
1635 530 1732 562 Civile
1747 531 1807 563 dici
1821 533 1953 575 placuit:-

1074 566 1105 606 §.
1128 575 1160 605 5.
1181 567 1208 598 b.
1233 568 1272 598 L.
1296 568 1339 600 fic
1361 569 1510 602 habemus
1540 571 1715 603 'i'heoriam
1745 573 1838 613 Juris.
1882 575 1943 607 Ac-

1075 607 1205 638 cedebat
1237 609 1349 640 deinde
1383 610 1476 652 Legis
1503 611 1590 643 Aciio
1609 635 1620 650 ‚
1651 613 1714 644 hoe
1747 613 1810 654 est,
1839 614 1944 649 forma

1075 647 1256 681 instituendi
1279 650 1411 689 judicii,
1431 652 1550 684 edoftis
1573 663 1685 695 nempe
1708 655 1872 698 principiis
1891 657 1942 698 Ju-
1983 657 1986 664 ’

1076 690 1118 721 ris
1149 698 1190 720 ex
1220 690 1296 736 XII.
1324 691 1428 723 Tabb.
1459 694 1623 735 arduisque
1648 697 1743 736 magis
1764 697 1944 738 quaestioni-

1076 730 1134 762 bus
1157 740 1198 762 ex
1220 731 1416 772 diligentiori
1439 733 1630 767 Prudentum
1665 737 1944 781 interpretatione,

1077 771 1264 813 sequebatur
1290 773 1415 805 tandem
1441 774 1522 815 Juris
1556 776 1592 807 ad
1623 777 1711 809 usum
1741 780 1913 820 applicatio
1931 806 1942 822 ‚

1077 822 1170 854 quam
1183 813 1301 845 Praxin
1314 824 1485 854 vocamus,
1507 826 1578 848 nain
1590 817 1684 859 Legis
1701 819 1838 854 aulones
1857 832 1944 854 com-

1077 854 1185 896 positae
1209 854 1300 895 sunt,
1325 858 1427 896 quihus
1445 859 1524 889 iuter
1535 858 1569 899 se
1592 859 1720 890 homiues
1740 861 1813 902 disce
1834 870 1945 904 tarent,

1077 903 1115 927 ut
1135 896 1166 927 id
1186 897 1304 928 extulit
1336 897 1531 940 Pomponius
1560 899 1650 941 supra
1681 900 1709 943 §.
1734 905 1764 934 6.
1848 914 1893 937 aec
1914 916 1946 937 e-

1078 945 1126 970 rat
1147 937 1290 969 materies
1313 937 1402 970 Libri
1426 941 1597 981 tripertiti,
1623 942 1653 974 &
1677 943 1770 982 inde,
1788 944 1946 986 nifailor,

1078 978 1150 1011 satis
1175 978 1297 1011 constat
1311 1002 1324 1018 ,
1351 981 1542 1013 continuisse
1565 991 1667 1015 totam
1689 983 1946 1026 jurisprudentiae

1077 1018 1309 1052 institutionem
1329 1043 1341 1060 ‚
1373 1030 1408 1053 ut
1436 1032 1474 1053 eo
1501 1032 1643 1064 tempore
1661 1023 1920 1066 frequentabatur
1934 1053 1946 1070 ,

1079 1063 1108 1094 ὅ(
1129 1061 1216 1092 simul
1241 1062 1387 1102 constat,
1422 1073 1477 1105 per
1500 1066 1646 1097 cunabula
1669 1066 1780 1108 Juris,
1800 1078 1870 1110 quae
1893 1069 1948 1103 hie

1077 1104 1173 1136 Liber
1204 1104 1490 1145 commetiebatur,
1519 1115 1584 1138 non
1606 1107 1688 1139 reete
1710 1107 1948 1150 simpliciter&

1077 1145 1229 1176 duntaxat
1258 1145 1393 1186 intelligi
1416 1171 1426 1186 ,
1457 1156 1492 1178 ut
1523 1148 1707 1190 intelligunt
1737 1149 1808 1182 Viri
1829 1151 1916 1185 dotti
1933 1177 1946 1194 ‚

1078 1186 1167 1227 Juris
1185 1188 1336 1226 principia
1361 1189 1390 1218 <St
1408 1189 1509 1228 prima
1520 1191 1707 1229 rudimenta,
1731 1191 1762 1223 id
1777 1193 1861 1226 enim
1880 1203 1948 1228 non

1077 1235 1231 1258 convenit
1254 1227 1515 1268 lrzteipretatioui,
1553 1230 1582 1261 ἀ
1605 1231 1708 1263 minus
1729 1233 1830 1265 adhuc
1852 1235 1948 1278 Legis

1078 1267 1186 1298 aaroni
1205 1289 1217 1306 ,
1249 1266 1300 1299 sed
1328 1269 1436 1309 potius
1464 1272 1610 1302 cunabala
1638 1271 1726 1312 Juris
1748 1274 1800 1306 hic
1823 1276 1888 1308 dici
1907 1278 1949 1309 de

1077 1308 1342 1350 jurisprudentia,
1365 1317 1434 1341 tota
1457 1311 1583 1351 quidem
1603 1321 1718 1354 quanta
1740 1323 1807 1348 erat
1826 1317 1885 1350 illo
1908 1329 1949 1350 ae-

1079 1359 1145 1388 vo,
1175 1348 1226 1381 sed
1256 1358 1358 1382 tamen
1389 1361 1461 1383 aevo
1492 1352 1672 1394 nascentis,
1707 1355 1754 1396 &,
1776 1364 1813 1389 ut
1835 1358 1881 1390 ita
1902 1360 1948 1391 di-

1080 1400 1168 1431 cam,
1192 1391 1293 1423 adhuc
1315 1392 1347 1424 i‘n
1372 1393 1462 1425 cunis
1492 1395 1648 1435 vagientis
1675 1396 1950 1439 jurisprudentiae:

1079 1430 1188 1474 postea
1211 1433 1293 1464 enim
1322 1433 1389 1466 haec
1416 1435 1513 1475 majus
1541 1436 1639 1469 robur
1661 1440 1784 1480 accepit
1797 1463 1810 1480 ,
1843 1441 1873 1473 ὀί
1918 1451 1952 1475 er

1082 1482 1185 1515 partes
1208 1474 1253 1506 ita
1274 1475 1378 1507 erevit
1398 1500 1409 1516 ,
1443 1483 1479 1508 ut
1503 1477 1574 1519 post
1596 1479 1774 1521 expositum
1798 1482 1859 1523 Jus
1909 1484 1951 1515 la-

1081 1517 1204 1547 vianum
1221 1516 1251 1547 ἀ
1266 1516 1424 1549 AElianum
1445 1527 1543 1559 porro
1563 1529 1686 1552 enarrat
1701 1519 1896 1570 Pomponius
1916 1525 1950 1557 in
1980 1544 1983 1548 >

1081 1557 1111 1630 ἓ.
1137 1562 1165 1592 8.
1192 1556 1228 1592 ὃ
1245 1558 1326 1600 seqq.
1360 1559 1388 1591 D.
1421 1559 1462 1591 L.
1497 1561 1649 1594 Cunabula
1669 1562 1758 1604 Jurts
1780 1565 1878 1606 igitur
1901 1575 1948 1597 re-

1095 1598 1188 1640 pectu
1207 1599 1321 1632 adultae
1347 1601 1377 1633 ὅ(
1396 1600 1542 1634 masculae
1562 1603 1649 1636 illius
1671 1603 1952 1647 jurisprudentiae,

1080 1649 1149 1682 quae
1175 1640 1254 1672 hanc
1275 1641 1438 1675 infantiam
1458 1645 1598 1686 excepit.

1125 1681 1327 1723 Hosjeetatus
1344 1684 1382 1715 ad
1399 1684 1511 1726 aliquid
1528 1684 1569 1726 est
1604 1688 1684 1720 Cato.
1727 1687 1845 1720 Deinde
1862 1689 1951 1722 Ilffar-

1083 1733 1132 1755 cus
1150 1724 1238 1763 Caro,
1256 1726 1395 1766 princeps
1413 1725 1524 1758 Porciae
1543 1727 1677 1761 Familiae
1690 1751 1702 1769 ,
1723 1730 1807 1772 cujus
1827 1729 1864 1765 ὅ)
1880 1731 1952 1763 libri

1083 1762 1219 1805 exstant,
1234 1767 1290 1808 sed
1300 1766 1424 1807 plurimi
1442 1767 1506 1807 filii
1530 1769 1612 1810 ejus,
1635 1781 1672 1802 ex
1687 1772 1789 1813 quibus
1807 1773 1904 1804 coeren·
1922 1781 1950 1803 o-

1083 1808 1209 1838 riuntur.
1256 1807 1291 1839 In
1307 1808 1377 1840 MS.
1403 1807 1585 1851 Campensi,
1608 1812 1657 1843 hos
1664 1814 1804 1853 secutus,
1824 1812 1877 1845 sed
1886 1812 1950 1845 hoc

1084 1848 1155 1879 leve
1173 1847 1226 1880 est.
1274 1848 1465 1890 Augustinus
1496 1851 1570 1883 Not.
1598 1853 1636 1885 ad
1660 1854 1792 1886 Librum
1810 1852 1898 1886 suum
1917 1856 1951 1886 de

1084 1889 1263 1921 Nominibus
1283 1892 1412 1931 propriis
1436 1892 1578 1925 Panaeti.
1605 1900 1639 1935 p.
1664 1904 1710 1935 17.
1734 1903 1897 1940 perperam
1919 1896 1952 1928 dt

1083 1929 1145 1962 fine
1161 1929 1249 1962 sensu
1272 1933 1385 1971 verba,
1409 1942 1477 1974 quae
1495 1933 1754 1978 praescripfimus,
1787 1944 1951 1978 interpun-

1083 1972 1148 2012 git‚
1175 1973 1247 2011 vel,
1283 1974 1367 2013 quod
1391 1975 1478 2015 pejus
1505 1974 1567 2015 est,
1593 1986 1652 2018 pro
1667 1978 1770 2008 deinde
1788 1975 1951 2018 rescribit,

1083 2014 1129 2043 hic
1147 2011 1187 2053 est
1210 2014 1281 2052 ille,
1301 2016 1392 2046 bruta
1410 2016 1488 2048 crisi.
1532 2018 1681 2049 Muretus
1707 2018 1785 2060 legit
1800 2019 1953 2052 continua

1083 2056 1246 2086 oratione:
1269 2055 1333 2086 Hos
1340 2056 1469 2096 sectatus
1487 2056 1528 2098 esi}
1552 2060 1590 2090 ad
1608 2059 1721 2100 aliquid
1738 2060 1840 2091 deinde
1861 2060 1952 2093 Mar-

1083 2104 1132 2125 cus
1165 2095 1234 2126 Catu
1248 2118 1260 2134 ,
1287 2099 1424 2137 princeps
1458 2099 1568 2130 Porcz’ae
1593 2099 1726 2132 Familz'ae
1744 2123 1755 2139 ,
1792 2101 1952 2142 expuneo

1083 2144 1187 2176 priore
1206 2138 1334 2177 Catone,
1360 2138 1389 2169 δέ
1408 2139 1461 2170 alii
1483 2140 1514 2171 id
1536 2141 1641 2182 passim
1666 2140 1849 2183 sequuntur.
1891 2143 1952 2176 Sed

1084 2186 1141 2208 nos.
1159 2177 1220 2208 boc
1239 2177 1362 2210 Catone
1377 2183 1520 2212 contenti
1540 2182 1662 2222 sumus,
1696 2193 1760 2215 non
1777 2184 1861 2215 enirn
1878 2182 1952 2217 satis

1085 2218 1195 2249 idonea
1213 2220 1302 2251 causa
1321 2220 1365 2252 est
1390 2223 1545 2254 iiiutanziae
1572 2223 1716 2256 iectionis
1733 2248 1742 2264 ,
1778 2232 1814 2256 ut
1838 2225 1868 2257 ἃ
1889 2224 1952 2257 Ru-

1084 2267 1193 2300 pertus
1221 2262 1344 2292 monuit
1364 2285 1373 2300 ,
1405 2263 1456 2303 qui
1482 2272 1584 2296 tamen
1611 2264 1675 2306 ipse
1701 2266 1818 2298 veliem
1836 2275 1876 2299 ne
1893 2267 1954 2299 alia

1084 2301 1207 2332 ratione
1224 2302 1390 2334 dubitasset
1406 2304 1444 2335 de
1463 2305 1644 2348 integritate
1661 2306 1752 2347 liujus
1770 2307 1844 2339 loci.
1889 2306 1953 2339 Pro

1081 2342 1206 2382 plurim⁴
1217 2344 1279 2382 filii
1300 2345 1361 2386 ejus
1380 2345 1514 2378 Budaeus
1541 2346 1679 2379 restituit
1699 2348 1823 2388 plurimi
1840 2348 1910 2379 libri
1925 2358 1953 2379 e-

1082 2384 1152 2426 jus,
1175 2385 1264 2415 nullo
1280 2383 1348 2416 fere
1364 2385 1468 2418 sensu:
1505 2388 1567 2420 hoc
1590 2389 1689 2427 dicit,
1716 2387 1866 2429 superesse
1885 2390 1952 2430 qui-

1086 2425 1156 2456 dein
1180 2426 1277 2466 patris
1305 2427 1402 2459 libros
1416 2450 1427 2466 ,
1457 2436 1489 2460 at
1516 2439 1634 2470 paucos
1657 2452 1666 2467 ‚
1700 2429 1853 2470 plurimos
1873 2439 1952 2462 vero

1086 2466 1219 2498 Catonis
1236 2467 1305 2499 filii.
1351 2467 1475 2500 Deinde
1489 2470 1519 2502 ὅ(
1535 2470 1685 2502 Muretus
1701 2469 1805 2502 finalia
1826 2470 1897 2511 illa,
1915 2481 1953 2503 ex

1085 2509 1186 2550 quibus
1211 2512 1306 2540 meteri
1334 2511 1466 2541 oriuntur
1481 2533 1492 2548 ,
1519 2520 1555 2542 ac
1576 2510 1597 2542 si
1625 2520 1665 2541 ex
1693 2510 1792 2552 glossa
1817 2512 1951 2553 aliqu'us

1085 2549 1205 2581 Scriba:
1232 2549 1283 2581 vel
1316 2549 1498 2591 lutei-precis
1523 2549 1723 2591 irrepserint,
1747 2551 1898 2595 exstirpat
1922 2554 1952 2587 δε

1086 2590 1148 2621 hoc
1163 2591 1258 2622 etiam
1274 2591 1325 2622 alii
1343 2594 1526 2631 probarunt.
1574 2592 1641 2623 Euo
1661 2602 1723 2624 non
1743 2595 1846 2634 probo
1858 2605 1952 2633 ,nam

1086 2631 1150 2671 ait,
1176 2641 1216 2662 ex
1235 2631 1431 2670 Catonibus,
1452 2642 1531 2673 quos
1548 2633 1610 2673 jam
1636 2633 1833 2675 laudaverat,
1859 2643 1951 2668 caete-

1087 2682 1139 2704 ros
1162 2671 1299 2704 Catones
1328 2673 1501 2713 processisse
1515 2697 1524 2713 ‚
1555 2681 1589 2705 ut
1606 2675 1700 2707 etiam
1723 2674 1871 2716 Cujacius
1887 2677 1950 2710 ani-

1087 2713 1275 2750 madvertit3
1298 2722 1400 2753 neque
1416 2722 1569 2753 erat,cur
1583 2715 1675 2754 iustu
1685 2716 1951 2757 supervacaneum,

1085 2761 1211 2785 notaret
1236 2753 1426 2794 Augustinus
1453 2755 1484 2786 in
1511 2765 1550 2787 eo
1569 2780 1578 2795 ,
1609 2757 1662 2798 qui
1694 2758 1775 2789 vitas
1799 2758 1953 2799 JCtorum

1087 2794 1204 2827 scribit.
1251 2794 1354 2826 Verba
1370 2796 1495 2837 quidem
1512 2798 1656 2829 nonnihil
1674 2798 1775 2830 adhuc
1803 2808 1951 2832 contorta

1085 2835 1155 2868 sunt
1165 2858 1176 2874 ‚
1200 2834 1250 2867 sed
1267 2845 1396 2881 oportet
1412 2837 1443 2869 in
1464 2837 1655 2871 Auttoribus
1674 2839 1769 2871 etiam
1787 2839 1855 2872 haee
1871 2841 1949 2874 fera-

1085 2886 1153 2908 mus
1169 2885 1261 2918 aequo
1279 2886 1395 2909 animo.

1372 2959 1425 2992 Asi
1447 2960 1474 3002 §.
1499 2961 1664 2996 xxxix.

1129 3041 1238 3073 Brutus
1247 3041 1381 3083 septem,
1405 3043 1556 3076 stlanillus
1571 3051 1628 3078 tres
1635 3057 1647 3084 ,-
1677 3045 1713 3081 δέ’
1728 3044 1845 3088 exstant
1867 3046 1946 3079 volu-

1083 3084 1165 3114 mina
1170 3083 1305 3123 scripta,
1328 3084 1458 3120 Manilii
1474 3094 1668 3119 monumenta.
1693 3087 1826 3129 Propter
1841 3088 1947 3120 locum

1084 3123 1249 3156 Ciceronis
1281 3125 1322 3157 L.
1345 3125 1383 3157 ΙΙ.
1416 3128 1449 3158 de
1481 3128 1571 3160 Orat.
1596 3129 1626 3160 C.
1649 3137 1703 3169 55.
1729 3129 1758 3160 ὅ(
1781 3129 1823 3160 ibi
1847 3127 1947 3161 lauda-

1083 3173 1147 3197 tam
1166 3166 1323 3198 Scaevolae
1341 3166 1562 3201 antici-itatem
1576 3168 1644 3201 fere
1661 3169 1818 3207 adducor,
1836 3176 1870 3200 ut
1880 3177 1946 3200 cre·

1081 3207 1172 3246 dani,
1194 3207 1285 3242 Bruti
1304 3217 1395 3241 veros
1415 3208 1531 3245 Libros
1546 3219 1609 3243 non
1633 3210 1690 3244 nili
1707 3218 1769 3243 tres
1783 3208 1892 3281 fumed’
1916 3218 1944 3240 a·

1889 3258 1941 3281 eo-
