<?xml version="1.0" encoding="UTF-8"?>
<!DOCTYPE html PUBLIC "-//W3C//DTD XHTML 1.0 Transitional//EN"
    "http://www.w3.org/TR/xhtml1/DTD/xhtml1-transitional.dtd">
<html xmlns="http://www.w3.org/1999/xhtml" xml:lang="en" lang="en">
 <head>
  <title>
</title>
<meta http-equiv="Content-Type" content="text/html;charset=utf-8" />
  <meta name='ocr-system' content='tesseract 3.04.00' />
  <meta name='ocr-capabilities' content='ocr_page ocr_carea ocr_par ocr_line ocrx_word'/>
</head>
<body>
  <div class='ocr_page' id='page_1' title='image "./corneliivanbynke00bijn_0917.png"; bbox 0 0 2008 3436; ppageno 0'>
   <div class='ocr_carea' id='block_1_1' title="bbox 252 95 537 148">
    <p class='ocr_par' dir='ltr' id='par_1_1' title="bbox 252 95 537 148">
     <span class='ocr_line' id='line_1_1' title="bbox 252 95 537 148; baseline -0.014 -14"><span class='ocrx_word' id='word_1_1' title='bbox 252 95 537 148; x_wconf 59' lang='lat' dir='ltr'>QUAEsm</span> 
     </span>
    </p>
   </div>
   <div class='ocr_carea' id='block_1_2' title="bbox 28 179 923 2881">
    <p class='ocr_par' dir='ltr' id='par_1_2' title="bbox 43 179 923 885">
     <span class='ocr_line' id='line_1_2' title="bbox 49 179 922 228; baseline -0.008 -8"><span class='ocrx_word' id='word_1_2' title='bbox 49 187 98 228; x_wconf 79' lang='lat' dir='ltr'>jus</span> <span class='ocrx_word' id='word_1_3' title='bbox 120 186 290 224; x_wconf 86' lang='lat' dir='ltr'>dixerunt,</span> <span class='ocrx_word' id='word_1_4' title='bbox 314 185 366 217; x_wconf 91' lang='lat' dir='ltr'>sed</span> <span class='ocrx_word' id='word_1_5' title='bbox 384 184 480 217; x_wconf 85' lang='lat' dir='ltr'>Curia</span> <span class='ocrx_word' id='word_1_6' title='bbox 507 181 689 216; x_wconf 81' lang='lat' dir='ltr'>Hollandiae</span> <span class='ocrx_word' id='word_1_7' title='bbox 707 204 718 220; x_wconf 93' lang='lat'>,</span> <span class='ocrx_word' id='word_1_8' title='bbox 735 179 870 212; x_wconf 52' lang='lat' dir='ltr'>*rescissa</span> <span class='ocrx_word' id='word_1_9' title='bbox 890 190 922 213; x_wconf 89' lang='lat' dir='ltr'>u-</span> 
     </span>
     <span class='ocr_line' id='line_1_3' title="bbox 49 222 920 270; baseline -0.007 -10"><span class='ocrx_word' id='word_1_10' title='bbox 49 238 161 270; x_wconf 84' lang='lat' dir='ltr'>traque</span> <span class='ocrx_word' id='word_1_11' title='bbox 194 226 350 260; x_wconf 87' lang='lat' dir='ltr'>sententia</span> <span class='ocrx_word' id='word_1_12' title='bbox 371 250 381 267; x_wconf 92' lang='lat'>,</span> <span class='ocrx_word' id='word_1_13' title='bbox 411 225 580 258; x_wconf 87' lang='lat' dir='ltr'>secundum</span> <span class='ocrx_word' id='word_1_14' title='bbox 613 222 838 255; x_wconf 81' lang='lat' dir='ltr'>affeeuratorcs</span> <span class='ocrx_word' id='word_1_15' title='bbox 869 232 920 255; x_wconf 80' lang='lat'>21.</span> 
     </span>
     <span class='ocr_line' id='line_1_4' title="bbox 46 264 923 314; baseline -0.005 -12"><span class='ocrx_word' id='word_1_16' title='bbox 46 270 128 303; x_wconf 90' lang='lat' dir='ltr'>Dec.</span> <span class='ocrx_word' id='word_1_17' title='bbox 162 279 253 310; x_wconf 79' lang='lat'><strong>1729.</strong></span> <span class='ocrx_word' id='word_1_18' title='bbox 278 268 388 314; x_wconf 88' lang='lat' dir='ltr'>Quum</span> <span class='ocrx_word' id='word_1_19' title='bbox 409 268 600 310; x_wconf 71' lang='lat' dir='ltr'>appeliatum</span> <span class='ocrx_word' id='word_1_20' title='bbox 620 264 694 297; x_wconf 85' lang='lat' dir='ltr'>esset</span> <span class='ocrx_word' id='word_1_21' title='bbox 716 264 753 296; x_wconf 86' lang='lat' dir='ltr'>ad</span> <span class='ocrx_word' id='word_1_22' title='bbox 771 264 923 298; x_wconf 82' lang='lat' dir='ltr'>Senatum</span> 
     </span>
     <span class='ocr_line' id='line_1_5' title="bbox 46 305 916 353; baseline -0.008 -8"><span class='ocrx_word' id='word_1_23' title='bbox 46 312 235 353; x_wconf 87' lang='lat' dir='ltr'>Supremum</span> <span class='ocrx_word' id='word_1_24' title='bbox 256 334 265 350; x_wconf 91' lang='lat'>,</span> <span class='ocrx_word' id='word_1_25' title='bbox 297 320 381 343; x_wconf 89' lang='lat' dir='ltr'>nova</span> <span class='ocrx_word' id='word_1_26' title='bbox 405 310 448 342; x_wconf 86' lang='lat' dir='ltr'>ibi</span> <span class='ocrx_word' id='word_1_27' title='bbox 483 307 593 349; x_wconf 85' lang='lat' dir='ltr'>judicii</span> <span class='ocrx_word' id='word_1_28' title='bbox 621 306 721 353; x_wconf 78' lang='lat' dir='ltr'>facies</span> <span class='ocrx_word' id='word_1_29' title='bbox 747 305 887 347; x_wconf 79' lang='lat' dir='ltr'><strong>exsurgit</strong></span> <span class='ocrx_word' id='word_1_30' title='bbox 905 330 916 347; x_wconf 91' lang='lat'>,</span> 
     </span>
     <span class='ocr_line' id='line_1_6' title="bbox 46 347 917 395; baseline -0.007 -10"><span class='ocrx_word' id='word_1_31' title='bbox 46 363 118 387; x_wconf 88' lang='lat' dir='ltr'>nam</span> <span class='ocrx_word' id='word_1_32' title='bbox 153 361 229 384; x_wconf 86' lang='lat' dir='ltr'>ecee</span> <span class='ocrx_word' id='word_1_33' title='bbox 266 351 457 384; x_wconf 82' lang='lat' dir='ltr'>assecuratus</span> <span class='ocrx_word' id='word_1_34' title='bbox 481 350 526 382; x_wconf 84' lang='lat' dir='ltr'>ibi</span> <span class='ocrx_word' id='word_1_35' title='bbox 561 350 591 381; x_wconf 93' lang='lat' dir='ltr'>in</span> <span class='ocrx_word' id='word_1_36' title='bbox 624 349 700 381; x_wconf 72' lang='lat' dir='ltr'>attis</span> <span class='ocrx_word' id='word_1_37' title='bbox 728 347 917 395; x_wconf 78' lang='lat' dir='ltr'>profitetur,</span> 
     </span>
     <span class='ocr_line' id='line_1_7' title="bbox 45 391 918 436; baseline -0.006 -9"><span class='ocrx_word' id='word_1_38' title='bbox 45 403 186 436; x_wconf 88' lang='lat' dir='ltr'>tempore</span> <span class='ocrx_word' id='word_1_39' title='bbox 216 392 309 426; x_wconf 68' lang='lat' dir='ltr'>faetae</span> <span class='ocrx_word' id='word_1_40' title='bbox 334 391 566 426; x_wconf 69' lang='lat' dir='ltr'>assecurationis</span> <span class='ocrx_word' id='word_1_41' title='bbox 597 399 697 431; x_wconf 71' lang='lat' dir='ltr'>neque</span> <span class='ocrx_word' id='word_1_42' title='bbox 724 393 759 431; x_wconf 20' lang='lat' dir='ltr'>‘se</span> <span class='ocrx_word' id='word_1_43' title='bbox 776 415 785 430; x_wconf 90' lang='lat'>‚</span> <span class='ocrx_word' id='word_1_44' title='bbox 818 400 856 423; x_wconf 88' lang='lat' dir='ltr'>nc</span> <span class='ocrx_word' id='word_1_45' title='bbox 880 400 918 422; x_wconf 86' lang='lat' dir='ltr'>ue</span> 
     </span>
     <span class='ocr_line' id='line_1_8' title="bbox 45 431 916 478; baseline -0.006 -10"><span class='ocrx_word' id='word_1_46' title='bbox 45 435 130 478; x_wconf 82' lang='lat' dir='ltr'>ipsos</span> <span class='ocrx_word' id='word_1_47' title='bbox 149 435 374 468; x_wconf 77' lang='lat' dir='ltr'>assecuratores</span> <span class='ocrx_word' id='word_1_48' title='bbox 394 434 559 476; x_wconf 80' lang='lat' dir='ltr'>quicquam</span> <span class='ocrx_word' id='word_1_49' title='bbox 576 431 747 464; x_wconf 76' lang='lat' dir='ltr'>distinxiss&#39;e</span> <span class='ocrx_word' id='word_1_50' title='bbox 766 432 862 476; x_wconf 73' lang='lat' dir='ltr'>inter¹</span> <span class='ocrx_word' id='word_1_51' title='bbox 885 441 916 464; x_wconf 87' lang='lat' dir='ltr'>u-</span> 
     </span>
     <span class='ocr_line' id='line_1_9' title="bbox 48 473 916 515; baseline -0.005 -6"><span class='ocrx_word' id='word_1_52' title='bbox 48 478 136 509; x_wconf 90' lang='lat' dir='ltr'>vium</span> <span class='ocrx_word' id='word_1_53' title='bbox 154 478 185 510; x_wconf 82' lang='lat'>&amp;</span> <span class='ocrx_word' id='word_1_54' title='bbox 200 478 308 510; x_wconf 88' lang='lat' dir='ltr'>urbem</span> <span class='ocrx_word' id='word_1_55' title='bbox 325 475 499 512; x_wconf 87' lang='lat' dir='ltr'>Nannetis‚</span> <span class='ocrx_word' id='word_1_56' title='bbox 519 475 548 506; x_wconf 66' lang='lat' dir='ltr'>ec</span> <span class='ocrx_word' id='word_1_57' title='bbox 566 473 596 505; x_wconf 84' lang='lat' dir='ltr'>se</span> <span class='ocrx_word' id='word_1_58' title='bbox 611 483 750 515; x_wconf 76' lang='lat' dir='ltr'>paratum</span> <span class='ocrx_word' id='word_1_59' title='bbox 765 473 827 505; x_wconf 85' lang='lat' dir='ltr'>esse</span> <span class='ocrx_word' id='word_1_60' title='bbox 845 483 916 506; x_wconf 87' lang='lat' dir='ltr'>cau-</span> 
     </span>
     <span class='ocr_line' id='line_1_10' title="bbox 45 514 915 559; baseline -0.005 -7"><span class='ocrx_word' id='word_1_61' title='bbox 45 518 78 552; x_wconf 87' lang='lat' dir='ltr'>sa</span> <span class='ocrx_word' id='word_1_62' title='bbox 95 518 226 559; x_wconf 87' lang='lat' dir='ltr'>cadere,</span> <span class='ocrx_word' id='word_1_63' title='bbox 250 519 272 552; x_wconf 89' lang='lat' dir='ltr'><strong>fi</strong></span> <span class='ocrx_word' id='word_1_64' title='bbox 287 528 349 551; x_wconf 88' lang='lat' dir='ltr'>non</span> <span class='ocrx_word' id='word_1_65' title='bbox 370 516 595 549; x_wconf 77' lang='lat' dir='ltr'>assecuratores</span> <span class='ocrx_word' id='word_1_66' title='bbox 619 517 649 548; x_wconf 90' lang='lat' dir='ltr'>in</span> <span class='ocrx_word' id='word_1_67' title='bbox 674 517 761 548; x_wconf 84' lang='lat' dir='ltr'>libris</span> <span class='ocrx_word' id='word_1_68' title='bbox 785 514 846 548; x_wconf 86' lang='lat' dir='ltr'>suis</span> <span class='ocrx_word' id='word_1_69' title='bbox 861 515 915 557; x_wconf 88' lang='lat' dir='ltr'>ipsi</span> 
     </span>
     <span class='ocr_line' id='line_1_11' title="bbox 45 557 916 600; baseline -0.006 -6"><span class='ocrx_word' id='word_1_70' title='bbox 45 560 203 594; x_wconf 63' lang='lat' dir='ltr'>notassent</span> <span class='ocrx_word' id='word_1_71' title='bbox 224 583 234 600; x_wconf 95' lang='lat'>,</span> <span class='ocrx_word' id='word_1_72' title='bbox 267 560 299 594; x_wconf 89' lang='lat' dir='ltr'>se</span> <span class='ocrx_word' id='word_1_73' title='bbox 315 583 325 600; x_wconf 94' lang='lat'>,</span> <span class='ocrx_word' id='word_1_74' title='bbox 348 559 462 600; x_wconf 82' lang='lat' dir='ltr'>absque</span> <span class='ocrx_word' id='word_1_75' title='bbox 485 558 549 590; x_wconf 84' lang='lat' dir='ltr'>ulla</span> <span class='ocrx_word' id='word_1_76' title='bbox 576 557 796 595; x_wconf 64' lang='lat' dir='ltr'>distintiione,</span> <span class='ocrx_word' id='word_1_77' title='bbox 818 566 916 599; x_wconf 81' lang='lat' dir='ltr'>usque</span> 
     </span>
     <span class='ocr_line' id='line_1_12' title="bbox 44 599 914 638; baseline -0.006 -3"><span class='ocrx_word' id='word_1_78' title='bbox 44 603 83 635; x_wconf 82' lang='lat' dir='ltr'>ad</span> <span class='ocrx_word' id='word_1_79' title='bbox 110 602 289 634; x_wconf 85' lang='lat' dir='ltr'>Nannetem</span> <span class='ocrx_word' id='word_1_80' title='bbox 311 599 511 638; x_wconf 68' lang='lat' dir='ltr'>affectu-affe,</span> <span class='ocrx_word' id='word_1_81' title='bbox 534 600 607 638; x_wconf 80' lang='lat' dir='ltr'>vel,</span> <span class='ocrx_word' id='word_1_82' title='bbox 627 599 648 631; x_wconf 83' lang='lat' dir='ltr'>si</span> <span class='ocrx_word' id='word_1_83' title='bbox 674 600 753 631; x_wconf 80' lang='lat' dir='ltr'>nihil</span> <span class='ocrx_word' id='word_1_84' title='bbox 781 607 914 630; x_wconf 84' lang='lat' dir='ltr'>notave-</span> 
     </span>
     <span class='ocr_line' id='line_1_13' title="bbox 43 640 916 684; baseline -0.007 -7"><span class='ocrx_word' id='word_1_85' title='bbox 43 645 127 683; x_wconf 90' lang='lat' dir='ltr'>rint,</span> <span class='ocrx_word' id='word_1_86' title='bbox 149 644 171 677; x_wconf 87' lang='lat' dir='ltr'>fi</span> <span class='ocrx_word' id='word_1_87' title='bbox 194 644 296 684; x_wconf 69' lang='lat' dir='ltr'>iurare</span> <span class='ocrx_word' id='word_1_88' title='bbox 319 643 459 680; x_wconf 87' lang='lat' dir='ltr'>vellent,</span> <span class='ocrx_word' id='word_1_89' title='bbox 481 640 531 679; x_wconf 85' lang='lat' dir='ltr'>se,</span> <span class='ocrx_word' id='word_1_90' title='bbox 553 640 627 673; x_wconf 88' lang='lat' dir='ltr'>dum</span> <span class='ocrx_word' id='word_1_91' title='bbox 650 640 916 679; x_wconf 80' lang='lat' dir='ltr'>contraheretur,</span> 
     </span>
     <span class='ocr_line' id='line_1_14' title="bbox 44 681 913 728; baseline -0.006 -10"><span class='ocrx_word' id='word_1_92' title='bbox 44 696 80 718; x_wconf 87' lang='lat' dir='ltr'>ea</span> <span class='ocrx_word' id='word_1_93' title='bbox 102 693 209 718; x_wconf 86' lang='lat' dir='ltr'>mente</span> <span class='ocrx_word' id='word_1_94' title='bbox 231 683 324 717; x_wconf 75' lang='lat' dir='ltr'>fuiss&#39;e</span> <span class='ocrx_word' id='word_1_95' title='bbox 341 707 350 724; x_wconf 94' lang='lat'>,</span> <span class='ocrx_word' id='word_1_96' title='bbox 373 692 408 716; x_wconf 88' lang='lat' dir='ltr'>ut</span> <span class='ocrx_word' id='word_1_97' title='bbox 435 684 472 715; x_wconf 86' lang='lat' dir='ltr'>ad</span> <span class='ocrx_word' id='word_1_98' title='bbox 498 682 630 715; x_wconf 86' lang='lat' dir='ltr'>fluvium</span> <span class='ocrx_word' id='word_1_99' title='bbox 653 681 913 728; x_wconf 33' lang='lat' dir='ltr'>duntaxat‚=n0n</span> 
     </span>
     <span class='ocr_line' id='line_1_15' title="bbox 46 723 913 766; baseline -0.007 -6"><span class='ocrx_word' id='word_1_100' title='bbox 46 727 153 760; x_wconf 86' lang='lat' dir='ltr'>urbem</span> <span class='ocrx_word' id='word_1_101' title='bbox 170 726 354 759; x_wconf 76' lang='lat' dir='ltr'>assecuratio</span> <span class='ocrx_word' id='word_1_102' title='bbox 368 725 592 766; x_wconf 78' lang='lat' dir='ltr'>porrigeretur.</span> <span class='ocrx_word' id='word_1_103' title='bbox 638 725 686 757; x_wconf 88' lang='lat' dir='ltr'>Ad</span> <span class='ocrx_word' id='word_1_104' title='bbox 711 725 779 756; x_wconf 83' lang='lat' dir='ltr'>haec</span> <span class='ocrx_word' id='word_1_105' title='bbox 798 723 913 755; x_wconf 80' lang='lat' dir='ltr'>assecu-</span> 
     </span>
     <span class='ocr_line' id='line_1_16' title="bbox 43 764 915 808; baseline -0.007 -7"><span class='ocrx_word' id='word_1_106' title='bbox 43 777 163 801; x_wconf 84' lang='lat' dir='ltr'>ratores</span> <span class='ocrx_word' id='word_1_107' title='bbox 188 767 269 801; x_wconf 86' lang='lat' dir='ltr'>nihil</span> <span class='ocrx_word' id='word_1_108' title='bbox 294 767 544 808; x_wconf 72' lang='lat' dir='ltr'>respondebant,</span> <span class='ocrx_word' id='word_1_109' title='bbox 569 775 661 807; x_wconf 86' lang='lat' dir='ltr'>quam</span> <span class='ocrx_word' id='word_1_110' title='bbox 694 765 724 799; x_wconf 88' lang='lat' dir='ltr'>sc</span> <span class='ocrx_word' id='word_1_111' title='bbox 755 773 857 805; x_wconf 86' lang='lat' dir='ltr'>neque</span> <span class='ocrx_word' id='word_1_112' title='bbox 876 764 915 796; x_wconf 86' lang='lat' dir='ltr'>ad</span> 
     </span>
     <span class='ocr_line' id='line_1_17' title="bbox 45 806 914 849; baseline -0.006 -7"><span class='ocrx_word' id='word_1_113' title='bbox 45 810 277 843; x_wconf 79' lang='lat' dir='ltr'>exhibitionem</span> <span class='ocrx_word' id='word_1_114' title='bbox 303 809 456 841; x_wconf 86' lang='lat' dir='ltr'>librorum</span> <span class='ocrx_word' id='word_1_115' title='bbox 474 832 483 848; x_wconf 95' lang='lat'>,</span> <span class='ocrx_word' id='word_1_116' title='bbox 515 817 617 849; x_wconf 87' lang='lat' dir='ltr'>neque</span> <span class='ocrx_word' id='word_1_117' title='bbox 641 807 679 839; x_wconf 89' lang='lat' dir='ltr'>ad</span> <span class='ocrx_word' id='word_1_118' title='bbox 700 806 914 847; x_wconf 81' lang='lat' dir='ltr'>jusjurandum</span> 
     </span>
     <span class='ocr_line' id='line_1_18' title="bbox 44 848 569 885; baseline -0.008 -1"><span class='ocrx_word' id='word_1_119' title='bbox 44 852 153 885; x_wconf 88' lang='lat' dir='ltr'>teneri.</span> <span class='ocrx_word' id='word_1_120' title='bbox 200 850 385 883; x_wconf 85' lang='lat' dir='ltr'>Contestata</span> <span class='ocrx_word' id='word_1_121' title='bbox 402 850 443 882; x_wconf 87' lang='lat' dir='ltr'>sic</span> <span class='ocrx_word' id='word_1_122' title='bbox 461 851 498 882; x_wconf 84' lang='lat' dir='ltr'>lis</span> <span class='ocrx_word' id='word_1_123' title='bbox 514 848 569 881; x_wconf 84' lang='lat' dir='ltr'>est.</span> 
     </span>
    </p>

    <p class='ocr_par' dir='ltr' id='par_1_3' title="bbox 37 890 916 1972">
     <span class='ocr_line' id='line_1_19' title="bbox 89 890 913 934; baseline -0.005 -9"><span class='ocrx_word' id='word_1_124' title='bbox 89 893 166 925; x_wconf 91' lang='lat' dir='ltr'>Scio</span> <span class='ocrx_word' id='word_1_125' title='bbox 181 916 190 932; x_wconf 93' lang='lat'>,</span> <span class='ocrx_word' id='word_1_126' title='bbox 215 902 255 924; x_wconf 86' lang='lat' dir='ltr'>ex</span> <span class='ocrx_word' id='word_1_127' title='bbox 279 894 306 924; x_wconf 81' lang='lat' dir='ltr'>ci.</span> <span class='ocrx_word' id='word_1_128' title='bbox 329 891 357 934; x_wconf 85' lang='lat'>§.</span> <span class='ocrx_word' id='word_1_129' title='bbox 379 902 409 933; x_wconf 84' lang='lat'>7.</span> <span class='ocrx_word' id='word_1_130' title='bbox 434 891 483 923; x_wconf 83' lang='lat' dir='ltr'>M.</span> <span class='ocrx_word' id='word_1_131' title='bbox 504 892 533 924; x_wconf 71' lang='grc' dir='ltr'>δε</span> <span class='ocrx_word' id='word_1_132' title='bbox 551 900 592 923; x_wconf 83' lang='lat' dir='ltr'>ex</span> <span class='ocrx_word' id='word_1_133' title='bbox 609 891 676 924; x_wconf 86' lang='lat' dir='ltr'>aliis</span> <span class='ocrx_word' id='word_1_134' title='bbox 695 890 853 932; x_wconf 84' lang='lat' dir='ltr'>plerisque</span> <span class='ocrx_word' id='word_1_135' title='bbox 870 890 913 922; x_wconf 90' lang='lat' dir='ltr'>le-</span> 
     </span>
     <span class='ocr_line' id='line_1_20' title="bbox 45 931 916 976; baseline -0.006 -9"><span class='ocrx_word' id='word_1_136' title='bbox 45 935 157 976; x_wconf 85' lang='lat' dir='ltr'>gibus,</span> <span class='ocrx_word' id='word_1_137' title='bbox 188 934 227 966; x_wconf 90' lang='lat' dir='ltr'>de</span> <span class='ocrx_word' id='word_1_138' title='bbox 253 934 480 966; x_wconf 84' lang='lat' dir='ltr'>assecuratione</span> <span class='ocrx_word' id='word_1_139' title='bbox 506 933 592 973; x_wconf 84' lang='lat' dir='ltr'>latis,</span> <span class='ocrx_word' id='word_1_140' title='bbox 621 933 664 964; x_wconf 89' lang='lat' dir='ltr'>ita</span> <span class='ocrx_word' id='word_1_141' title='bbox 680 932 757 972; x_wconf 81' lang='lat' dir='ltr'>J&#39;uris</span> <span class='ocrx_word' id='word_1_142' title='bbox 774 931 855 969; x_wconf 84' lang='lat' dir='ltr'>esse,</span> <span class='ocrx_word' id='word_1_143' title='bbox 879 940 916 962; x_wconf 87' lang='lat' dir='ltr'>ut</span> 
     </span>
     <span class='ocr_line' id='line_1_21' title="bbox 43 971 914 1009; baseline -0.006 -1"><span class='ocrx_word' id='word_1_144' title='bbox 43 976 202 1009; x_wconf 83' lang='lat' dir='ltr'>mercibus</span> <span class='ocrx_word' id='word_1_145' title='bbox 220 975 398 1008; x_wconf 78' lang='lat' dir='ltr'>ass&#39;ecutatis</span> <span class='ocrx_word' id='word_1_146' title='bbox 422 974 590 1007; x_wconf 80' lang='lat' dir='ltr'>ass&#39;ecurata</span> <span class='ocrx_word' id='word_1_147' title='bbox 613 973 675 1005; x_wconf 82' lang='lat' dir='ltr'>effe</span> <span class='ocrx_word' id='word_1_148' title='bbox 692 983 755 1005; x_wconf 85' lang='lat' dir='ltr'>non</span> <span class='ocrx_word' id='word_1_149' title='bbox 771 971 914 1004; x_wconf 81' lang='lat' dir='ltr'>censean-</span> 
     </span>
     <span class='ocr_line' id='line_1_22' title="bbox 42 1015 915 1057; baseline -0.006 -8"><span class='ocrx_word' id='word_1_150' title='bbox 42 1024 96 1049; x_wconf 87' lang='lat' dir='ltr'>tur</span> <span class='ocrx_word' id='word_1_151' title='bbox 114 1016 334 1057; x_wconf 82' lang='lat' dir='ltr'>frumentum,</span> <span class='ocrx_word' id='word_1_152' title='bbox 360 1017 490 1054; x_wconf 90' lang='lat' dir='ltr'>vinum,</span> <span class='ocrx_word' id='word_1_153' title='bbox 514 1016 620 1048; x_wconf 87' lang='lat' dir='ltr'>oleum</span> <span class='ocrx_word' id='word_1_154' title='bbox 640 1015 668 1046; x_wconf 84' lang='lat'>&amp;</span> <span class='ocrx_word' id='word_1_155' title='bbox 687 1023 821 1052; x_wconf 86' lang='lat' dir='ltr'>caetera,</span> <span class='ocrx_word' id='word_1_156' title='bbox 845 1023 915 1054; x_wconf 81' lang='lat' dir='ltr'>quae</span> 
     </span>
     <span class='ocr_line' id='line_1_23' title="bbox 42 1055 915 1098; baseline -0.005 -7"><span class='ocrx_word' id='word_1_157' title='bbox 42 1067 108 1091; x_wconf 89' lang='lat' dir='ltr'>tam</span> <span class='ocrx_word' id='word_1_158' title='bbox 127 1057 222 1090; x_wconf 88' lang='lat' dir='ltr'>facile</span> <span class='ocrx_word' id='word_1_159' title='bbox 243 1067 510 1098; x_wconf 80' lang='lat' dir='ltr'>corrumpuntur,</span> <span class='ocrx_word' id='word_1_160' title='bbox 535 1058 564 1088; x_wconf 63' lang='grc' dir='ltr'>ἃ</span> <span class='ocrx_word' id='word_1_161' title='bbox 582 1055 664 1094; x_wconf 83' lang='lat' dir='ltr'>scio,</span> <span class='ocrx_word' id='word_1_162' title='bbox 681 1056 710 1086; x_wconf 86' lang='lat' dir='ltr'>id</span> <span class='ocrx_word' id='word_1_163' title='bbox 730 1055 915 1087; x_wconf 88' lang='lat' dir='ltr'>servandum</span> 
     </span>
     <span class='ocr_line' id='line_1_24' title="bbox 43 1097 915 1141; baseline -0.006 -9"><span class='ocrx_word' id='word_1_164' title='bbox 43 1100 105 1133; x_wconf 87' lang='lat' dir='ltr'>esse</span> <span class='ocrx_word' id='word_1_165' title='bbox 123 1124 133 1139; x_wconf 94' lang='lat'><em>‚</em></span> <span class='ocrx_word' id='word_1_166' title='bbox 165 1100 308 1141; x_wconf 85' lang='lat' dir='ltr'>quamvis</span> <span class='ocrx_word' id='word_1_167' title='bbox 334 1109 462 1140; x_wconf 81' lang='lat' dir='ltr'>parvam</span> <span class='ocrx_word' id='word_1_168' title='bbox 481 1121 491 1136; x_wconf 91' lang='lat'>,</span> <span class='ocrx_word' id='word_1_169' title='bbox 524 1098 554 1128; x_wconf 68' lang='grc' dir='ltr'>ἀ</span> <span class='ocrx_word' id='word_1_170' title='bbox 573 1097 661 1130; x_wconf 86' lang='lat' dir='ltr'>forte</span> <span class='ocrx_word' id='word_1_171' title='bbox 684 1097 803 1128; x_wconf 84' lang='lat' dir='ltr'>nullam</span> <span class='ocrx_word' id='word_1_172' title='bbox 821 1097 915 1127; x_wconf 85' lang='lat' dir='ltr'>ratio-</span> 
     </span>
     <span class='ocr_line' id='line_1_25' title="bbox 42 1137 915 1181; baseline -0.007 -7"><span class='ocrx_word' id='word_1_173' title='bbox 42 1151 115 1175; x_wconf 88' lang='lat' dir='ltr'>nem</span> <span class='ocrx_word' id='word_1_174' title='bbox 135 1141 268 1179; x_wconf 82' lang='lat' dir='ltr'>habeat3</span> <span class='ocrx_word' id='word_1_175' title='bbox 299 1141 374 1181; x_wconf 89' lang='lat' dir='ltr'>quid</span> <span class='ocrx_word' id='word_1_176' title='bbox 401 1140 484 1172; x_wconf 89' lang='lat' dir='ltr'>enim</span> <span class='ocrx_word' id='word_1_177' title='bbox 511 1139 548 1178; x_wconf 81' lang='lat' dir='ltr'>ad</span> <span class='ocrx_word' id='word_1_178' title='bbox 565 1138 806 1177; x_wconf 69' lang='lat' dir='ltr'>affecuratores,</span> <span class='ocrx_word' id='word_1_179' title='bbox 828 1137 848 1170; x_wconf 89' lang='lat' dir='ltr'>fi</span> <span class='ocrx_word' id='word_1_180' title='bbox 866 1146 915 1169; x_wconf 87' lang='lat' dir='ltr'>res</span> 
     </span>
     <span class='ocr_line' id='line_1_26' title="bbox 40 1179 916 1225; baseline -0.006 -11"><span class='ocrx_word' id='word_1_181' title='bbox 40 1193 97 1225; x_wconf 88' lang='lat' dir='ltr'>per</span> <span class='ocrx_word' id='word_1_182' title='bbox 123 1181 153 1214; x_wconf 88' lang='lat' dir='ltr'>se</span> <span class='ocrx_word' id='word_1_183' title='bbox 187 1189 446 1223; x_wconf 79' lang='lat' dir='ltr'>corrumpantur,</span> <span class='ocrx_word' id='word_1_184' title='bbox 482 1188 536 1212; x_wconf 88' lang='lat' dir='ltr'>aut</span> <span class='ocrx_word' id='word_1_185' title='bbox 563 1180 717 1212; x_wconf 81' lang='lat' dir='ltr'>servando</span> <span class='ocrx_word' id='word_1_186' title='bbox 735 1179 848 1211; x_wconf 75' lang='lat' dir='ltr'>servari</span> <span class='ocrx_word' id='word_1_187' title='bbox 865 1188 916 1210; x_wconf 89' lang='lat' dir='ltr'>ne-</span> 
     </span>
     <span class='ocr_line' id='line_1_27' title="bbox 43 1219 914 1266; baseline -0.006 -10"><span class='ocrx_word' id='word_1_188' title='bbox 43 1231 158 1266; x_wconf 77' lang='lat' dir='ltr'>queant</span> <span class='ocrx_word' id='word_1_189' title='bbox 179 1248 189 1263; x_wconf 94' lang='lat'>,</span> <span class='ocrx_word' id='word_1_190' title='bbox 223 1233 282 1256; x_wconf 87' lang='lat' dir='ltr'>nce</span> <span class='ocrx_word' id='word_1_191' title='bbox 313 1223 379 1255; x_wconf 73' lang='lat' dir='ltr'>ne‘?</span> <span class='ocrx_word' id='word_1_192' title='bbox 409 1222 470 1255; x_wconf 88' lang='lat' dir='ltr'>Sed</span> <span class='ocrx_word' id='word_1_193' title='bbox 486 1222 558 1264; x_wconf 85' lang='lat' dir='ltr'>quia</span> <span class='ocrx_word' id='word_1_194' title='bbox 580 1223 632 1254; x_wconf 82' lang='lat' dir='ltr'>lex</span> <span class='ocrx_word' id='word_1_195' title='bbox 652 1223 695 1252; x_wconf 83' lang='lat' dir='ltr'>ita</span> <span class='ocrx_word' id='word_1_196' title='bbox 714 1220 828 1262; x_wconf 87' lang='lat' dir='ltr'>scripta</span> <span class='ocrx_word' id='word_1_197' title='bbox 844 1219 890 1251; x_wconf 90' lang='lat' dir='ltr'>est</span> <span class='ocrx_word' id='word_1_198' title='bbox 904 1244 914 1259; x_wconf 94' lang='lat'>,</span> 
     </span>
     <span class='ocr_line' id='line_1_28' title="bbox 41 1262 916 1306; baseline -0.006 -8"><span class='ocrx_word' id='word_1_199' title='bbox 41 1275 110 1298; x_wconf 86' lang='lat' dir='ltr'>eam</span> <span class='ocrx_word' id='word_1_200' title='bbox 131 1266 355 1306; x_wconf 74' lang='lat' dir='ltr'>intelhgimus‚</span> <span class='ocrx_word' id='word_1_201' title='bbox 385 1272 421 1295; x_wconf 93' lang='lat' dir='ltr'>ut</span> <span class='ocrx_word' id='word_1_202' title='bbox 444 1263 582 1304; x_wconf 68' lang='lat' dir='ltr'>expreffa</span> <span class='ocrx_word' id='word_1_203' title='bbox 613 1262 657 1294; x_wconf 87' lang='lat' dir='ltr'>est</span> <span class='ocrx_word' id='word_1_204' title='bbox 672 1286 680 1302; x_wconf 91' lang='lat'>,</span> <span class='ocrx_word' id='word_1_205' title='bbox 703 1262 742 1293; x_wconf 78' lang='lat' dir='ltr'>dc</span> <span class='ocrx_word' id='word_1_206' title='bbox 759 1262 916 1294; x_wconf 79' lang='lat' dir='ltr'>mercibus</span> 
     </span>
     <span class='ocr_line' id='line_1_29' title="bbox 41 1304 915 1346; baseline -0.006 -7"><span class='ocrx_word' id='word_1_207' title='bbox 41 1306 164 1340; x_wconf 78' lang='lat' dir='ltr'>scilieet</span> <span class='ocrx_word' id='word_1_208' title='bbox 182 1306 364 1346; x_wconf 76' lang='lat' dir='ltr'>simpliciter</span> <span class='ocrx_word' id='word_1_209' title='bbox 386 1305 582 1343; x_wconf 59' lang='lat' dir='ltr'>affectu-atis,</span> <span class='ocrx_word' id='word_1_210' title='bbox 616 1314 680 1336; x_wconf 83' lang='lat' dir='ltr'>non</span> <span class='ocrx_word' id='word_1_211' title='bbox 702 1304 753 1335; x_wconf 86' lang='lat' dir='ltr'>ubi</span> <span class='ocrx_word' id='word_1_212' title='bbox 775 1304 915 1335; x_wconf 81' lang='lat' dir='ltr'>additum</span> 
     </span>
     <span class='ocr_line' id='line_1_30' title="bbox 45 1344 914 1388; baseline -0.007 -7"><span class='ocrx_word' id='word_1_213' title='bbox 45 1348 111 1381; x_wconf 78' lang='lat' dir='ltr'>est.</span> <span class='ocrx_word' id='word_1_214' title='bbox 136 1357 171 1380; x_wconf 86' lang='lat' dir='ltr'>ut</span> <span class='ocrx_word' id='word_1_215' title='bbox 195 1348 247 1379; x_wconf 83' lang='lat' dir='ltr'>hic</span> <span class='ocrx_word' id='word_1_216' title='bbox 267 1356 353 1385; x_wconf 84' lang='lat' dir='ltr'>erat,</span> <span class='ocrx_word' id='word_1_217' title='bbox 373 1353 406 1388; x_wconf 80' lang='lat' dir='ltr'>op</span> <span class='ocrx_word' id='word_1_218' title='bbox 426 1347 615 1388; x_wconf 43' lang='lat' dir='ltr'>beiieiffelyke</span> <span class='ocrx_word' id='word_1_219' title='bbox 639 1346 673 1386; x_wconf 75' lang='lat' dir='ltr'>rs</span> <span class='ocrx_word' id='word_1_220' title='bbox 685 1344 914 1386; x_wconf 65' lang='lat' dir='ltr'>oubecleaeffelylce</span> 
     </span>
     <span class='ocr_line' id='line_1_31' title="bbox 42 1386 914 1433; baseline -0.005 -12"><span class='ocrx_word' id='word_1_221' title='bbox 42 1400 185 1433; x_wconf 49' lang='lat' dir='ltr'>gosna-‘ren</span> <span class='ocrx_word' id='word_1_222' title='bbox 202 1412 213 1428; x_wconf 91' lang='lat'>,</span> <span class='ocrx_word' id='word_1_223' title='bbox 247 1390 293 1420; x_wconf 70' lang='lat' dir='ltr'>die</span> <span class='ocrx_word' id='word_1_224' title='bbox 318 1398 384 1420; x_wconf 75' lang='lat' dir='ltr'>men</span> <span class='ocrx_word' id='word_1_225' title='bbox 411 1389 543 1420; x_wconf 48' lang='lat' dir='ltr'>best-&#39;orde</span> <span class='ocrx_word' id='word_1_226' title='bbox 572 1394 598 1418; x_wconf 62' lang='lat' dir='ltr'>t]</span> <span class='ocrx_word' id='word_1_227' title='bbox 623 1386 790 1426; x_wconf 65' lang='lat' dir='ltr'>rnoeiztcnof</span> <span class='ocrx_word' id='word_1_228' title='bbox 811 1388 914 1418; x_wconf 68' lang='lat' dir='ltr'>mette</span> 
     </span>
     <span class='ocr_line' id='line_1_32' title="bbox 40 1427 915 1471; baseline -0.005 -8"><span class='ocrx_word' id='word_1_229' title='bbox 40 1429 171 1464; x_wconf 66' lang='lat' dir='ltr'>meritati.</span> <span class='ocrx_word' id='word_1_230' title='bbox 213 1431 312 1470; x_wconf 72' lang='lat' dir='ltr'>Sane,</span> <span class='ocrx_word' id='word_1_231' title='bbox 347 1430 416 1470; x_wconf 86' lang='lat' dir='ltr'>quia</span> <span class='ocrx_word' id='word_1_232' title='bbox 439 1430 515 1471; x_wconf 74' lang='lat' dir='ltr'>ipsas</span> <span class='ocrx_word' id='word_1_233' title='bbox 539 1429 655 1471; x_wconf 79' lang='lat' dir='ltr'>species</span> <span class='ocrx_word' id='word_1_234' title='bbox 670 1428 844 1470; x_wconf 69' lang='lat' dir='ltr'>exprimere</span> <span class='ocrx_word' id='word_1_235' title='bbox 861 1427 915 1459; x_wconf 70' lang='lat' dir='ltr'>ste-</span> 
     </span>
     <span class='ocr_line' id='line_1_33' title="bbox 39 1469 916 1515; baseline -0.006 -10"><span class='ocrx_word' id='word_1_236' title='bbox 39 1483 81 1515; x_wconf 93' lang='lat' dir='ltr'>pc</span> <span class='ocrx_word' id='word_1_237' title='bbox 99 1472 144 1505; x_wconf 86' lang='lat' dir='ltr'>cst</span> <span class='ocrx_word' id='word_1_238' title='bbox 170 1472 317 1510; x_wconf 75' lang='lat' dir='ltr'>difficile,</span> <span class='ocrx_word' id='word_1_239' title='bbox 353 1471 434 1512; x_wconf 82' lang='lat' dir='ltr'>saepe</span> <span class='ocrx_word' id='word_1_240' title='bbox 450 1471 545 1503; x_wconf 79' lang='lat' dir='ltr'>ctiam</span> <span class='ocrx_word' id='word_1_241' title='bbox 566 1470 771 1512; x_wconf 82' lang='lat' dir='ltr'>impossibile,</span> <span class='ocrx_word' id='word_1_242' title='bbox 794 1469 849 1501; x_wconf 79' lang='lat' dir='ltr'>us&#39;u</span> <span class='ocrx_word' id='word_1_243' title='bbox 872 1470 916 1501; x_wconf 88' lang='lat' dir='ltr'>in-</span> 
     </span>
     <span class='ocr_line' id='line_1_34' title="bbox 41 1511 913 1554; baseline -0.006 -7"><span class='ocrx_word' id='word_1_244' title='bbox 41 1523 90 1547; x_wconf 89' lang='lat' dir='ltr'>ter</span> <span class='ocrx_word' id='word_1_245' title='bbox 105 1515 306 1547; x_wconf 63' lang='lat' dir='ltr'>Mercatore&lt;</span> <span class='ocrx_word' id='word_1_246' title='bbox 333 1521 494 1554; x_wconf 84' lang='lat' dir='ltr'>receptum</span> <span class='ocrx_word' id='word_1_247' title='bbox 521 1511 583 1551; x_wconf 89' lang='lat' dir='ltr'>est,</span> <span class='ocrx_word' id='word_1_248' title='bbox 609 1520 644 1544; x_wconf 92' lang='lat' dir='ltr'>ut</span> <span class='ocrx_word' id='word_1_249' title='bbox 668 1511 801 1543; x_wconf 72' lang='lat' dir='ltr'>sufficiat</span> <span class='ocrx_word' id='word_1_250' title='bbox 819 1511 913 1543; x_wconf 87' lang='lat' dir='ltr'>dixis-</span> 
     </span>
     <span class='ocr_line' id='line_1_35' title="bbox 39 1553 914 1597; baseline -0.005 -8"><span class='ocrx_word' id='word_1_251' title='bbox 39 1555 92 1597; x_wconf 86' lang='lat' dir='ltr'>se,</span> <span class='ocrx_word' id='word_1_252' title='bbox 116 1562 149 1597; x_wconf 80' lang='lat' dir='ltr'>op</span> <span class='ocrx_word' id='word_1_253' title='bbox 174 1554 367 1596; x_wconf 73' lang='lat' dir='ltr'>bederffelyke</span> <span class='ocrx_word' id='word_1_254' title='bbox 391 1554 424 1595; x_wconf 89' lang='lat' dir='ltr'>of</span> <span class='ocrx_word' id='word_1_255' title='bbox 445 1554 674 1596; x_wconf 69' lang='lat' dir='ltr'>onhederffclyke</span> <span class='ocrx_word' id='word_1_256' title='bbox 701 1554 858 1596; x_wconf 64' lang='lat' dir='ltr'>goederen,</span> <span class='ocrx_word' id='word_1_257' title='bbox 884 1553 914 1585; x_wconf 84' lang='lat'>&amp;</span> 
     </span>
     <span class='ocr_line' id='line_1_36' title="bbox 40 1593 915 1638; baseline -0.006 -8"><span class='ocrx_word' id='word_1_258' title='bbox 40 1598 74 1631; x_wconf 89' lang='lat' dir='ltr'>in</span> <span class='ocrx_word' id='word_1_259' title='bbox 91 1597 152 1629; x_wconf 86' lang='lat' dir='ltr'>hac</span> <span class='ocrx_word' id='word_1_260' title='bbox 170 1596 274 1638; x_wconf 83' lang='lat' dir='ltr'>specie</span> <span class='ocrx_word' id='word_1_261' title='bbox 296 1597 391 1628; x_wconf 88' lang='lat' dir='ltr'>etiarn</span> <span class='ocrx_word' id='word_1_262' title='bbox 409 1596 479 1637; x_wconf 85' lang='lat' dir='ltr'>plus</span> <span class='ocrx_word' id='word_1_263' title='bbox 495 1596 612 1628; x_wconf 68' lang='lat' dir='ltr'>dietum</span> <span class='ocrx_word' id='word_1_264' title='bbox 627 1594 691 1627; x_wconf 71' lang='lat' dir='ltr'>est.</span> <span class='ocrx_word' id='word_1_265' title='bbox 737 1594 790 1626; x_wconf 89' lang='lat' dir='ltr'>De</span> <span class='ocrx_word' id='word_1_266' title='bbox 807 1604 845 1626; x_wconf 89' lang='lat' dir='ltr'>eo</span> <span class='ocrx_word' id='word_1_267' title='bbox 861 1593 915 1626; x_wconf 89' lang='lat' dir='ltr'>usu</span> 
     </span>
     <span class='ocr_line' id='line_1_37' title="bbox 39 1636 915 1675; baseline -0.005 -4"><span class='ocrx_word' id='word_1_268' title='bbox 39 1650 81 1672; x_wconf 84' lang='lat' dir='ltr'>ex</span> <span class='ocrx_word' id='word_1_269' title='bbox 99 1638 312 1671; x_wconf 84' lang='lat' dir='ltr'>instrumentis</span> <span class='ocrx_word' id='word_1_270' title='bbox 329 1639 394 1670; x_wconf 83' lang='lat' dir='ltr'>litis</span> <span class='ocrx_word' id='word_1_271' title='bbox 411 1638 572 1670; x_wconf 73' lang='lat' dir='ltr'>constabat</span> <span class='ocrx_word' id='word_1_272' title='bbox 584 1660 592 1675; x_wconf 94' lang='lat'>‚</span> <span class='ocrx_word' id='word_1_273' title='bbox 615 1637 644 1670; x_wconf 69' lang='grc' dir='ltr'>δε</span> <span class='ocrx_word' id='word_1_274' title='bbox 661 1636 830 1669; x_wconf 84' lang='lat' dir='ltr'>secundum</span> <span class='ocrx_word' id='word_1_275' title='bbox 842 1645 915 1668; x_wconf 84' lang='lat' dir='ltr'>eum</span> 
     </span>
     <span class='ocr_line' id='line_1_38' title="bbox 40 1678 914 1721; baseline -0.007 -7"><span class='ocrx_word' id='word_1_276' title='bbox 40 1679 360 1714; x_wconf 82' lang='lat' dir='ltr'>Amsterdammenses</span> <span class='ocrx_word' id='word_1_277' title='bbox 380 1689 505 1721; x_wconf 78' lang='lat' dir='ltr'>quoque</span> <span class='ocrx_word' id='word_1_278' title='bbox 526 1690 556 1717; x_wconf 86' lang='lat'>9.</span> <span class='ocrx_word' id='word_1_279' title='bbox 574 1679 654 1720; x_wconf 83' lang='lat' dir='ltr'>Maj.</span> <span class='ocrx_word' id='word_1_280' title='bbox 680 1683 771 1718; x_wconf 88' lang='lat'>1651.</span> <span class='ocrx_word' id='word_1_281' title='bbox 802 1678 914 1711; x_wconf 78' lang='lat' dir='ltr'>statue-</span> 
     </span>
     <span class='ocr_line' id='line_1_39' title="bbox 39 1719 914 1764; baseline -0.006 -9"><span class='ocrx_word' id='word_1_282' title='bbox 39 1731 112 1756; x_wconf 82' lang='lat' dir='ltr'>runt</span> <span class='ocrx_word' id='word_1_283' title='bbox 123 1722 184 1764; x_wconf 82' lang='lat'>(2)</span> <span class='ocrx_word' id='word_1_284' title='bbox 197 1746 208 1762; x_wconf 90' lang='lat'>‚</span> <span class='ocrx_word' id='word_1_285' title='bbox 234 1730 270 1753; x_wconf 87' lang='lat' dir='ltr'>ut</span> <span class='ocrx_word' id='word_1_286' title='bbox 289 1722 393 1753; x_wconf 72' lang='lat' dir='ltr'>verbis</span> <span class='ocrx_word' id='word_1_287' title='bbox 413 1721 604 1763; x_wconf 61' lang='lat' dir='ltr'>bederffelyke</span> <span class='ocrx_word' id='word_1_288' title='bbox 621 1731 656 1752; x_wconf 75' lang='lat' dir='ltr'>en</span> <span class='ocrx_word' id='word_1_289' title='bbox 682 1719 914 1761; x_wconf 72' lang='lat' dir='ltr'>onheclerffelyke</span> 
     </span>
     <span class='ocr_line' id='line_1_40' title="bbox 39 1763 914 1808; baseline -0.003 -12"><span class='ocrx_word' id='word_1_290' title='bbox 39 1765 201 1808; x_wconf 76' lang='lat' dir='ltr'>goederen,</span> <span class='ocrx_word' id='word_1_291' title='bbox 229 1763 335 1795; x_wconf 85' lang='lat' dir='ltr'>omnia</span> <span class='ocrx_word' id='word_1_292' title='bbox 355 1765 506 1795; x_wconf 88' lang='lat' dir='ltr'>mercium</span> <span class='ocrx_word' id='word_1_293' title='bbox 526 1771 693 1804; x_wconf 81' lang='lat' dir='ltr'>rerumque</span> <span class='ocrx_word' id='word_1_294' title='bbox 710 1771 824 1803; x_wconf 81' lang='lat' dir='ltr'>genera</span> <span class='ocrx_word' id='word_1_295' title='bbox 840 1771 914 1794; x_wconf 65' lang='lat' dir='ltr'>con-</span> 
     </span>
     <span class='ocr_line' id='line_1_41' title="bbox 40 1803 912 1846; baseline -0.005 -8"><span class='ocrx_word' id='word_1_296' title='bbox 40 1806 234 1842; x_wconf 71' lang='lat' dir='ltr'>cinerentur,</span> <span class='ocrx_word' id='word_1_297' title='bbox 267 1805 411 1846; x_wconf 88' lang='lat' dir='ltr'>exceptis</span> <span class='ocrx_word' id='word_1_298' title='bbox 435 1804 604 1837; x_wconf 81' lang='lat' dir='ltr'>admodum</span> <span class='ocrx_word' id='word_1_299' title='bbox 627 1804 754 1846; x_wconf 84' lang='lat' dir='ltr'>paucis,</span> <span class='ocrx_word' id='word_1_300' title='bbox 791 1812 860 1844; x_wconf 78' lang='lat' dir='ltr'>quae</span> <span class='ocrx_word' id='word_1_301' title='bbox 881 1803 912 1835; x_wconf 88' lang='lat' dir='ltr'>in</span> 
     </span>
     <span class='ocr_line' id='line_1_42' title="bbox 38 1844 912 1886; baseline -0.005 -7"><span class='ocrx_word' id='word_1_302' title='bbox 38 1847 169 1880; x_wconf 85' lang='lat' dir='ltr'>Statuto</span> <span class='ocrx_word' id='word_1_303' title='bbox 188 1855 402 1879; x_wconf 84' lang='lat' dir='ltr'>memorantur</span> <span class='ocrx_word' id='word_1_304' title='bbox 416 1870 425 1885; x_wconf 93' lang='lat'><em>‚</em></span> <span class='ocrx_word' id='word_1_305' title='bbox 451 1847 481 1878; x_wconf 63' lang='grc' dir='ltr'>δι</span> <span class='ocrx_word' id='word_1_306' title='bbox 498 1847 561 1878; x_wconf 84' lang='lat' dir='ltr'>hue</span> <span class='ocrx_word' id='word_1_307' title='bbox 578 1855 640 1878; x_wconf 83' lang='lat' dir='ltr'>non</span> <span class='ocrx_word' id='word_1_308' title='bbox 661 1846 829 1886; x_wconf 88' lang='lat' dir='ltr'>pertinent.</span> <span class='ocrx_word' id='word_1_309' title='bbox 869 1844 912 1875; x_wconf 92' lang='lat' dir='ltr'>O-</span> 
     </span>
     <span class='ocr_line' id='line_1_43' title="bbox 37 1885 912 1929; baseline -0.005 -8"><span class='ocrx_word' id='word_1_310' title='bbox 37 1889 163 1921; x_wconf 87' lang='lat' dir='ltr'>mnibus</span> <span class='ocrx_word' id='word_1_311' title='bbox 182 1888 278 1929; x_wconf 85' lang='lat' dir='ltr'>igitur</span> <span class='ocrx_word' id='word_1_312' title='bbox 297 1888 500 1920; x_wconf 78' lang='lat' dir='ltr'>Senator-ibus</span> <span class='ocrx_word' id='word_1_313' title='bbox 516 1887 700 1926; x_wconf 82' lang='lat' dir='ltr'>videbatur,</span> <span class='ocrx_word' id='word_1_314' title='bbox 724 1885 912 1918; x_wconf 87' lang='lat' dir='ltr'>assecurato-</span> 
     </span>
     <span class='ocr_line' id='line_1_44' title="bbox 37 1929 820 1972; baseline -0.004 -10"><span class='ocrx_word' id='word_1_315' title='bbox 37 1931 125 1962; x_wconf 78' lang='lat' dir='ltr'>ribus</span> <span class='ocrx_word' id='word_1_316' title='bbox 143 1929 283 1972; x_wconf 75' lang='lat' dir='ltr'>prodesse</span> <span class='ocrx_word' id='word_1_317' title='bbox 303 1939 368 1962; x_wconf 91' lang='lat' dir='ltr'>non</span> <span class='ocrx_word' id='word_1_318' title='bbox 393 1929 480 1971; x_wconf 72' lang='lat' dir='ltr'>poss&#39;e</span> <span class='ocrx_word' id='word_1_319' title='bbox 502 1930 530 1960; x_wconf 83' lang='lat' dir='ltr'>d.</span> <span class='ocrx_word' id='word_1_320' title='bbox 554 1929 583 1970; x_wconf 84' lang='lat'>§.</span> <span class='ocrx_word' id='word_1_321' title='bbox 608 1937 637 1970; x_wconf 84' lang='lat'>7.</span> <span class='ocrx_word' id='word_1_322' title='bbox 817 1966 820 1969; x_wconf 18' lang='grc' dir='ltr'><strong>Δ</strong></span> 
     </span>
    </p>

    <p class='ocr_par' dir='ltr' id='par_1_4' title="bbox 28 1969 913 2881">
     <span class='ocr_line' id='line_1_45' title="bbox 81 1969 912 2003; baseline 0 0"><span class='ocrx_word' id='word_1_323' title='bbox 81 1971 156 2003; x_wconf 87' lang='lat' dir='ltr'>Plus</span> <span class='ocrx_word' id='word_1_324' title='bbox 185 1971 335 2003; x_wconf 83' lang='lat' dir='ltr'>Senatum</span> <span class='ocrx_word' id='word_1_325' title='bbox 361 1970 512 2002; x_wconf 72' lang='lat' dir='ltr'>turbasset</span> <span class='ocrx_word' id='word_1_326' title='bbox 535 1972 633 2002; x_wconf 86' lang='lat' dir='ltr'>altera</span> <span class='ocrx_word' id='word_1_327' title='bbox 672 1969 912 2003; x_wconf 84' lang='lat' dir='ltr'>affecuratorum</span> 
     </span>
     <span class='ocr_line' id='line_1_46' title="bbox 37 2011 913 2052; baseline -0.003 -7"><span class='ocrx_word' id='word_1_328' title='bbox 37 2012 178 2045; x_wconf 82' lang='lat' dir='ltr'>defensio</span> <span class='ocrx_word' id='word_1_329' title='bbox 193 2036 202 2051; x_wconf 85' lang='lat'><strong>‚</strong></span> <span class='ocrx_word' id='word_1_330' title='bbox 238 2013 342 2045; x_wconf 82' lang='lat' dir='ltr'>sinon</span> <span class='ocrx_word' id='word_1_331' title='bbox 359 2011 530 2044; x_wconf 83' lang='lat' dir='ltr'>accefiisset</span> <span class='ocrx_word' id='word_1_332' title='bbox 559 2021 642 2043; x_wconf 85' lang='lat' dir='ltr'>nova</span> <span class='ocrx_word' id='word_1_333' title='bbox 657 2011 731 2050; x_wconf 83' lang='lat' dir='ltr'>illa,</span> <span class='ocrx_word' id='word_1_334' title='bbox 757 2021 849 2052; x_wconf 85' lang='lat' dir='ltr'>quam</span> <span class='ocrx_word' id='word_1_335' title='bbox 869 2012 913 2043; x_wconf 89' lang='lat' dir='ltr'>di-</span> 
     </span>
     <span class='ocr_line' id='line_1_47' title="bbox 36 2052 912 2095; baseline -0.002 -9"><span class='ocrx_word' id='word_1_336' title='bbox 36 2055 97 2093; x_wconf 87' lang='lat' dir='ltr'>xi,</span> <span class='ocrx_word' id='word_1_337' title='bbox 129 2053 291 2086; x_wconf 80' lang='lat' dir='ltr'>assecurati</span> <span class='ocrx_word' id='word_1_338' title='bbox 318 2053 475 2095; x_wconf 86' lang='lat' dir='ltr'>profeffio.</span> <span class='ocrx_word' id='word_1_339' title='bbox 522 2053 649 2095; x_wconf 77' lang='lat' dir='ltr'>Absque</span> <span class='ocrx_word' id='word_1_340' title='bbox 670 2062 706 2084; x_wconf 85' lang='lat' dir='ltr'>ea</span> <span class='ocrx_word' id='word_1_341' title='bbox 732 2053 753 2085; x_wconf 89' lang='lat' dir='ltr'>si</span> <span class='ocrx_word' id='word_1_342' title='bbox 778 2052 885 2085; x_wconf 65' lang='lat' dir='ltr'>fuisi‘et</span> <span class='ocrx_word' id='word_1_343' title='bbox 900 2076 912 2092; x_wconf 92' lang='lat'>,</span> 
     </span>
     <span class='ocr_line' id='line_1_48' title="bbox 37 2094 909 2137; baseline -0.003 -9"><span class='ocrx_word' id='word_1_344' title='bbox 37 2105 101 2129; x_wconf 88' lang='lat' dir='ltr'>tres</span> <span class='ocrx_word' id='word_1_345' title='bbox 116 2096 283 2128; x_wconf 88' lang='lat' dir='ltr'>Senatores</span> <span class='ocrx_word' id='word_1_346' title='bbox 297 2105 357 2137; x_wconf 89' lang='lat' dir='ltr'>pro</span> <span class='ocrx_word' id='word_1_347' title='bbox 382 2095 643 2127; x_wconf 77' lang='lat' dir='ltr'>assecuratoribus</span> <span class='ocrx_word' id='word_1_348' title='bbox 665 2094 909 2135; x_wconf 71' lang='lat' dir='ltr'>respondissent,</span> 
     </span>
     <span class='ocr_line' id='line_1_49' title="bbox 39 2135 910 2179; baseline -0.002 -10"><span class='ocrx_word' id='word_1_349' title='bbox 39 2138 182 2179; x_wconf 85' lang='lat' dir='ltr'>quamvis</span> <span class='ocrx_word' id='word_1_350' title='bbox 203 2137 309 2178; x_wconf 89' lang='lat' dir='ltr'>enim,</span> <span class='ocrx_word' id='word_1_351' title='bbox 332 2137 539 2178; x_wconf 85' lang='lat' dir='ltr'>inquiebant,</span> <span class='ocrx_word' id='word_1_352' title='bbox 564 2145 604 2167; x_wconf 86' lang='lat' dir='ltr'>ex</span> <span class='ocrx_word' id='word_1_353' title='bbox 628 2135 654 2177; x_wconf 83' lang='lat'>§.</span> <span class='ocrx_word' id='word_1_354' title='bbox 684 2145 734 2168; x_wconf 86' lang='lat'>11.</span> <span class='ocrx_word' id='word_1_355' title='bbox 756 2135 807 2168; x_wconf 92' lang='lat' dir='ltr'>M.</span> <span class='ocrx_word' id='word_1_356' title='bbox 831 2137 910 2177; x_wconf 83' lang='lat' dir='ltr'>peri-</span> 
     </span>
     <span class='ocr_line' id='line_1_50' title="bbox 36 2177 909 2217; baseline -0.002 -6"><span class='ocrx_word' id='word_1_357' title='bbox 36 2179 145 2211; x_wconf 83' lang='lat' dir='ltr'>culum</span> <span class='ocrx_word' id='word_1_358' title='bbox 162 2178 407 2212; x_wconf 84' lang='lat' dir='ltr'>assecuratorum</span> <span class='ocrx_word' id='word_1_359' title='bbox 423 2179 534 2217; x_wconf 86' lang='lat' dir='ltr'>duret,</span> <span class='ocrx_word' id='word_1_360' title='bbox 556 2178 659 2210; x_wconf 88' lang='lat' dir='ltr'>donec</span> <span class='ocrx_word' id='word_1_361' title='bbox 682 2187 801 2209; x_wconf 84' lang='lat' dir='ltr'>merces</span> <span class='ocrx_word' id='word_1_362' title='bbox 816 2177 909 2210; x_wconf 80' lang='lat' dir='ltr'>saivae</span> 
     </span>
     <span class='ocr_line' id='line_1_51' title="bbox 39 2218 909 2261; baseline -0.002 -8"><span class='ocrx_word' id='word_1_363' title='bbox 39 2227 178 2261; x_wconf 82' lang='lat' dir='ltr'>tutaeque</span> <span class='ocrx_word' id='word_1_364' title='bbox 194 2220 225 2251; x_wconf 90' lang='lat' dir='ltr'>in</span> <span class='ocrx_word' id='word_1_365' title='bbox 246 2227 360 2251; x_wconf 85' lang='lat' dir='ltr'>terram</span> <span class='ocrx_word' id='word_1_366' title='bbox 376 2220 526 2261; x_wconf 81' lang='lat' dir='ltr'>exposita:</span> <span class='ocrx_word' id='word_1_367' title='bbox 559 2218 647 2259; x_wconf 91' lang='lat' dir='ltr'>sunt,</span> <span class='ocrx_word' id='word_1_368' title='bbox 672 2219 703 2251; x_wconf 89' lang='lat' dir='ltr'>id</span> <span class='ocrx_word' id='word_1_369' title='bbox 724 2227 828 2251; x_wconf 85' lang='lat' dir='ltr'>tamen</span> <span class='ocrx_word' id='word_1_370' title='bbox 844 2227 909 2251; x_wconf 86' lang='lat' dir='ltr'>nou</span> 
     </span>
     <span class='ocr_line' id='line_1_52' title="bbox 31 2260 910 2302; baseline -0.001 -9"><span class='ocrx_word' id='word_1_371' title='bbox 31 2262 182 2294; x_wconf 73' lang='lat' dir='ltr'>&#39;obtinere</span> <span class='ocrx_word' id='word_1_372' title='bbox 200 2285 209 2298; x_wconf 79' lang='lat'><strong><em>‚</em></strong></span> <span class='ocrx_word' id='word_1_373' title='bbox 241 2261 262 2293; x_wconf 89' lang='lat' dir='ltr'>si</span> <span class='ocrx_word' id='word_1_374' title='bbox 291 2270 413 2293; x_wconf 87' lang='lat' dir='ltr'>merces</span> <span class='ocrx_word' id='word_1_375' title='bbox 429 2261 468 2292; x_wconf 89' lang='lat' dir='ltr'>de</span> <span class='ocrx_word' id='word_1_376' title='bbox 488 2268 581 2302; x_wconf 83' lang='lat' dir='ltr'>portu</span> <span class='ocrx_word' id='word_1_377' title='bbox 596 2261 633 2293; x_wconf 85' lang='lat' dir='ltr'>ad</span> <span class='ocrx_word' id='word_1_378' title='bbox 648 2269 776 2302; x_wconf 86' lang='lat' dir='ltr'>portum</span> <span class='ocrx_word' id='word_1_379' title='bbox 791 2260 910 2292; x_wconf 81' lang='lat' dir='ltr'>fuerint</span> 
     </span>
     <span class='ocr_line' id='line_1_53' title="bbox 37 2301 906 2344; baseline -0.002 -9"><span class='ocrx_word' id='word_1_380' title='bbox 37 2302 241 2341; x_wconf 59' lang='lat' dir='ltr'>aflectu-atae,</span> <span class='ocrx_word' id='word_1_381' title='bbox 262 2310 298 2334; x_wconf 87' lang='lat' dir='ltr'>ut</span> <span class='ocrx_word' id='word_1_382' title='bbox 315 2302 483 2334; x_wconf 66' lang='lat' dir='ltr'>assecurare</span> <span class='ocrx_word' id='word_1_383' title='bbox 503 2303 579 2334; x_wconf 82' lang='lat' dir='ltr'>licet</span> <span class='ocrx_word' id='word_1_384' title='bbox 592 2312 630 2335; x_wconf 86' lang='lat' dir='ltr'>ex</span> <span class='ocrx_word' id='word_1_385' title='bbox 655 2302 683 2344; x_wconf 87' lang='lat'>§.</span> <span class='ocrx_word' id='word_1_386' title='bbox 701 2312 748 2344; x_wconf 83' lang='lat'>13.</span> <span class='ocrx_word' id='word_1_387' title='bbox 778 2301 811 2333; x_wconf 87' lang='lat' dir='ltr'>T.</span> <span class='ocrx_word' id='word_1_388' title='bbox 834 2302 906 2333; x_wconf 82' lang='lat' dir='ltr'><strong>VII.</strong></span> 
     </span>
     <span class='ocr_line' id='line_1_54' title="bbox 34 2342 905 2386; baseline -0.002 -10"><span class='ocrx_word' id='word_1_389' title='bbox 34 2344 111 2376; x_wconf 90' lang='lat' dir='ltr'>LL.</span> <span class='ocrx_word' id='word_1_390' title='bbox 132 2344 258 2375; x_wconf 69' lang='lat' dir='ltr'>Nazztz&#39;c.</span> <span class='ocrx_word' id='word_1_391' title='bbox 280 2348 369 2385; x_wconf 77' lang='lat'>1563.</span> <span class='ocrx_word' id='word_1_392' title='bbox 395 2353 466 2376; x_wconf 89' lang='lat' dir='ltr'>nam</span> <span class='ocrx_word' id='word_1_393' title='bbox 487 2353 564 2376; x_wconf 82' lang='lat' dir='ltr'>tune</span> <span class='ocrx_word' id='word_1_394' title='bbox 582 2344 757 2386; x_wconf 87' lang='lat' dir='ltr'>perieulum</span> <span class='ocrx_word' id='word_1_395' title='bbox 779 2342 905 2382; x_wconf 73' lang='lat' dir='ltr'>cessare,</span> 
     </span>
     <span class='ocr_line' id='line_1_55' title="bbox 31 2383 906 2426; baseline -0.001 -8"><span class='ocrx_word' id='word_1_396' title='bbox 31 2385 58 2418; x_wconf 62' lang='lat' dir='ltr'>&#39;fi</span> <span class='ocrx_word' id='word_1_397' title='bbox 83 2385 172 2417; x_wconf 62' lang='lat' dir='ltr'>naris</span> <span class='ocrx_word' id='word_1_398' title='bbox 196 2395 251 2426; x_wconf 86' lang='lat' dir='ltr'>per</span> <span class='ocrx_word' id='word_1_399' title='bbox 276 2385 405 2417; x_wconf 81' lang='lat' dir='ltr'>XXIV.</span> <span class='ocrx_word' id='word_1_400' title='bbox 437 2385 529 2417; x_wconf 87' lang='lat' dir='ltr'>horas</span> <span class='ocrx_word' id='word_1_401' title='bbox 555 2386 587 2418; x_wconf 87' lang='lat' dir='ltr'>in</span> <span class='ocrx_word' id='word_1_402' title='bbox 614 2393 731 2426; x_wconf 86' lang='lat' dir='ltr'>portu,</span> <span class='ocrx_word' id='word_1_403' title='bbox 755 2384 793 2415; x_wconf 89' lang='lat' dir='ltr'>ad</span> <span class='ocrx_word' id='word_1_404' title='bbox 808 2383 906 2424; x_wconf 85' lang='lat' dir='ltr'>&#39;quem</span> 
     </span>
     <span class='ocr_line' id='line_1_56' title="bbox 28 2425 906 2465; baseline -0.001 -7"><span class='ocrx_word' id='word_1_405' title='bbox 28 2426 188 2458; x_wconf 64' lang='lat' dir='ltr'>destinata</span> <span class='ocrx_word' id='word_1_406' title='bbox 206 2434 292 2465; x_wconf 83' lang='lat' dir='ltr'>erat,</span> <span class='ocrx_word' id='word_1_407' title='bbox 315 2425 397 2459; x_wconf 82' lang='lat' dir='ltr'>salva</span> <span class='ocrx_word' id='word_1_408' title='bbox 416 2425 539 2458; x_wconf 78' lang='lat' dir='ltr'>steterit</span> <span class='ocrx_word' id='word_1_409' title='bbox 561 2427 592 2458; x_wconf 92' lang='lat' dir='ltr'>in</span> <span class='ocrx_word' id='word_1_410' title='bbox 617 2425 760 2458; x_wconf 85' lang='lat' dir='ltr'>anchoris</span> <span class='ocrx_word' id='word_1_411' title='bbox 777 2448 788 2463; x_wconf 94' lang='lat'>,</span> <span class='ocrx_word' id='word_1_412' title='bbox 806 2426 836 2457; x_wconf 84' lang='lat'>&amp;</span> <span class='ocrx_word' id='word_1_413' title='bbox 853 2426 906 2457; x_wconf 88' lang='lat' dir='ltr'>hie</span> 
     </span>
     <span class='ocr_line' id='line_1_57' title="bbox 35 2466 907 2505; baseline 0 -6"><span class='ocrx_word' id='word_1_414' title='bbox 35 2468 150 2500; x_wconf 86' lang='lat' dir='ltr'>diutius</span> <span class='ocrx_word' id='word_1_415' title='bbox 166 2467 282 2500; x_wconf 74' lang='lat' dir='ltr'>salvam</span> <span class='ocrx_word' id='word_1_416' title='bbox 303 2467 416 2500; x_wconf 69' lang='lat' dir='ltr'>stetisse</span> <span class='ocrx_word' id='word_1_417' title='bbox 433 2468 465 2499; x_wconf 89' lang='lat' dir='ltr'>in</span> <span class='ocrx_word' id='word_1_418' title='bbox 485 2467 586 2499; x_wconf 80' lang='lat' dir='ltr'>fluvio</span> <span class='ocrx_word' id='word_1_419' title='bbox 609 2466 786 2505; x_wconf 85' lang='lat' dir='ltr'>Nannetis,</span> <span class='ocrx_word' id='word_1_420' title='bbox 810 2467 907 2502; x_wconf 76' lang='lat' dir='ltr'>verba</span> 
     </span>
     <span class='ocr_line' id='line_1_58' title="bbox 33 2507 907 2550; baseline 0 -10"><span class='ocrx_word' id='word_1_421' title='bbox 33 2508 213 2549; x_wconf 55' lang='lat' dir='ltr'>contractus</span> <span class='ocrx_word' id='word_1_422' title='bbox 235 2510 336 2550; x_wconf 75' lang='lat' dir='ltr'>palam</span> <span class='ocrx_word' id='word_1_423' title='bbox 354 2519 417 2550; x_wconf 78' lang='lat' dir='ltr'>prae</span> <span class='ocrx_word' id='word_1_424' title='bbox 434 2509 463 2540; x_wconf 87' lang='lat' dir='ltr'>se</span> <span class='ocrx_word' id='word_1_425' title='bbox 475 2509 561 2541; x_wconf 85' lang='lat' dir='ltr'>ferre</span> <span class='ocrx_word' id='word_1_426' title='bbox 576 2531 585 2546; x_wconf 73' lang='grc'><strong><em>,</em></strong></span> <span class='ocrx_word' id='word_1_427' title='bbox 609 2515 649 2539; x_wconf 71' lang='lat' dir='ltr'>tot</span> <span class='ocrx_word' id='word_1_428' title='bbox 665 2509 698 2539; x_wconf 62' lang='lat' dir='ltr'>rie</span> <span class='ocrx_word' id='word_1_429' title='bbox 718 2507 830 2539; x_wconf 73' lang='lat' dir='ltr'>Rivier</span> <span class='ocrx_word' id='word_1_430' title='bbox 845 2518 907 2540; x_wconf 76' lang='lat' dir='ltr'>van</span> 
     </span>
     <span class='ocr_line' id='line_1_59' title="bbox 35 2548 906 2591; baseline 0 -9"><span class='ocrx_word' id='word_1_431' title='bbox 35 2550 175 2588; x_wconf 71' lang='lat' dir='ltr'>Names,</span> <span class='ocrx_word' id='word_1_432' title='bbox 198 2551 228 2583; x_wconf 71' lang='grc' dir='ltr'>ἂ</span> <span class='ocrx_word' id='word_1_433' title='bbox 245 2550 358 2583; x_wconf 88' lang='lat' dir='ltr'>habere</span> <span class='ocrx_word' id='word_1_434' title='bbox 376 2550 602 2588; x_wconf 64' lang='lat' dir='ltr'>affectu-atum,</span> <span class='ocrx_word' id='word_1_435' title='bbox 632 2549 717 2591; x_wconf 88' lang='lat' dir='ltr'>quod</span> <span class='ocrx_word' id='word_1_436' title='bbox 733 2548 786 2581; x_wconf 87' lang='lat' dir='ltr'>fibi</span> <span class='ocrx_word' id='word_1_437' title='bbox 806 2551 906 2591; x_wconf 88' lang='lat' dir='ltr'>impu-</span> 
     </span>
     <span class='ocr_line' id='line_1_60' title="bbox 35 2590 907 2634; baseline 0 -12"><span class='ocrx_word' id='word_1_438' title='bbox 35 2599 101 2630; x_wconf 89' lang='lat' dir='ltr'>tet,</span> <span class='ocrx_word' id='word_1_439' title='bbox 136 2591 160 2623; x_wconf 91' lang='lat' dir='ltr'><strong>fi</strong></span> <span class='ocrx_word' id='word_1_440' title='bbox 182 2592 281 2634; x_wconf 80' lang='lat' dir='ltr'>legem</span> <span class='ocrx_word' id='word_1_441' title='bbox 309 2601 373 2624; x_wconf 88' lang='lat' dir='ltr'>non</span> <span class='ocrx_word' id='word_1_442' title='bbox 399 2592 533 2634; x_wconf 81' lang='lat' dir='ltr'>apertius</span> <span class='ocrx_word' id='word_1_443' title='bbox 548 2591 682 2629; x_wconf 74' lang='lat' dir='ltr'>dixerit,</span> <span class='ocrx_word' id='word_1_444' title='bbox 706 2591 738 2622; x_wconf 92' lang='lat' dir='ltr'>in</span> <span class='ocrx_word' id='word_1_445' title='bbox 759 2590 907 2633; x_wconf 82' lang='lat' dir='ltr'>ambiguo</span> 
     </span>
     <span class='ocr_line' id='line_1_61' title="bbox 33 2630 904 2675; baseline 0 -11"><span class='ocrx_word' id='word_1_446' title='bbox 33 2633 118 2664; x_wconf 88' lang='lat' dir='ltr'>enim</span> <span class='ocrx_word' id='word_1_447' title='bbox 142 2641 253 2664; x_wconf 86' lang='lat' dir='ltr'>contra</span> <span class='ocrx_word' id='word_1_448' title='bbox 277 2630 493 2675; x_wconf 86' lang='lat' dir='ltr'>stipulatorem</span> <span class='ocrx_word' id='word_1_449' title='bbox 522 2632 700 2664; x_wconf 73' lang='lat' dir='ltr'>faciendam</span> <span class='ocrx_word' id='word_1_450' title='bbox 725 2631 787 2663; x_wconf 81' lang='lat' dir='ltr'>effe</span> <span class='ocrx_word' id='word_1_451' title='bbox 810 2632 904 2664; x_wconf 88' lang='lat' dir='ltr'>inter&#39;-</span> 
     </span>
     <span class='ocr_line' id='line_1_62' title="bbox 33 2673 902 2717; baseline 0.002 -13"><span class='ocrx_word' id='word_1_452' title='bbox 33 2673 243 2715; x_wconf 69' lang='lat' dir='ltr'>pretationem</span> <span class='ocrx_word' id='word_1_453' title='bbox 273 2675 294 2706; x_wconf 83' lang='lat' dir='ltr'>l.</span> <span class='ocrx_word' id='word_1_454' title='bbox 314 2684 366 2716; x_wconf 82' lang='lat'>39.</span> <span class='ocrx_word' id='word_1_455' title='bbox 391 2675 432 2717; x_wconf 90' lang='lat' dir='ltr'>ff.</span> <span class='ocrx_word' id='word_1_456' title='bbox 465 2676 498 2706; x_wconf 81' lang='lat' dir='ltr'>de</span> <span class='ocrx_word' id='word_1_457' title='bbox 529 2673 614 2706; x_wconf 69' lang='lat' dir='ltr'>Paet.</span> <span class='ocrx_word' id='word_1_458' title='bbox 661 2673 722 2706; x_wconf 87' lang='lat' dir='ltr'>Sed</span> <span class='ocrx_word' id='word_1_459' title='bbox 753 2683 832 2705; x_wconf 91' lang='lat' dir='ltr'>vero</span> <span class='ocrx_word' id='word_1_460' title='bbox 848 2674 902 2706; x_wconf 87' lang='lat' dir='ltr'>alii</span> 
     </span>
     <span class='ocr_line' id='line_1_63' title="bbox 33 2715 902 2749; baseline 0.001 -3"><span class='ocrx_word' id='word_1_461' title='bbox 33 2724 146 2747; x_wconf 86' lang='lat' dir='ltr'>omnes</span> <span class='ocrx_word' id='word_1_462' title='bbox 166 2715 330 2747; x_wconf 83' lang='lat' dir='ltr'>Senatores</span> <span class='ocrx_word' id='word_1_463' title='bbox 349 2717 382 2749; x_wconf 89' lang='lat' dir='ltr'>in</span> <span class='ocrx_word' id='word_1_464' title='bbox 398 2717 584 2749; x_wconf 79' lang='lat' dir='ltr'>contrariam</span> <span class='ocrx_word' id='word_1_465' title='bbox 611 2715 796 2748; x_wconf 80' lang='lat' dir='ltr'>sententiam</span> <span class='ocrx_word' id='word_1_466' title='bbox 814 2724 902 2748; x_wconf 88' lang='lat' dir='ltr'>erant</span> 
     </span>
     <span class='ocr_line' id='line_1_64' title="bbox 33 2755 902 2797; baseline 0.005 -11"><span class='ocrx_word' id='word_1_467' title='bbox 33 2757 219 2797; x_wconf 78' lang='lat' dir='ltr'>proniores,</span> <span class='ocrx_word' id='word_1_468' title='bbox 241 2757 320 2797; x_wconf 87' lang='lat' dir='ltr'>rati,</span> <span class='ocrx_word' id='word_1_469' title='bbox 348 2757 370 2790; x_wconf 84' lang='lat' dir='ltr'><strong>fi</strong></span> <span class='ocrx_word' id='word_1_470' title='bbox 397 2768 518 2790; x_wconf 83' lang='lat' dir='ltr'>merces</span> <span class='ocrx_word' id='word_1_471' title='bbox 539 2758 576 2789; x_wconf 90' lang='lat' dir='ltr'>ad</span> <span class='ocrx_word' id='word_1_472' title='bbox 595 2758 703 2789; x_wconf 89' lang='lat' dir='ltr'>urbem</span> <span class='ocrx_word' id='word_1_473' title='bbox 721 2755 902 2790; x_wconf 77' lang='lat' dir='ltr'>Nanneoem</span> 
     </span>
     <span class='ocr_line' id='line_1_65' title="bbox 32 2797 902 2840; baseline 0 -10"><span class='ocrx_word' id='word_1_474' title='bbox 32 2797 92 2830; x_wconf 86' lang='lat' dir='ltr'>fint</span> <span class='ocrx_word' id='word_1_475' title='bbox 108 2798 289 2838; x_wconf 71' lang='lat' dir='ltr'>portandae,</span> <span class='ocrx_word' id='word_1_476' title='bbox 315 2806 350 2830; x_wconf 90' lang='lat' dir='ltr'>ut</span> <span class='ocrx_word' id='word_1_477' title='bbox 373 2799 535 2831; x_wconf 85' lang='lat' dir='ltr'>constabat</span> <span class='ocrx_word' id='word_1_478' title='bbox 559 2799 611 2830; x_wconf 89' lang='lat' dir='ltr'>hic</span> <span class='ocrx_word' id='word_1_479' title='bbox 634 2798 801 2840; x_wconf 86' lang='lat' dir='ltr'>portandas</span> <span class='ocrx_word' id='word_1_480' title='bbox 820 2798 902 2837; x_wconf 84' lang='lat' dir='ltr'>effe,</span> 
     </span>
     <span class='ocr_line' id='line_1_66' title="bbox 33 2838 902 2881; baseline 0.001 -10"><span class='ocrx_word' id='word_1_481' title='bbox 33 2839 124 2881; x_wconf 81' lang='lat' dir='ltr'>plane</span> <span class='ocrx_word' id='word_1_482' title='bbox 139 2838 199 2870; x_wconf 72' lang='lat' dir='ltr'>effe</span> <span class='ocrx_word' id='word_1_483' title='bbox 219 2839 415 2881; x_wconf 79' lang='lat' dir='ltr'>synonyma,</span> <span class='ocrx_word' id='word_1_484' title='bbox 436 2841 499 2873; x_wconf 85' lang='lat' dir='ltr'>five</span> <span class='ocrx_word' id='word_1_485' title='bbox 514 2841 599 2873; x_wconf 88' lang='lat' dir='ltr'>dieas</span> <span class='ocrx_word' id='word_1_486' title='bbox 609 2842 648 2872; x_wconf 78' lang='lat' dir='ltr'>ad</span> <span class='ocrx_word' id='word_1_487' title='bbox 667 2840 854 2879; x_wconf 77' lang='lat' dir='ltr'>Nmznetem,</span> <span class='ocrx_word' id='word_1_488' title='bbox 866 2839 902 2872; x_wconf 78' lang='lat' dir='ltr'>si-</span> 
     </span>
    </p>
   </div>
   <div class='ocr_carea' id='block_1_3' title="bbox 19 2888 32 2900">
    <p class='ocr_par' dir='ltr' id='par_1_5' title="bbox 19 2888 32 2900">
     <span class='ocr_line' id='line_1_67' title="bbox 19 2888 32 2900; baseline 0 0"><span class='ocrx_word' id='word_1_489' title='bbox 19 2888 32 2900; x_wconf 62' lang='grc'><strong>4</strong></span> 
     </span>
    </p>
   </div>
   <div class='ocr_carea' id='block_1_4' title="bbox 20 2938 908 3020">
    <p class='ocr_par' dir='ltr' id='par_1_6' title="bbox 20 2938 908 3020">
     <span class='ocr_line' id='line_1_68' title="bbox 73 2938 907 2978; baseline 0.002 -11"><span class='ocrx_word' id='word_1_490' title='bbox 73 2938 133 2975; x_wconf 83' lang='lat'>(2)</span> <span class='ocrx_word' id='word_1_491' title='bbox 153 2938 201 2968; x_wconf 87' lang='lat' dir='ltr'>Est</span> <span class='ocrx_word' id='word_1_492' title='bbox 217 2938 245 2967; x_wconf 85' lang='lat' dir='ltr'>id</span> <span class='ocrx_word' id='word_1_493' title='bbox 262 2938 407 2969; x_wconf 82' lang='lat' dir='ltr'>statutum</span> <span class='ocrx_word' id='word_1_494' title='bbox 420 2939 484 2977; x_wconf 86' lang='lat' dir='ltr'>post</span> <span class='ocrx_word' id='word_1_495' title='bbox 497 2939 521 2976; x_wconf 74' lang='lat'>§-</span> <span class='ocrx_word' id='word_1_496' title='bbox 532 2947 576 2975; x_wconf 84' lang='lat'>17.</span> <span class='ocrx_word' id='word_1_497' title='bbox 596 2939 636 2969; x_wconf 84' lang='lat' dir='ltr'>A.</span> <span class='ocrx_word' id='word_1_498' title='bbox 660 2938 697 2974; x_wconf 65' lang='grc' dir='ltr'>ὅ)</span> <span class='ocrx_word' id='word_1_499' title='bbox 711 2941 740 2969; x_wconf 77' lang='lat' dir='ltr'>in</span> <span class='ocrx_word' id='word_1_500' title='bbox 752 2939 907 2978; x_wconf 81' lang='lat' dir='ltr'>supplemen-</span> 
     </span>
     <span class='ocr_line' id='line_1_69' title="bbox 20 2976 908 3020; baseline 0 -11"><span class='ocrx_word' id='word_1_501' title='bbox 20 3015 24 3020; x_wconf 41' lang='grc'>,</span> <span class='ocrx_word' id='word_1_502' title='bbox 43 2976 140 3016; x_wconf 78' lang='lat' dir='ltr'>tispost</span> <span class='ocrx_word' id='word_1_503' title='bbox 165 2977 230 3009; x_wconf 86' lang='lat' dir='ltr'>LL.</span> <span class='ocrx_word' id='word_1_504' title='bbox 252 2977 518 3018; x_wconf 60' lang='lat' dir='ltr'>Amsterdammenser</span> <span class='ocrx_word' id='word_1_505' title='bbox 532 2999 540 3012; x_wconf 96' lang='lat'><em>‚</em></span> <span class='ocrx_word' id='word_1_506' title='bbox 567 2977 598 3008; x_wconf 83' lang='lat' dir='ltr'>a&#39;e</span> <span class='ocrx_word' id='word_1_507' title='bbox 612 2977 813 3017; x_wconf 68' lang='lat' dir='ltr'>Affecuratione</span> <span class='ocrx_word' id='word_1_508' title='bbox 830 2980 908 3018; x_wconf 80' lang='lat' dir='ltr'>sepa·</span> 
     </span>
    </p>
   </div>
   <div class='ocr_carea' id='block_1_5' title="bbox 598 87 1628 141">
    <p class='ocr_par' dir='ltr' id='par_1_7' title="bbox 598 87 1628 141">
     <span class='ocr_line' id='line_1_70' title="bbox 598 87 1628 141; baseline 0.009 -14"><span class='ocrx_word' id='word_1_509' title='bbox 598 89 831 141; x_wconf 86' lang='lat' dir='ltr'>JURIS</span> <span class='ocrx_word' id='word_1_510' title='bbox 885 87 1244 134; x_wconf 82' lang='lat' dir='ltr'>PRIVATI,</span> <span class='ocrx_word' id='word_1_511' title='bbox 1296 92 1628 136; x_wconf 75' lang='lat' dir='ltr'>LIB.1V.C.XV.</span> 
     </span>
    </p>
   </div>
   <div class='ocr_carea' id='block_1_6' title="bbox 1756 111 1827 148">
    <p class='ocr_par' dir='ltr' id='par_1_8' title="bbox 1756 111 1827 148">
     <span class='ocr_line' id='line_1_71' title="bbox 1756 111 1827 148; baseline 0.028 -2"><span class='ocrx_word' id='word_1_512' title='bbox 1756 111 1827 148; x_wconf 70' lang='lat'>455</span> 
     </span>
    </p>
   </div>
   <div class='ocr_carea' id='block_1_7' title="bbox 945 177 1857 2832">
    <p class='ocr_par' dir='ltr' id='par_1_9' title="bbox 956 177 1832 1636">
     <span class='ocr_line' id='line_1_72' title="bbox 964 177 1830 227; baseline 0.008 -15"><span class='ocrx_word' id='word_1_513' title='bbox 964 188 1006 211; x_wconf 83' lang='lat' dir='ltr'>ve</span> <span class='ocrx_word' id='word_1_514' title='bbox 1024 179 1063 212; x_wconf 78' lang='lat' dir='ltr'>ad</span> <span class='ocrx_word' id='word_1_515' title='bbox 1074 177 1202 220; x_wconf 79' lang='lat' dir='ltr'>fluvium</span> <span class='ocrx_word' id='word_1_516' title='bbox 1222 178 1397 219; x_wconf 69' lang='lat' dir='ltr'>Navweti&#39;s,</span> <span class='ocrx_word' id='word_1_517' title='bbox 1414 182 1523 215; x_wconf 61' lang='lat' dir='ltr'>ssvcaa&#39;</span> <span class='ocrx_word' id='word_1_518' title='bbox 1538 188 1633 218; x_wconf 65' lang='lat' dir='ltr'>arbem</span> <span class='ocrx_word' id='word_1_519' title='bbox 1645 187 1830 227; x_wconf 66' lang='lat' dir='ltr'>Ntmrzelem,</span> 
     </span>
     <span class='ocr_line' id='line_1_73' title="bbox 963 220 1830 269; baseline 0.008 -16"><span class='ocrx_word' id='word_1_520' title='bbox 963 220 1053 254; x_wconf 86' lang='lat' dir='ltr'>fluvii</span> <span class='ocrx_word' id='word_1_521' title='bbox 1072 222 1157 254; x_wconf 86' lang='lat' dir='ltr'>enim</span> <span class='ocrx_word' id='word_1_522' title='bbox 1174 221 1368 253; x_wconf 85' lang='lat' dir='ltr'>mentionem</span> <span class='ocrx_word' id='word_1_523' title='bbox 1388 223 1449 254; x_wconf 81' lang='lat' dir='ltr'>cli&#39;e</span> <span class='ocrx_word' id='word_1_524' title='bbox 1469 225 1608 263; x_wconf 64' lang='lat' dir='ltr'>iniectam</span> <span class='ocrx_word' id='word_1_525' title='bbox 1620 251 1629 265; x_wconf 93' lang='lat'>,</span> <span class='ocrx_word' id='word_1_526' title='bbox 1648 239 1711 259; x_wconf 85' lang='lat' dir='ltr'>non</span> <span class='ocrx_word' id='word_1_527' title='bbox 1728 238 1761 260; x_wconf 91' lang='lat' dir='ltr'>ut</span> <span class='ocrx_word' id='word_1_528' title='bbox 1777 239 1830 269; x_wconf 80' lang='lat' dir='ltr'>pe-</span> 
     </span>
     <span class='ocr_line' id='line_1_74' title="bbox 963 262 1830 309; baseline 0.006 -13"><span class='ocrx_word' id='word_1_529' title='bbox 963 264 1095 296; x_wconf 87' lang='lat' dir='ltr'>riculum</span> <span class='ocrx_word' id='word_1_530' title='bbox 1106 262 1351 296; x_wconf 73' lang='lat' dir='ltr'>assecuratorum</span> <span class='ocrx_word' id='word_1_531' title='bbox 1372 263 1414 294; x_wconf 90' lang='lat' dir='ltr'>ibi</span> <span class='ocrx_word' id='word_1_532' title='bbox 1431 264 1578 304; x_wconf 72' lang='lat' dir='ltr'>cessaret,</span> <span class='ocrx_word' id='word_1_533' title='bbox 1602 270 1732 309; x_wconf 77' lang='lat' dir='ltr'>sedquia</span> <span class='ocrx_word' id='word_1_534' title='bbox 1741 271 1830 302; x_wconf 82' lang='lat' dir='ltr'>navis</span> 
     </span>
     <span class='ocr_line' id='line_1_75' title="bbox 961 305 1829 349; baseline 0.005 -10"><span class='ocrx_word' id='word_1_535' title='bbox 961 307 1040 339; x_wconf 76' lang='lat' dir='ltr'>ultra</span> <span class='ocrx_word' id='word_1_536' title='bbox 1062 305 1209 346; x_wconf 74' lang='lat' dir='ltr'>navigare</span> <span class='ocrx_word' id='word_1_537' title='bbox 1230 315 1291 337; x_wconf 89' lang='lat' dir='ltr'>non</span> <span class='ocrx_word' id='word_1_538' title='bbox 1308 313 1435 346; x_wconf 79' lang='lat' dir='ltr'>poterat</span> <span class='ocrx_word' id='word_1_539' title='bbox 1457 329 1466 344; x_wconf 85' lang='lat'>,</span> <span class='ocrx_word' id='word_1_540' title='bbox 1502 308 1531 338; x_wconf 63' lang='lat' dir='ltr'>z&amp;</span> <span class='ocrx_word' id='word_1_541' title='bbox 1550 307 1612 346; x_wconf 74' lang='lat' dir='ltr'>ipse</span> <span class='ocrx_word' id='word_1_542' title='bbox 1632 311 1829 349; x_wconf 78' lang='lat' dir='ltr'>l&#39;roxcneta,</span> 
     </span>
     <span class='ocr_line' id='line_1_76' title="bbox 961 345 1828 390; baseline 0.005 -10"><span class='ocrx_word' id='word_1_543' title='bbox 961 348 1013 389; x_wconf 90' lang='lat' dir='ltr'>qui</span> <span class='ocrx_word' id='word_1_544' title='bbox 1029 345 1457 379; x_wconf 73' lang='lat' dir='ltr'>contrahentesinhocfaeto</span> <span class='ocrx_word' id='word_1_545' title='bbox 1474 349 1699 383; x_wconf 71' lang='lat' dir='ltr'>conciliaverat</span> <span class='ocrx_word' id='word_1_546' title='bbox 1711 375 1721 390; x_wconf 83' lang='lat'>,</span> <span class='ocrx_word' id='word_1_547' title='bbox 1737 352 1828 384; x_wconf 75' lang='lat' dir='ltr'>teu-a-</span> 
     </span>
     <span class='ocr_line' id='line_1_77' title="bbox 961 387 1827 432; baseline 0.003 -10"><span class='ocrx_word' id='word_1_548' title='bbox 961 390 1074 428; x_wconf 81' lang='lat' dir='ltr'>batur,</span> <span class='ocrx_word' id='word_1_549' title='bbox 1110 387 1141 420; x_wconf 84' lang='lat' dir='ltr'>se</span> <span class='ocrx_word' id='word_1_550' title='bbox 1171 389 1266 420; x_wconf 87' lang='lat' dir='ltr'>etiam</span> <span class='ocrx_word' id='word_1_551' title='bbox 1291 389 1345 420; x_wconf 84' lang='lat' dir='ltr'>has</span> <span class='ocrx_word' id='word_1_552' title='bbox 1369 398 1466 420; x_wconf 85' lang='lat' dir='ltr'>voces</span> <span class='ocrx_word' id='word_1_553' title='bbox 1485 398 1542 430; x_wconf 88' lang='lat' dir='ltr'>pro</span> <span class='ocrx_word' id='word_1_554' title='bbox 1567 387 1749 432; x_wconf 80' lang='lat' dir='ltr'>synonymis</span> <span class='ocrx_word' id='word_1_555' title='bbox 1777 394 1827 424; x_wconf 74' lang='lat' dir='ltr'>ha-</span> 
     </span>
     <span class='ocr_line' id='line_1_78' title="bbox 960 428 1829 474; baseline 0.002 -11"><span class='ocrx_word' id='word_1_556' title='bbox 960 430 1065 463; x_wconf 66' lang='lat' dir='ltr'>buiss‘e.</span> <span class='ocrx_word' id='word_1_557' title='bbox 1113 428 1201 474; x_wconf 86' lang='lat' dir='ltr'>Quin</span> <span class='ocrx_word' id='word_1_558' title='bbox 1228 432 1257 462; x_wconf 66' lang='grc' dir='ltr'>ὅ(</span> <span class='ocrx_word' id='word_1_559' title='bbox 1282 430 1509 471; x_wconf 80' lang='lat' dir='ltr'>quamplurima</span> <span class='ocrx_word' id='word_1_560' title='bbox 1533 430 1771 471; x_wconf 74' lang='lat' dir='ltr'>profercbzmtur</span> <span class='ocrx_word' id='word_1_561' title='bbox 1797 444 1829 465; x_wconf 85' lang='lat' dir='ltr'>e-</span> 
     </span>
     <span class='ocr_line' id='line_1_79' title="bbox 959 472 1828 513; baseline 0.002 -9"><span class='ocrx_word' id='word_1_562' title='bbox 959 473 1086 513; x_wconf 83' lang='lat' dir='ltr'>xempla</span> <span class='ocrx_word' id='word_1_563' title='bbox 1101 472 1378 509; x_wconf 85' lang='lat' dir='ltr'>asiecurationum,</span> <span class='ocrx_word' id='word_1_564' title='bbox 1405 472 1436 504; x_wconf 89' lang='lat' dir='ltr'>in</span> <span class='ocrx_word' id='word_1_565' title='bbox 1460 472 1588 513; x_wconf 87' lang='lat' dir='ltr'>quibus,</span> <span class='ocrx_word' id='word_1_566' title='bbox 1616 482 1688 504; x_wconf 91' lang='lat' dir='ltr'>cum</span> <span class='ocrx_word' id='word_1_567' title='bbox 1712 483 1828 506; x_wconf 81' lang='lat' dir='ltr'>merces</span> 
     </span>
     <span class='ocr_line' id='line_1_80' title="bbox 958 513 1829 556; baseline 0 -9"><span class='ocrx_word' id='word_1_568' title='bbox 958 515 1055 547; x_wconf 76' lang='lat' dir='ltr'>esiciit</span> <span class='ocrx_word' id='word_1_569' title='bbox 1084 514 1247 556; x_wconf 74' lang='lat' dir='ltr'>portanda:</span> <span class='ocrx_word' id='word_1_570' title='bbox 1276 514 1313 545; x_wconf 89' lang='lat' dir='ltr'>ad</span> <span class='ocrx_word' id='word_1_571' title='bbox 1345 513 1483 553; x_wconf 86' lang='lat' dir='ltr'>Urbem,</span> <span class='ocrx_word' id='word_1_572' title='bbox 1517 522 1579 545; x_wconf 92' lang='lat' dir='ltr'>tam</span> <span class='ocrx_word' id='word_1_573' title='bbox 1598 514 1714 553; x_wconf 88' lang='lat' dir='ltr'>Urbis,</span> <span class='ocrx_word' id='word_1_574' title='bbox 1736 525 1829 555; x_wconf 78' lang='lat' dir='ltr'>quam</span> 
     </span>
     <span class='ocr_line' id='line_1_81' title="bbox 958 555 1828 595; baseline -0.001 -7"><span class='ocrx_word' id='word_1_575' title='bbox 958 557 1046 589; x_wconf 88' lang='lat' dir='ltr'>fluvii</span> <span class='ocrx_word' id='word_1_576' title='bbox 1063 557 1189 588; x_wconf 86' lang='lat' dir='ltr'>nomina</span> <span class='ocrx_word' id='word_1_577' title='bbox 1215 555 1514 595; x_wconf 84' lang='lat' dir='ltr'>reciprocabantur,</span> <span class='ocrx_word' id='word_1_578' title='bbox 1538 564 1596 587; x_wconf 89' lang='lat' dir='ltr'>nec</span> <span class='ocrx_word' id='word_1_579' title='bbox 1615 556 1710 588; x_wconf 84' lang='lat' dir='ltr'>ullum</span> <span class='ocrx_word' id='word_1_580' title='bbox 1729 557 1828 587; x_wconf 82' lang='lat' dir='ltr'>omni-</span> 
     </span>
     <span class='ocr_line' id='line_1_82' title="bbox 958 597 1829 639; baseline -0.002 -9"><span class='ocrx_word' id='word_1_581' title='bbox 958 608 1001 631; x_wconf 89' lang='lat' dir='ltr'>no</span> <span class='ocrx_word' id='word_1_582' title='bbox 1015 597 1154 630; x_wconf 79' lang='lat' dir='ltr'>exstabat</span> <span class='ocrx_word' id='word_1_583' title='bbox 1172 597 1374 638; x_wconf 81' lang='lat' dir='ltr'>exemplum,</span> <span class='ocrx_word' id='word_1_584' title='bbox 1404 597 1490 638; x_wconf 86' lang='lat' dir='ltr'>quod</span> <span class='ocrx_word' id='word_1_585' title='bbox 1513 597 1544 629; x_wconf 89' lang='lat' dir='ltr'>in</span> <span class='ocrx_word' id='word_1_586' title='bbox 1559 598 1662 639; x_wconf 86' lang='lat' dir='ltr'>pretio</span> <span class='ocrx_word' id='word_1_587' title='bbox 1680 597 1829 629; x_wconf 82' lang='lat' dir='ltr'>assecura-</span> 
     </span>
     <span class='ocr_line' id='line_1_83' title="bbox 959 638 1831 680; baseline -0.001 -9"><span class='ocrx_word' id='word_1_588' title='bbox 959 640 1054 672; x_wconf 86' lang='lat' dir='ltr'>tionis</span> <span class='ocrx_word' id='word_1_589' title='bbox 1078 649 1213 680; x_wconf 85' lang='lat' dir='ltr'>unquam</span> <span class='ocrx_word' id='word_1_590' title='bbox 1237 638 1335 670; x_wconf 88' lang='lat' dir='ltr'>fuerit</span> <span class='ocrx_word' id='word_1_591' title='bbox 1360 638 1541 672; x_wconf 70' lang='lat' dir='ltr'>distinctum</span> <span class='ocrx_word' id='word_1_592' title='bbox 1559 641 1639 671; x_wconf 87' lang='lat' dir='ltr'>inter</span> <span class='ocrx_word' id='word_1_593' title='bbox 1656 638 1774 672; x_wconf 85' lang='lat' dir='ltr'>Urbem</span> <span class='ocrx_word' id='word_1_594' title='bbox 1800 640 1831 670; x_wconf 66' lang='grc' dir='ltr'>δε</span> 
     </span>
     <span class='ocr_line' id='line_1_84' title="bbox 958 680 1831 721; baseline -0.003 -8"><span class='ocrx_word' id='word_1_595' title='bbox 958 680 1110 720; x_wconf 80' lang='lat' dir='ltr'>fiuvium,</span> <span class='ocrx_word' id='word_1_596' title='bbox 1135 689 1169 713; x_wconf 89' lang='lat' dir='ltr'>ut</span> <span class='ocrx_word' id='word_1_597' title='bbox 1200 689 1313 720; x_wconf 85' lang='lat' dir='ltr'>nempe</span> <span class='ocrx_word' id='word_1_598' title='bbox 1336 680 1436 721; x_wconf 87' lang='lat' dir='ltr'>majus</span> <span class='ocrx_word' id='word_1_599' title='bbox 1453 680 1550 712; x_wconf 84' lang='lat' dir='ltr'>suerit</span> <span class='ocrx_word' id='word_1_600' title='bbox 1573 681 1732 720; x_wconf 85' lang='lat' dir='ltr'>solutum,</span> <span class='ocrx_word' id='word_1_601' title='bbox 1751 681 1772 714; x_wconf 89' lang='lat' dir='ltr'>si</span> <span class='ocrx_word' id='word_1_602' title='bbox 1793 681 1831 712; x_wconf 81' lang='lat' dir='ltr'>ad</span> 
     </span>
     <span class='ocr_line' id='line_1_85' title="bbox 958 721 1832 761; baseline -0.001 -6"><span class='ocrx_word' id='word_1_603' title='bbox 958 723 1076 755; x_wconf 87' lang='lat' dir='ltr'>Urbem</span> <span class='ocrx_word' id='word_1_604' title='bbox 1089 746 1098 761; x_wconf 86' lang='lat'><strong>‚</strong></span> <span class='ocrx_word' id='word_1_605' title='bbox 1123 723 1243 760; x_wconf 84' lang='lat' dir='ltr'>minus,</span> <span class='ocrx_word' id='word_1_606' title='bbox 1269 721 1290 754; x_wconf 86' lang='lat' dir='ltr'>si</span> <span class='ocrx_word' id='word_1_607' title='bbox 1308 722 1347 753; x_wconf 86' lang='lat' dir='ltr'>ad</span> <span class='ocrx_word' id='word_1_608' title='bbox 1359 721 1492 754; x_wconf 83' lang='lat' dir='ltr'>fluvium</span> <span class='ocrx_word' id='word_1_609' title='bbox 1510 722 1664 755; x_wconf 82' lang='lat' dir='ltr'>duntaxat</span> <span class='ocrx_word' id='word_1_610' title='bbox 1681 723 1832 756; x_wconf 80' lang='lat' dir='ltr'>assecura-</span> 
     </span>
     <span class='ocr_line' id='line_1_86' title="bbox 960 763 1829 806; baseline 0 -10"><span class='ocrx_word' id='word_1_611' title='bbox 960 772 1027 796; x_wconf 91' lang='lat' dir='ltr'>tum</span> <span class='ocrx_word' id='word_1_612' title='bbox 1043 763 1127 796; x_wconf 78' lang='lat' dir='ltr'>csi&#39;et.</span> <span class='ocrx_word' id='word_1_613' title='bbox 1154 763 1253 796; x_wconf 76' lang='lat' dir='ltr'>Erant</span> <span class='ocrx_word' id='word_1_614' title='bbox 1270 764 1300 794; x_wconf 65' lang='grc' dir='ltr'>ἃ</span> <span class='ocrx_word' id='word_1_615' title='bbox 1319 764 1504 802; x_wconf 80' lang='lat' dir='ltr'>Senatores,</span> <span class='ocrx_word' id='word_1_616' title='bbox 1528 765 1579 806; x_wconf 89' lang='lat' dir='ltr'>qui</span> <span class='ocrx_word' id='word_1_617' title='bbox 1594 765 1633 796; x_wconf 91' lang='lat' dir='ltr'>de</span> <span class='ocrx_word' id='word_1_618' title='bbox 1650 765 1725 797; x_wconf 90' lang='lat' dir='ltr'>urbe</span> <span class='ocrx_word' id='word_1_619' title='bbox 1741 763 1829 796; x_wconf 83' lang='lat' dir='ltr'>Nan-</span> 
     </span>
     <span class='ocr_line' id='line_1_87' title="bbox 957 804 1830 847; baseline 0 -9"><span class='ocrx_word' id='word_1_620' title='bbox 957 814 1029 838; x_wconf 86' lang='lat' dir='ltr'>nete</span> <span class='ocrx_word' id='word_1_621' title='bbox 1048 806 1224 847; x_wconf 78' lang='lat' dir='ltr'>cogitatum</span> <span class='ocrx_word' id='word_1_622' title='bbox 1239 804 1311 836; x_wconf 84' lang='lat' dir='ltr'>inde</span> <span class='ocrx_word' id='word_1_623' title='bbox 1327 805 1506 837; x_wconf 78' lang='lat' dir='ltr'>efficiebant</span> <span class='ocrx_word' id='word_1_624' title='bbox 1520 828 1531 844; x_wconf 90' lang='lat'>,</span> <span class='ocrx_word' id='word_1_625' title='bbox 1546 806 1629 847; x_wconf 83' lang='lat' dir='ltr'>quod</span> <span class='ocrx_word' id='word_1_626' title='bbox 1641 805 1731 838; x_wconf 79' lang='lat' dir='ltr'>fluvii</span> <span class='ocrx_word' id='word_1_627' title='bbox 1745 804 1830 838; x_wconf 83' lang='lat' dir='ltr'>Nan-</span> 
     </span>
     <span class='ocr_line' id='line_1_88' title="bbox 957 845 1829 890; baseline 0.001 -11"><span class='ocrx_word' id='word_1_628' title='bbox 957 848 1039 879; x_wconf 85' lang='lat' dir='ltr'>netis</span> <span class='ocrx_word' id='word_1_629' title='bbox 1062 846 1143 878; x_wconf 74' lang='lat' dir='ltr'>faeta</span> <span class='ocrx_word' id='word_1_630' title='bbox 1171 845 1270 878; x_wconf 86' lang='lat' dir='ltr'>fuerit</span> <span class='ocrx_word' id='word_1_631' title='bbox 1293 847 1415 878; x_wconf 88' lang='lat' dir='ltr'>mentio</span> <span class='ocrx_word' id='word_1_632' title='bbox 1431 871 1441 886; x_wconf 96' lang='lat'>,</span> <span class='ocrx_word' id='word_1_633' title='bbox 1472 856 1536 879; x_wconf 85' lang='lat' dir='ltr'>nou</span> <span class='ocrx_word' id='word_1_634' title='bbox 1561 847 1648 880; x_wconf 70' lang='lat' dir='ltr'>fluvii</span> <span class='ocrx_word' id='word_1_635' title='bbox 1679 847 1801 890; x_wconf 81' lang='lat' dir='ltr'>Ligeris</span> <span class='ocrx_word' id='word_1_636' title='bbox 1818 869 1829 885; x_wconf 69' lang='lat'><em>2</em></span> 
     </span>
     <span class='ocr_line' id='line_1_89' title="bbox 957 887 1830 931; baseline -0.001 -11"><span class='ocrx_word' id='word_1_637' title='bbox 957 888 1220 930; x_wconf 82' lang='lat' dir='ltr'>quemadmodum</span> <span class='ocrx_word' id='word_1_638' title='bbox 1235 887 1290 919; x_wconf 84' lang='lat' dir='ltr'>ilie</span> <span class='ocrx_word' id='word_1_639' title='bbox 1308 887 1444 928; x_wconf 73' lang='lat' dir='ltr'>fluvius,</span> <span class='ocrx_word' id='word_1_640' title='bbox 1468 898 1528 930; x_wconf 77' lang='lat' dir='ltr'>qua</span> <span class='ocrx_word' id='word_1_641' title='bbox 1546 889 1607 920; x_wconf 74' lang='lat' dir='ltr'>late</span> <span class='ocrx_word' id='word_1_642' title='bbox 1630 897 1736 930; x_wconf 83' lang='lat' dir='ltr'>patet,</span> <span class='ocrx_word' id='word_1_643' title='bbox 1760 898 1830 931; x_wconf 85' lang='lat' dir='ltr'>pro-</span> 
     </span>
     <span class='ocr_line' id='line_1_90' title="bbox 958 928 1831 971; baseline -0.001 -9"><span class='ocrx_word' id='word_1_644' title='bbox 958 931 1023 971; x_wconf 82' lang='lat' dir='ltr'>prie</span> <span class='ocrx_word' id='word_1_645' title='bbox 1053 930 1246 971; x_wconf 76' lang='lat' dir='ltr'>appellatur.</span> <span class='ocrx_word' id='word_1_646' title='bbox 1268 928 1319 960; x_wconf 84' lang='lat' dir='ltr'>scd</span> <span class='ocrx_word' id='word_1_647' title='bbox 1340 939 1375 960; x_wconf 80' lang='lat' dir='ltr'>ca</span> <span class='ocrx_word' id='word_1_648' title='bbox 1398 931 1479 961; x_wconf 88' lang='lat' dir='ltr'>ratio</span> <span class='ocrx_word' id='word_1_649' title='bbox 1506 940 1557 962; x_wconf 77' lang='lat' dir='ltr'>me</span> <span class='ocrx_word' id='word_1_650' title='bbox 1581 940 1644 962; x_wconf 88' lang='lat' dir='ltr'>non</span> <span class='ocrx_word' id='word_1_651' title='bbox 1670 931 1831 968; x_wconf 78' lang='lat' dir='ltr'>moverit,</span> 
     </span>
     <span class='ocr_line' id='line_1_91' title="bbox 959 970 1829 1013; baseline 0 -11"><span class='ocrx_word' id='word_1_652' title='bbox 959 981 1054 1013; x_wconf 86' lang='lat' dir='ltr'>quum</span> <span class='ocrx_word' id='word_1_653' title='bbox 1070 972 1124 1003; x_wconf 83' lang='lat' dir='ltr'>illa</span> <span class='ocrx_word' id='word_1_654' title='bbox 1141 980 1212 1012; x_wconf 87' lang='lat' dir='ltr'>pars</span> <span class='ocrx_word' id='word_1_655' title='bbox 1229 970 1338 1009; x_wconf 83' lang='lat' dir='ltr'>fluvii,</span> <span class='ocrx_word' id='word_1_656' title='bbox 1363 979 1432 1011; x_wconf 80' lang='lat' dir='ltr'>qua:</span> <span class='ocrx_word' id='word_1_657' title='bbox 1451 971 1570 1004; x_wconf 86' lang='lat' dir='ltr'>Urbem</span> <span class='ocrx_word' id='word_1_658' title='bbox 1587 973 1709 1012; x_wconf 77' lang='lat' dir='ltr'>adluit,</span> <span class='ocrx_word' id='word_1_659' title='bbox 1731 973 1829 1013; x_wconf 72' lang='lat' dir='ltr'>vulgo</span> 
     </span>
     <span class='ocr_line' id='line_1_92' title="bbox 959 1012 1829 1055; baseline 0.001 -12"><span class='ocrx_word' id='word_1_660' title='bbox 959 1013 1055 1044; x_wconf 88' lang='lat' dir='ltr'>etiam</span> <span class='ocrx_word' id='word_1_661' title='bbox 1078 1013 1203 1045; x_wconf 86' lang='lat' dir='ltr'>dicatur</span> <span class='ocrx_word' id='word_1_662' title='bbox 1229 1012 1344 1044; x_wconf 87' lang='lat' dir='ltr'>fluvius</span> <span class='ocrx_word' id='word_1_663' title='bbox 1373 1012 1536 1046; x_wconf 86' lang='lat' dir='ltr'>Nannetis.</span> <span class='ocrx_word' id='word_1_664' title='bbox 1583 1014 1690 1055; x_wconf 73' lang='lat' dir='ltr'>Magis</span> <span class='ocrx_word' id='word_1_665' title='bbox 1719 1023 1829 1046; x_wconf 48' lang='lat' dir='ltr'>move-¹</span> 
     </span>
     <span class='ocr_line' id='line_1_93' title="bbox 958 1053 1830 1095; baseline 0.002 -10"><span class='ocrx_word' id='word_1_666' title='bbox 958 1054 1011 1085; x_wconf 88' lang='lat' dir='ltr'>bat</span> <span class='ocrx_word' id='word_1_667' title='bbox 1028 1076 1038 1091; x_wconf 83' lang='lat'>‚</span> <span class='ocrx_word' id='word_1_668' title='bbox 1067 1054 1151 1094; x_wconf 90' lang='lat' dir='ltr'>quod</span> <span class='ocrx_word' id='word_1_669' title='bbox 1173 1053 1328 1086; x_wconf 85' lang='lat' dir='ltr'>mercibus</span> <span class='ocrx_word' id='word_1_670' title='bbox 1353 1054 1531 1088; x_wconf 78' lang='lat' dir='ltr'>affeetu-atis</span> <span class='ocrx_word' id='word_1_671' title='bbox 1548 1079 1557 1095; x_wconf 85' lang='lat'>,</span> <span class='ocrx_word' id='word_1_672' title='bbox 1584 1055 1830 1088; x_wconf 70' lang='lat' dir='ltr'>ass‘ccuratorum</span> 
     </span>
     <span class='ocr_line' id='line_1_94' title="bbox 956 1094 1828 1136; baseline 0.003 -10"><span class='ocrx_word' id='word_1_673' title='bbox 956 1095 1134 1136; x_wconf 85' lang='lat' dir='ltr'>periculum</span> <span class='ocrx_word' id='word_1_674' title='bbox 1151 1094 1272 1135; x_wconf 82' lang='lat' dir='ltr'>semper</span> <span class='ocrx_word' id='word_1_675' title='bbox 1288 1094 1397 1135; x_wconf 88' lang='lat' dir='ltr'>duret,</span> <span class='ocrx_word' id='word_1_676' title='bbox 1423 1106 1520 1136; x_wconf 88' lang='lat' dir='ltr'>usque</span> <span class='ocrx_word' id='word_1_677' title='bbox 1545 1097 1618 1129; x_wconf 83' lang='lat' dir='ltr'>dum</span> <span class='ocrx_word' id='word_1_678' title='bbox 1635 1096 1754 1130; x_wconf 88' lang='lat' dir='ltr'>fuerint</span> <span class='ocrx_word' id='word_1_679' title='bbox 1773 1106 1828 1129; x_wconf 83' lang='lat' dir='ltr'>ex-</span> 
     </span>
     <span class='ocr_line' id='line_1_95' title="bbox 957 1135 1830 1178; baseline 0.005 -11"><span class='ocrx_word' id='word_1_680' title='bbox 957 1135 1067 1178; x_wconf 85' lang='lat' dir='ltr'>positae</span> <span class='ocrx_word' id='word_1_681' title='bbox 1093 1137 1125 1168; x_wconf 91' lang='lat' dir='ltr'>in</span> <span class='ocrx_word' id='word_1_682' title='bbox 1147 1136 1266 1168; x_wconf 86' lang='lat' dir='ltr'>Urbem</span> <span class='ocrx_word' id='word_1_683' title='bbox 1283 1159 1293 1174; x_wconf 90' lang='lat'>‚</span> <span class='ocrx_word' id='word_1_684' title='bbox 1325 1136 1363 1168; x_wconf 87' lang='lat' dir='ltr'>ad</span> <span class='ocrx_word' id='word_1_685' title='bbox 1393 1146 1485 1177; x_wconf 86' lang='lat' dir='ltr'>quam</span> <span class='ocrx_word' id='word_1_686' title='bbox 1509 1137 1744 1171; x_wconf 82' lang='lat' dir='ltr'>destinabantur</span> <span class='ocrx_word' id='word_1_687' title='bbox 1762 1161 1772 1178; x_wconf 91' lang='lat'>‚</span> <span class='ocrx_word' id='word_1_688' title='bbox 1798 1139 1830 1170; x_wconf 84' lang='lat'>&amp;</span> 
     </span>
     <span class='ocr_line' id='line_1_96' title="bbox 957 1177 1830 1221; baseline 0.003 -12"><span class='ocrx_word' id='word_1_689' title='bbox 957 1178 1066 1219; x_wconf 86' lang='lat' dir='ltr'>quidni</span> <span class='ocrx_word' id='word_1_690' title='bbox 1083 1178 1134 1209; x_wconf 87' lang='lat' dir='ltr'>hic</span> <span class='ocrx_word' id='word_1_691' title='bbox 1150 1177 1301 1210; x_wconf 79' lang='lat' dir='ltr'>duraret?</span> <span class='ocrx_word' id='word_1_692' title='bbox 1323 1178 1354 1209; x_wconf 85' lang='lat' dir='ltr'>in</span> <span class='ocrx_word' id='word_1_693' title='bbox 1379 1177 1481 1210; x_wconf 85' lang='lat' dir='ltr'>fluvio</span> <span class='ocrx_word' id='word_1_694' title='bbox 1501 1179 1608 1221; x_wconf 88' lang='lat' dir='ltr'>utique</span> <span class='ocrx_word' id='word_1_695' title='bbox 1625 1180 1740 1220; x_wconf 83' lang='lat' dir='ltr'>exponi</span> <span class='ocrx_word' id='word_1_696' title='bbox 1763 1189 1830 1212; x_wconf 75' lang='lat' dir='ltr'>non</span> 
     </span>
     <span class='ocr_line' id='line_1_97' title="bbox 958 1218 1829 1261; baseline 0.002 -11"><span class='ocrx_word' id='word_1_697' title='bbox 958 1227 1116 1260; x_wconf 81' lang='lat' dir='ltr'>poterant.</span> <span class='ocrx_word' id='word_1_698' title='bbox 1162 1218 1277 1260; x_wconf 85' lang='lat' dir='ltr'>Neque</span> <span class='ocrx_word' id='word_1_699' title='bbox 1300 1220 1396 1251; x_wconf 86' lang='lat' dir='ltr'>etiam</span> <span class='ocrx_word' id='word_1_700' title='bbox 1412 1219 1611 1261; x_wconf 81' lang='lat' dir='ltr'>fingebatur,</span> <span class='ocrx_word' id='word_1_701' title='bbox 1633 1230 1751 1254; x_wconf 87' lang='lat' dir='ltr'>merces</span> <span class='ocrx_word' id='word_1_702' title='bbox 1765 1221 1829 1253; x_wconf 86' lang='lat' dir='ltr'>alio</span> 
     </span>
     <span class='ocr_line' id='line_1_98' title="bbox 958 1260 1828 1303; baseline 0.001 -10"><span class='ocrx_word' id='word_1_703' title='bbox 958 1260 1050 1293; x_wconf 76' lang='lat' dir='ltr'>fuiss&#39;e</span> <span class='ocrx_word' id='word_1_704' title='bbox 1066 1260 1251 1299; x_wconf 83' lang='lat' dir='ltr'>destinatas,</span> <span class='ocrx_word' id='word_1_705' title='bbox 1274 1268 1309 1291; x_wconf 89' lang='lat' dir='ltr'>ut</span> <span class='ocrx_word' id='word_1_706' title='bbox 1331 1260 1372 1292; x_wconf 90' lang='lat' dir='ltr'>sic</span> <span class='ocrx_word' id='word_1_707' title='bbox 1395 1261 1432 1292; x_wconf 83' lang='lat' dir='ltr'>de</span> <span class='ocrx_word' id='word_1_708' title='bbox 1461 1269 1556 1303; x_wconf 88' lang='lat' dir='ltr'>portu</span> <span class='ocrx_word' id='word_1_709' title='bbox 1580 1262 1617 1293; x_wconf 87' lang='lat' dir='ltr'>ad</span> <span class='ocrx_word' id='word_1_710' title='bbox 1632 1270 1757 1303; x_wconf 91' lang='lat' dir='ltr'>portum</span> <span class='ocrx_word' id='word_1_711' title='bbox 1779 1262 1828 1294; x_wconf 88' lang='lat' dir='ltr'>so-</span> 
     </span>
     <span class='ocr_line' id='line_1_99' title="bbox 958 1301 1829 1345; baseline 0.002 -12"><span class='ocrx_word' id='word_1_712' title='bbox 958 1303 1122 1334; x_wconf 84' lang='lat' dir='ltr'>lummodo</span> <span class='ocrx_word' id='word_1_713' title='bbox 1139 1302 1246 1334; x_wconf 68' lang='lat' dir='ltr'>fuisset</span> <span class='ocrx_word' id='word_1_714' title='bbox 1266 1301 1492 1342; x_wconf 78' lang='lat' dir='ltr'>assecuratum,</span> <span class='ocrx_word' id='word_1_715' title='bbox 1515 1312 1586 1335; x_wconf 86' lang='lat' dir='ltr'>nam</span> <span class='ocrx_word' id='word_1_716' title='bbox 1611 1304 1642 1335; x_wconf 88' lang='lat' dir='ltr'>in</span> <span class='ocrx_word' id='word_1_717' title='bbox 1661 1303 1725 1345; x_wconf 84' lang='lat' dir='ltr'>ipsa</span> <span class='ocrx_word' id='word_1_718' title='bbox 1742 1303 1829 1336; x_wconf 87' lang='lat' dir='ltr'>Urbe</span> 
     </span>
     <span class='ocr_line' id='line_1_100' title="bbox 958 1343 1832 1384; baseline 0.002 -9"><span class='ocrx_word' id='word_1_719' title='bbox 958 1343 1019 1375; x_wconf 84' lang='lat' dir='ltr'>csi&#39;e</span> <span class='ocrx_word' id='word_1_720' title='bbox 1045 1344 1256 1376; x_wconf 82' lang='lat' dir='ltr'>exonerandas</span> <span class='ocrx_word' id='word_1_721' title='bbox 1283 1345 1367 1375; x_wconf 86' lang='lat' dir='ltr'>inter</span> <span class='ocrx_word' id='word_1_722' title='bbox 1392 1352 1513 1383; x_wconf 86' lang='lat' dir='ltr'>partes,</span> <span class='ocrx_word' id='word_1_723' title='bbox 1537 1353 1572 1377; x_wconf 92' lang='lat' dir='ltr'>ut</span> <span class='ocrx_word' id='word_1_724' title='bbox 1594 1345 1684 1384; x_wconf 79' lang='lat' dir='ltr'>dixi,</span> <span class='ocrx_word' id='word_1_725' title='bbox 1709 1345 1832 1377; x_wconf 80' lang='lat' dir='ltr'>consta-</span> 
     </span>
     <span class='ocr_line' id='line_1_101' title="bbox 957 1384 1830 1419; baseline 0.002 -3"><span class='ocrx_word' id='word_1_726' title='bbox 957 1385 1021 1418; x_wconf 82' lang='lat' dir='ltr'>bat.</span> <span class='ocrx_word' id='word_1_727' title='bbox 1067 1385 1102 1418; x_wconf 87' lang='lat' dir='ltr'>In</span> <span class='ocrx_word' id='word_1_728' title='bbox 1119 1386 1178 1417; x_wconf 82' lang='lat' dir='ltr'>hac</span> <span class='ocrx_word' id='word_1_729' title='bbox 1194 1385 1252 1417; x_wconf 86' lang='lat' dir='ltr'>lite</span> <span class='ocrx_word' id='word_1_730' title='bbox 1274 1385 1370 1416; x_wconf 85' lang='lat' dir='ltr'>etiam</span> <span class='ocrx_word' id='word_1_731' title='bbox 1389 1384 1607 1418; x_wconf 71' lang='lat' dir='ltr'>adferebantur</span> <span class='ocrx_word' id='word_1_732' title='bbox 1625 1387 1724 1419; x_wconf 87' lang='lat' dir='ltr'>multa</span> <span class='ocrx_word' id='word_1_733' title='bbox 1741 1387 1830 1419; x_wconf 89' lang='lat' dir='ltr'>Mer-</span> 
     </span>
     <span class='ocr_line' id='line_1_102' title="bbox 958 1426 1829 1469; baseline -0.001 -9"><span class='ocrx_word' id='word_1_734' title='bbox 958 1436 1103 1460; x_wconf 85' lang='lat' dir='ltr'>catorum</span> <span class='ocrx_word' id='word_1_735' title='bbox 1133 1426 1327 1466; x_wconf 79' lang='lat' dir='ltr'>testimonia,</span> <span class='ocrx_word' id='word_1_736' title='bbox 1352 1436 1485 1468; x_wconf 87' lang='lat' dir='ltr'>quorum</span> <span class='ocrx_word' id='word_1_737' title='bbox 1512 1428 1656 1461; x_wconf 79' lang='lat' dir='ltr'>nonnulli</span> <span class='ocrx_word' id='word_1_738' title='bbox 1676 1437 1734 1469; x_wconf 90' lang='lat' dir='ltr'>pro</span> <span class='ocrx_word' id='word_1_739' title='bbox 1753 1428 1829 1460; x_wconf 80' lang='lat' dir='ltr'>asse-</span> 
     </span>
     <span class='ocr_line' id='line_1_103' title="bbox 958 1468 1831 1511; baseline 0.002 -11"><span class='ocrx_word' id='word_1_740' title='bbox 958 1469 1155 1501; x_wconf 83' lang='lat' dir='ltr'>curatoribus</span> <span class='ocrx_word' id='word_1_741' title='bbox 1174 1493 1184 1509; x_wconf 97' lang='lat'>,</span> <span class='ocrx_word' id='word_1_742' title='bbox 1209 1468 1355 1501; x_wconf 83' lang='lat' dir='ltr'>nonnulli</span> <span class='ocrx_word' id='word_1_743' title='bbox 1383 1478 1442 1510; x_wconf 90' lang='lat' dir='ltr'>pro</span> <span class='ocrx_word' id='word_1_744' title='bbox 1464 1469 1638 1501; x_wconf 79' lang='lat' dir='ltr'>ass&#39;ecurato</span> <span class='ocrx_word' id='word_1_745' title='bbox 1663 1469 1831 1511; x_wconf 54' lang='lat' dir='ltr'>respond&amp;</span> 
     </span>
     <span class='ocr_line' id='line_1_104' title="bbox 957 1509 1832 1553; baseline 0.003 -12"><span class='ocrx_word' id='word_1_746' title='bbox 957 1511 1050 1548; x_wconf 84' lang='lat' dir='ltr'>bant,</span> <span class='ocrx_word' id='word_1_747' title='bbox 1077 1509 1128 1542; x_wconf 90' lang='lat' dir='ltr'>sed</span> <span class='ocrx_word' id='word_1_748' title='bbox 1144 1520 1240 1553; x_wconf 86' lang='lat' dir='ltr'>quum</span> <span class='ocrx_word' id='word_1_749' title='bbox 1261 1511 1326 1551; x_wconf 87' lang='lat' dir='ltr'>pari</span> <span class='ocrx_word' id='word_1_750' title='bbox 1351 1509 1420 1542; x_wconf 87' lang='lat' dir='ltr'>fere</span> <span class='ocrx_word' id='word_1_751' title='bbox 1431 1515 1571 1543; x_wconf 67' lang='lat' dir='ltr'>‘numero</span> <span class='ocrx_word' id='word_1_752' title='bbox 1596 1511 1832 1553; x_wconf 83' lang='lat' dir='ltr'>discreparent,</span> 
     </span>
     <span class='ocr_line' id='line_1_105' title="bbox 959 1550 1831 1596; baseline 0.002 -13"><span class='ocrx_word' id='word_1_753' title='bbox 959 1553 987 1583; x_wconf 71' lang='grc' dir='ltr'>ἃ</span> <span class='ocrx_word' id='word_1_754' title='bbox 1008 1552 1141 1594; x_wconf 87' lang='lat' dir='ltr'>speeiem</span> <span class='ocrx_word' id='word_1_755' title='bbox 1156 1553 1232 1585; x_wconf 62' lang='lat' dir='ltr'>faeti</span> <span class='ocrx_word' id='word_1_756' title='bbox 1251 1561 1315 1584; x_wconf 92' lang='lat' dir='ltr'>non</span> <span class='ocrx_word' id='word_1_757' title='bbox 1341 1550 1415 1584; x_wconf 80' lang='lat' dir='ltr'>satis</span> <span class='ocrx_word' id='word_1_758' title='bbox 1430 1562 1577 1585; x_wconf 81' lang='lat' dir='ltr'>accurate</span> <span class='ocrx_word' id='word_1_759' title='bbox 1598 1553 1831 1596; x_wconf 78' lang='lat' dir='ltr'>expreffiffent,</span> 
     </span>
     <span class='ocr_line' id='line_1_106' title="bbox 957 1593 1687 1636; baseline 0.003 -11"><span class='ocrx_word' id='word_1_760' title='bbox 957 1603 992 1624; x_wconf 83' lang='lat' dir='ltr'>ea</span> <span class='ocrx_word' id='word_1_761' title='bbox 1007 1594 1113 1626; x_wconf 80' lang='lat' dir='ltr'>onmia</span> <span class='ocrx_word' id='word_1_762' title='bbox 1127 1593 1312 1636; x_wconf 77' lang='lat' dir='ltr'>negligenda</span> <span class='ocrx_word' id='word_1_763' title='bbox 1331 1593 1391 1626; x_wconf 82' lang='lat' dir='ltr'>effe</span> <span class='ocrx_word' id='word_1_764' title='bbox 1406 1594 1539 1627; x_wconf 81' lang='lat' dir='ltr'>Senatus</span> <span class='ocrx_word' id='word_1_765' title='bbox 1554 1594 1687 1628; x_wconf 86' lang='lat' dir='ltr'>censuit.</span> 
     </span>
    </p>

    <p class='ocr_par' dir='ltr' id='par_1_10' title="bbox 945 1635 1857 2832">
     <span class='ocr_line' id='line_1_107' title="bbox 999 1635 1829 1679; baseline 0.005 -13"><span class='ocrx_word' id='word_1_766' title='bbox 999 1635 1104 1677; x_wconf 83' lang='lat' dir='ltr'>Atque</span> <span class='ocrx_word' id='word_1_767' title='bbox 1122 1636 1164 1668; x_wconf 90' lang='lat' dir='ltr'>ita</span> <span class='ocrx_word' id='word_1_768' title='bbox 1186 1637 1217 1668; x_wconf 91' lang='lat' dir='ltr'>in</span> <span class='ocrx_word' id='word_1_769' title='bbox 1238 1645 1401 1678; x_wconf 83' lang='lat' dir='ltr'>utramque</span> <span class='ocrx_word' id='word_1_770' title='bbox 1417 1645 1540 1677; x_wconf 88' lang='lat' dir='ltr'>partem</span> <span class='ocrx_word' id='word_1_771' title='bbox 1558 1637 1750 1679; x_wconf 85' lang='lat' dir='ltr'>disputatum</span> <span class='ocrx_word' id='word_1_772' title='bbox 1766 1637 1829 1678; x_wconf 90' lang='lat' dir='ltr'>est,</span> 
     </span>
     <span class='ocr_line' id='line_1_108' title="bbox 956 1677 1830 1722; baseline 0.002 -13"><span class='ocrx_word' id='word_1_773' title='bbox 956 1687 1021 1709; x_wconf 93' lang='lat' dir='ltr'>non</span> <span class='ocrx_word' id='word_1_774' title='bbox 1037 1677 1143 1709; x_wconf 82' lang='lat' dir='ltr'>habita</span> <span class='ocrx_word' id='word_1_775' title='bbox 1167 1678 1291 1710; x_wconf 82' lang='lat' dir='ltr'>ratione</span> <span class='ocrx_word' id='word_1_776' title='bbox 1316 1678 1419 1718; x_wconf 87' lang='lat' dir='ltr'>illius,</span> <span class='ocrx_word' id='word_1_777' title='bbox 1443 1688 1535 1722; x_wconf 87' lang='lat' dir='ltr'>quam</span> <span class='ocrx_word' id='word_1_778' title='bbox 1557 1679 1646 1719; x_wconf 83' lang='lat' dir='ltr'>dixi,</span> <span class='ocrx_word' id='word_1_779' title='bbox 1665 1679 1830 1720; x_wconf 88' lang='lat' dir='ltr'>professio-</span> 
     </span>
     <span class='ocr_line' id='line_1_109' title="bbox 956 1719 1829 1761; baseline 0.003 -10"><span class='ocrx_word' id='word_1_780' title='bbox 956 1719 1027 1759; x_wconf 82' lang='lat' dir='ltr'>nis,</span> <span class='ocrx_word' id='word_1_781' title='bbox 1053 1720 1134 1761; x_wconf 81' lang='lat' dir='ltr'>apud</span> <span class='ocrx_word' id='word_1_782' title='bbox 1163 1720 1312 1752; x_wconf 86' lang='lat' dir='ltr'>Senatum</span> <span class='ocrx_word' id='word_1_783' title='bbox 1336 1719 1452 1760; x_wconf 67' lang='lat' dir='ltr'>faetae,</span> <span class='ocrx_word' id='word_1_784' title='bbox 1479 1720 1530 1752; x_wconf 85' lang='lat' dir='ltr'>sed</span> <span class='ocrx_word' id='word_1_785' title='bbox 1552 1730 1593 1753; x_wconf 87' lang='lat' dir='ltr'>ex</span> <span class='ocrx_word' id='word_1_786' title='bbox 1619 1730 1655 1752; x_wconf 91' lang='lat' dir='ltr'>ea</span> <span class='ocrx_word' id='word_1_787' title='bbox 1683 1721 1829 1754; x_wconf 88' lang='lat' dir='ltr'>omnibus</span> 
     </span>
     <span class='ocr_line' id='line_1_110' title="bbox 957 1761 1830 1803; baseline 0.002 -10"><span class='ocrx_word' id='word_1_788' title='bbox 957 1762 1161 1795; x_wconf 86' lang='lat' dir='ltr'>Senatoribus</span> <span class='ocrx_word' id='word_1_789' title='bbox 1173 1761 1349 1803; x_wconf 83' lang='lat' dir='ltr'>persuasum</span> <span class='ocrx_word' id='word_1_790' title='bbox 1365 1761 1430 1801; x_wconf 83' lang='lat' dir='ltr'>est,</span> <span class='ocrx_word' id='word_1_791' title='bbox 1455 1762 1680 1795; x_wconf 83' lang='lat' dir='ltr'>assecuratores</span> <span class='ocrx_word' id='word_1_792' title='bbox 1695 1764 1727 1795; x_wconf 87' lang='lat' dir='ltr'>in</span> <span class='ocrx_word' id='word_1_793' title='bbox 1748 1764 1830 1795; x_wconf 82' lang='lat' dir='ltr'>mala</span> 
     </span>
     <span class='ocr_line' id='line_1_111' title="bbox 956 1802 1829 1845; baseline 0.003 -12"><span class='ocrx_word' id='word_1_794' title='bbox 956 1802 1018 1834; x_wconf 81' lang='lat' dir='ltr'>fide</span> <span class='ocrx_word' id='word_1_795' title='bbox 1033 1802 1168 1842; x_wconf 85' lang='lat' dir='ltr'>versari,</span> <span class='ocrx_word' id='word_1_796' title='bbox 1190 1810 1337 1845; x_wconf 85' lang='lat' dir='ltr'>poterant</span> <span class='ocrx_word' id='word_1_797' title='bbox 1352 1804 1438 1836; x_wconf 90' lang='lat' dir='ltr'>enim</span> <span class='ocrx_word' id='word_1_798' title='bbox 1457 1804 1668 1837; x_wconf 74' lang='lat' dir='ltr'>adversarium</span> <span class='ocrx_word' id='word_1_799' title='bbox 1686 1805 1829 1844; x_wconf 88' lang='lat' dir='ltr'>vincere,</span> 
     </span>
     <span class='ocr_line' id='line_1_112' title="bbox 956 1844 1840 1888; baseline 0.003 -11"><span class='ocrx_word' id='word_1_800' title='bbox 956 1844 976 1877; x_wconf 86' lang='lat' dir='ltr'>fi</span> <span class='ocrx_word' id='word_1_801' title='bbox 994 1844 1183 1878; x_wconf 79' lang='lat' dir='ltr'>exhiberent</span> <span class='ocrx_word' id='word_1_802' title='bbox 1205 1845 1303 1877; x_wconf 82' lang='lat' dir='ltr'>libros</span> <span class='ocrx_word' id='word_1_803' title='bbox 1324 1844 1416 1884; x_wconf 83' lang='lat' dir='ltr'>suos,</span> <span class='ocrx_word' id='word_1_804' title='bbox 1438 1846 1459 1879; x_wconf 89' lang='lat' dir='ltr'>si</span> <span class='ocrx_word' id='word_1_805' title='bbox 1485 1847 1559 1887; x_wconf 88' lang='lat' dir='ltr'>quid</span> <span class='ocrx_word' id='word_1_806' title='bbox 1576 1847 1669 1878; x_wconf 77' lang='lat' dir='ltr'>iubis</span> <span class='ocrx_word' id='word_1_807' title='bbox 1685 1855 1744 1888; x_wconf 83' lang='lat' dir='ltr'>pro</span> <span class='ocrx_word' id='word_1_808' title='bbox 1762 1845 1840 1880; x_wconf 86' lang='lat' dir='ltr'>sen-·</span> 
     </span>
     <span class='ocr_line' id='line_1_113' title="bbox 957 1885 1830 1929; baseline 0.003 -12"><span class='ocrx_word' id='word_1_809' title='bbox 957 1886 1056 1917; x_wconf 84' lang='lat' dir='ltr'>tentia</span> <span class='ocrx_word' id='word_1_810' title='bbox 1079 1885 1132 1918; x_wconf 84' lang='lat' dir='ltr'>sua</span> <span class='ocrx_word' id='word_1_811' title='bbox 1148 1887 1323 1925; x_wconf 73' lang='lat' dir='ltr'>notassent,</span> <span class='ocrx_word' id='word_1_812' title='bbox 1349 1888 1400 1919; x_wconf 91' lang='lat' dir='ltr'>vel</span> <span class='ocrx_word' id='word_1_813' title='bbox 1421 1887 1443 1920; x_wconf 86' lang='lat' dir='ltr'>si</span> <span class='ocrx_word' id='word_1_814' title='bbox 1462 1896 1622 1927; x_wconf 89' lang='lat' dir='ltr'>mentem,</span> <span class='ocrx_word' id='word_1_815' title='bbox 1646 1897 1738 1929; x_wconf 78' lang='lat' dir='ltr'>quam</span> <span class='ocrx_word' id='word_1_816' title='bbox 1761 1897 1830 1929; x_wconf 81' lang='lat' dir='ltr'>prae</span> 
     </span>
     <span class='ocr_line' id='line_1_114' title="bbox 957 1926 1830 1971; baseline 0.005 -13"><span class='ocrx_word' id='word_1_817' title='bbox 957 1926 988 1959; x_wconf 91' lang='lat' dir='ltr'>sc</span> <span class='ocrx_word' id='word_1_818' title='bbox 1003 1927 1165 1968; x_wconf 83' lang='lat' dir='ltr'>ferebant,</span> <span class='ocrx_word' id='word_1_819' title='bbox 1181 1928 1380 1969; x_wconf 76' lang='lat' dir='ltr'>jurejurando</span> <span class='ocrx_word' id='word_1_820' title='bbox 1398 1929 1519 1962; x_wconf 88' lang='lat' dir='ltr'>vellent</span> <span class='ocrx_word' id='word_1_821' title='bbox 1535 1930 1706 1971; x_wconf 84' lang='lat' dir='ltr'>explicare.</span> <span class='ocrx_word' id='word_1_822' title='bbox 1731 1929 1830 1962; x_wconf 85' lang='lat' dir='ltr'>Erant</span> 
     </span>
     <span class='ocr_line' id='line_1_115' title="bbox 957 1971 1830 2012; baseline 0.005 -12"><span class='ocrx_word' id='word_1_823' title='bbox 957 1977 1059 2001; x_wconf 78' lang='lat' dir='ltr'>tamen</span> <span class='ocrx_word' id='word_1_824' title='bbox 1075 1971 1156 2002; x_wconf 89' lang='lat' dir='ltr'>inter</span> <span class='ocrx_word' id='word_1_825' title='bbox 1170 1971 1356 2010; x_wconf 88' lang='lat' dir='ltr'>Senatores,</span> <span class='ocrx_word' id='word_1_826' title='bbox 1381 1972 1436 2012; x_wconf 91' lang='lat' dir='ltr'>qui</span> <span class='ocrx_word' id='word_1_827' title='bbox 1459 1980 1570 2004; x_wconf 86' lang='lat' dir='ltr'>contra</span> <span class='ocrx_word' id='word_1_828' title='bbox 1594 1971 1830 2004; x_wconf 85' lang='lat' dir='ltr'>exhibitionem</span> 
     </span>
     <span class='ocr_line' id='line_1_116' title="bbox 955 2011 1827 2054; baseline 0.002 -12"><span class='ocrx_word' id='word_1_829' title='bbox 955 2011 1108 2043; x_wconf 83' lang='lat' dir='ltr'>librorum</span> <span class='ocrx_word' id='word_1_830' title='bbox 1123 2012 1353 2053; x_wconf 82' lang='lat' dir='ltr'>respondebant</span> <span class='ocrx_word' id='word_1_831' title='bbox 1366 2036 1375 2050; x_wconf 85' lang='lat'>,</span> <span class='ocrx_word' id='word_1_832' title='bbox 1398 2020 1492 2054; x_wconf 89' lang='lat' dir='ltr'>atque</span> <span class='ocrx_word' id='word_1_833' title='bbox 1511 2013 1532 2045; x_wconf 88' lang='lat' dir='ltr'>si</span> <span class='ocrx_word' id='word_1_834' title='bbox 1550 2023 1589 2046; x_wconf 85' lang='lat' dir='ltr'>ex</span> <span class='ocrx_word' id='word_1_835' title='bbox 1603 2013 1702 2045; x_wconf 87' lang='lat' dir='ltr'>domo</span> <span class='ocrx_word' id='word_1_836' title='bbox 1716 2013 1827 2044; x_wconf 84' lang='lat' dir='ltr'>adver-</span> 
     </span>
     <span class='ocr_line' id='line_1_117' title="bbox 955 2051 1828 2096; baseline 0.003 -13"><span class='ocrx_word' id='word_1_837' title='bbox 955 2051 1024 2084; x_wconf 86' lang='lat' dir='ltr'>sarii</span> <span class='ocrx_word' id='word_1_838' title='bbox 1049 2062 1113 2085; x_wconf 90' lang='lat' dir='ltr'>non</span> <span class='ocrx_word' id='word_1_839' title='bbox 1136 2054 1248 2086; x_wconf 87' lang='lat' dir='ltr'>liceret</span> <span class='ocrx_word' id='word_1_840' title='bbox 1272 2052 1476 2086; x_wconf 82' lang='lat' dir='ltr'>instrumenta</span> <span class='ocrx_word' id='word_1_841' title='bbox 1499 2063 1625 2096; x_wconf 86' lang='lat' dir='ltr'>petere,</span> <span class='ocrx_word' id='word_1_842' title='bbox 1649 2053 1701 2086; x_wconf 87' lang='lat' dir='ltr'>sed</span> <span class='ocrx_word' id='word_1_843' title='bbox 1729 2063 1828 2094; x_wconf 87' lang='lat' dir='ltr'>quum</span> 
     </span>
     <span class='ocr_line' id='line_1_118' title="bbox 954 2095 1827 2129; baseline 0.001 -4"><span class='ocrx_word' id='word_1_844' title='bbox 954 2103 989 2125; x_wconf 80' lang='lat' dir='ltr'>ca</span> <span class='ocrx_word' id='word_1_845' title='bbox 1015 2103 1063 2126; x_wconf 87' lang='lat' dir='ltr'>res</span> <span class='ocrx_word' id='word_1_846' title='bbox 1089 2095 1120 2126; x_wconf 88' lang='lat' dir='ltr'>in</span> <span class='ocrx_word' id='word_1_847' title='bbox 1151 2095 1375 2127; x_wconf 85' lang='lat' dir='ltr'>controversiis</span> <span class='ocrx_word' id='word_1_848' title='bbox 1407 2098 1437 2129; x_wconf 70' lang='grc' dir='ltr'>δε</span> <span class='ocrx_word' id='word_1_849' title='bbox 1464 2097 1576 2129; x_wconf 83' lang='lat' dir='ltr'>litibus</span> <span class='ocrx_word' id='word_1_850' title='bbox 1602 2096 1827 2128; x_wconf 88' lang='lat' dir='ltr'>Mercatorum</span> 
     </span>
     <span class='ocr_line' id='line_1_119' title="bbox 953 2136 1827 2180; baseline 0 -13"><span class='ocrx_word' id='word_1_851' title='bbox 953 2136 1095 2176; x_wconf 76' lang='lat' dir='ltr'>quotidie</span> <span class='ocrx_word' id='word_1_852' title='bbox 1111 2137 1351 2178; x_wconf 81' lang='lat' dir='ltr'>frequentetur,</span> <span class='ocrx_word' id='word_1_853' title='bbox 1375 2147 1433 2169; x_wconf 90' lang='lat' dir='ltr'>nce</span> <span class='ocrx_word' id='word_1_854' title='bbox 1451 2138 1567 2180; x_wconf 81' lang='lat' dir='ltr'>absque</span> <span class='ocrx_word' id='word_1_855' title='bbox 1593 2147 1633 2169; x_wconf 88' lang='lat' dir='ltr'>co</span> <span class='ocrx_word' id='word_1_856' title='bbox 1648 2137 1728 2178; x_wconf 86' lang='lat' dir='ltr'>saepe</span> <span class='ocrx_word' id='word_1_857' title='bbox 1745 2137 1827 2168; x_wconf 89' lang='lat' dir='ltr'>veri-</span> 
     </span>
     <span class='ocr_line' id='line_1_120' title="bbox 955 2178 1823 2221; baseline 0 -13"><span class='ocrx_word' id='word_1_858' title='bbox 955 2185 1000 2208; x_wconf 77' lang='lat' dir='ltr'>tas</span> <span class='ocrx_word' id='word_1_859' title='bbox 1027 2178 1181 2219; x_wconf 83' lang='lat' dir='ltr'>explorari</span> <span class='ocrx_word' id='word_1_860' title='bbox 1205 2179 1298 2220; x_wconf 83' lang='lat' dir='ltr'>poffit</span> <span class='ocrx_word' id='word_1_861' title='bbox 1314 2201 1325 2218; x_wconf 85' lang='lat'>,</span> <span class='ocrx_word' id='word_1_862' title='bbox 1350 2179 1382 2210; x_wconf 89' lang='lat' dir='ltr'>id</span> <span class='ocrx_word' id='word_1_863' title='bbox 1406 2179 1485 2212; x_wconf 84' lang='lat' dir='ltr'>alios</span> <span class='ocrx_word' id='word_1_864' title='bbox 1502 2203 1511 2219; x_wconf 94' lang='lat'>,</span> <span class='ocrx_word' id='word_1_865' title='bbox 1537 2180 1637 2221; x_wconf 86' lang='lat' dir='ltr'>plures</span> <span class='ocrx_word' id='word_1_866' title='bbox 1664 2186 1797 2210; x_wconf 85' lang='lat' dir='ltr'>numero</span> <span class='ocrx_word' id='word_1_867' title='bbox 1812 2202 1823 2217; x_wconf 92' lang='lat'>,</span> 
     </span>
     <span class='ocr_line' id='line_1_121' title="bbox 952 2219 1824 2261; baseline 0.001 -12"><span class='ocrx_word' id='word_1_868' title='bbox 952 2219 1162 2260; x_wconf 83' lang='lat' dir='ltr'>nequicquam</span> <span class='ocrx_word' id='word_1_869' title='bbox 1181 2219 1337 2258; x_wconf 73' lang='lat' dir='ltr'>offendit,</span> <span class='ocrx_word' id='word_1_870' title='bbox 1360 2221 1390 2252; x_wconf 91' lang='lat' dir='ltr'>in</span> <span class='ocrx_word' id='word_1_871' title='bbox 1408 2220 1607 2261; x_wconf 85' lang='lat' dir='ltr'>jurejurando</span> <span class='ocrx_word' id='word_1_872' title='bbox 1626 2228 1750 2258; x_wconf 88' lang='lat' dir='ltr'>tamen,</span> <span class='ocrx_word' id='word_1_873' title='bbox 1776 2228 1824 2250; x_wconf 80' lang='lat' dir='ltr'>as-</span> 
     </span>
     <span class='ocr_line' id='line_1_122' title="bbox 952 2260 1821 2300; baseline 0.001 -9"><span class='ocrx_word' id='word_1_874' title='bbox 952 2260 1182 2293; x_wconf 86' lang='lat' dir='ltr'>securatoribus</span> <span class='ocrx_word' id='word_1_875' title='bbox 1204 2261 1377 2293; x_wconf 88' lang='lat' dir='ltr'>deferendo</span> <span class='ocrx_word' id='word_1_876' title='bbox 1396 2285 1406 2300; x_wconf 90' lang='lat'>,</span> <span class='ocrx_word' id='word_1_877' title='bbox 1439 2261 1674 2292; x_wconf 85' lang='lat' dir='ltr'>conveniebant</span> <span class='ocrx_word' id='word_1_878' title='bbox 1699 2269 1821 2292; x_wconf 71' lang='lat' dir='ltr'>omnes¹</span> 
     </span>
     <span class='ocr_line' id='line_1_123' title="bbox 951 2301 1825 2343; baseline 0 -10"><span class='ocrx_word' id='word_1_879' title='bbox 951 2302 1059 2343; x_wconf 89' lang='lat' dir='ltr'>Atque</span> <span class='ocrx_word' id='word_1_880' title='bbox 1076 2303 1117 2335; x_wconf 84' lang='lat' dir='ltr'>ita</span> <span class='ocrx_word' id='word_1_881' title='bbox 1143 2303 1305 2334; x_wconf 89' lang='lat' dir='ltr'>decretum</span> <span class='ocrx_word' id='word_1_882' title='bbox 1326 2302 1392 2342; x_wconf 87' lang='lat' dir='ltr'>est,</span> <span class='ocrx_word' id='word_1_883' title='bbox 1417 2311 1452 2334; x_wconf 88' lang='lat' dir='ltr'>ut</span> <span class='ocrx_word' id='word_1_884' title='bbox 1469 2301 1693 2333; x_wconf 78' lang='lat' dir='ltr'>assecuratores</span> <span class='ocrx_word' id='word_1_885' title='bbox 1716 2303 1825 2333; x_wconf 87' lang='lat' dir='ltr'>vince-</span> 
     </span>
     <span class='ocr_line' id='line_1_124' title="bbox 952 2343 1820 2385; baseline 0.001 -11"><span class='ocrx_word' id='word_1_886' title='bbox 952 2352 1040 2382; x_wconf 87' lang='lat' dir='ltr'>rent,</span> <span class='ocrx_word' id='word_1_887' title='bbox 1064 2343 1104 2383; x_wconf 91' lang='lat' dir='ltr'>si,</span> <span class='ocrx_word' id='word_1_888' title='bbox 1126 2343 1260 2385; x_wconf 86' lang='lat' dir='ltr'>prolatis</span> <span class='ocrx_word' id='word_1_889' title='bbox 1284 2343 1394 2382; x_wconf 82' lang='lat' dir='ltr'>libris,</span> <span class='ocrx_word' id='word_1_890' title='bbox 1415 2353 1479 2375; x_wconf 90' lang='lat' dir='ltr'>non</span> <span class='ocrx_word' id='word_1_891' title='bbox 1506 2343 1720 2375; x_wconf 86' lang='lat' dir='ltr'>refutarentur</span> <span class='ocrx_word' id='word_1_892' title='bbox 1745 2352 1820 2384; x_wconf 86' lang='lat' dir='ltr'>pro-</span> 
     </span>
     <span class='ocr_line' id='line_1_125' title="bbox 950 2385 1822 2426; baseline 0 -10"><span class='ocrx_word' id='word_1_893' title='bbox 950 2385 1017 2426; x_wconf 88' lang='lat' dir='ltr'>pria</span> <span class='ocrx_word' id='word_1_894' title='bbox 1038 2386 1261 2424; x_wconf 85' lang='lat' dir='ltr'>annotatione,</span> <span class='ocrx_word' id='word_1_895' title='bbox 1283 2385 1334 2417; x_wconf 85' lang='lat' dir='ltr'>vel</span> <span class='ocrx_word' id='word_1_896' title='bbox 1347 2410 1356 2424; x_wconf 91' lang='lat'>,</span> <span class='ocrx_word' id='word_1_897' title='bbox 1379 2386 1463 2417; x_wconf 86' lang='lat' dir='ltr'>nulia</span> <span class='ocrx_word' id='word_1_898' title='bbox 1477 2386 1686 2417; x_wconf 85' lang='lat' dir='ltr'>annotatione</span> <span class='ocrx_word' id='word_1_899' title='bbox 1702 2385 1822 2423; x_wconf 82' lang='lat' dir='ltr'>habita,</span> 
     </span>
     <span class='ocr_line' id='line_1_126' title="bbox 949 2426 1822 2466; baseline -0.002 -8"><span class='ocrx_word' id='word_1_900' title='bbox 949 2427 970 2458; x_wconf 80' lang='lat' dir='ltr'>si</span> <span class='ocrx_word' id='word_1_901' title='bbox 985 2427 1086 2466; x_wconf 81' lang='lat' dir='ltr'>jurare</span> <span class='ocrx_word' id='word_1_902' title='bbox 1113 2427 1253 2464; x_wconf 84' lang='lat' dir='ltr'>velient,</span> <span class='ocrx_word' id='word_1_903' title='bbox 1275 2436 1347 2457; x_wconf 88' lang='lat' dir='ltr'>cum</span> <span class='ocrx_word' id='word_1_904' title='bbox 1375 2426 1635 2464; x_wconf 86' lang='lat' dir='ltr'>contraheretur,</span> <span class='ocrx_word' id='word_1_905' title='bbox 1659 2434 1696 2457; x_wconf 85' lang='lat' dir='ltr'>ea</span> <span class='ocrx_word' id='word_1_906' title='bbox 1714 2434 1822 2457; x_wconf 87' lang='lat' dir='ltr'>mente</span> 
     </span>
     <span class='ocr_line' id='line_1_127' title="bbox 949 2466 1818 2512; baseline 0 -14"><span class='ocrx_word' id='word_1_907' title='bbox 949 2466 1043 2498; x_wconf 78' lang='lat' dir='ltr'>fuiss&#39;e</span> <span class='ocrx_word' id='word_1_908' title='bbox 1055 2491 1064 2506; x_wconf 94' lang='lat'>,</span> <span class='ocrx_word' id='word_1_909' title='bbox 1090 2475 1126 2499; x_wconf 89' lang='lat' dir='ltr'>ut</span> <span class='ocrx_word' id='word_1_910' title='bbox 1141 2468 1177 2499; x_wconf 87' lang='lat' dir='ltr'>ad</span> <span class='ocrx_word' id='word_1_911' title='bbox 1196 2467 1329 2498; x_wconf 85' lang='lat' dir='ltr'>fluvium</span> <span class='ocrx_word' id='word_1_912' title='bbox 1354 2466 1511 2499; x_wconf 87' lang='lat' dir='ltr'>Nannetis</span> <span class='ocrx_word' id='word_1_913' title='bbox 1533 2467 1686 2512; x_wconf 66' lang='lat' dir='ltr'>duntaxat</span> <span class='ocrx_word' id='word_1_914' title='bbox 1701 2466 1818 2499; x_wconf 85' lang='lat' dir='ltr'>assecu-</span> 
     </span>
     <span class='ocr_line' id='line_1_128' title="bbox 950 2507 1819 2546; baseline 0.001 -7"><span class='ocrx_word' id='word_1_915' title='bbox 950 2516 1072 2546; x_wconf 86' lang='lat' dir='ltr'>rarent,</span> <span class='ocrx_word' id='word_1_916' title='bbox 1096 2510 1126 2540; x_wconf 67' lang='grc' dir='ltr'>ὃς</span> <span class='ocrx_word' id='word_1_917' title='bbox 1142 2518 1250 2539; x_wconf 85' lang='lat' dir='ltr'>eorum</span> <span class='ocrx_word' id='word_1_918' title='bbox 1267 2508 1344 2540; x_wconf 86' lang='lat' dir='ltr'>fides</span> <span class='ocrx_word' id='word_1_919' title='bbox 1359 2507 1436 2539; x_wconf 84' lang='lat' dir='ltr'>esset</span> <span class='ocrx_word' id='word_1_920' title='bbox 1452 2508 1582 2540; x_wconf 79' lang='lat' dir='ltr'>liberata</span> <span class='ocrx_word' id='word_1_921' title='bbox 1595 2531 1605 2545; x_wconf 90' lang='lat'>‚</span> <span class='ocrx_word' id='word_1_922' title='bbox 1623 2508 1750 2541; x_wconf 85' lang='lat' dir='ltr'>fimulac</span> <span class='ocrx_word' id='word_1_923' title='bbox 1767 2518 1819 2540; x_wconf 89' lang='lat' dir='ltr'>na-</span> 
     </span>
     <span class='ocr_line' id='line_1_129' title="bbox 950 2549 1818 2590; baseline 0.003 -11"><span class='ocrx_word' id='word_1_924' title='bbox 950 2550 999 2582; x_wconf 87' lang='lat' dir='ltr'>vis</span> <span class='ocrx_word' id='word_1_925' title='bbox 1014 2550 1046 2581; x_wconf 85' lang='lat' dir='ltr'>in</span> <span class='ocrx_word' id='word_1_926' title='bbox 1062 2549 1161 2582; x_wconf 87' lang='lat' dir='ltr'>fluvio</span> <span class='ocrx_word' id='word_1_927' title='bbox 1177 2550 1346 2581; x_wconf 82' lang='lat' dir='ltr'>anchoram</span> <span class='ocrx_word' id='word_1_928' title='bbox 1365 2549 1554 2590; x_wconf 65' lang='lat' dir='ltr'>projecisset.</span> <span class='ocrx_word' id='word_1_929' title='bbox 1587 2550 1630 2581; x_wconf 92' lang='lat' dir='ltr'>Et</span> <span class='ocrx_word' id='word_1_930' title='bbox 1647 2549 1818 2582; x_wconf 88' lang='lat' dir='ltr'>secundum</span> 
     </span>
     <span class='ocr_line' id='line_1_130' title="bbox 950 2590 1817 2633; baseline 0.001 -11"><span class='ocrx_word' id='word_1_931' title='bbox 950 2590 1018 2622; x_wconf 72' lang='lat' dir='ltr'>haec</span> <span class='ocrx_word' id='word_1_932' title='bbox 1041 2592 1161 2633; x_wconf 85' lang='lat' dir='ltr'>priores</span> <span class='ocrx_word' id='word_1_933' title='bbox 1180 2615 1189 2630; x_wconf 93' lang='lat'>,</span> <span class='ocrx_word' id='word_1_934' title='bbox 1210 2600 1286 2632; x_wconf 84' lang='lat' dir='ltr'>quas</span> <span class='ocrx_word' id='word_1_935' title='bbox 1307 2591 1374 2623; x_wconf 86' lang='lat' dir='ltr'>dixi</span> <span class='ocrx_word' id='word_1_936' title='bbox 1393 2614 1402 2630; x_wconf 94' lang='lat'>,</span> <span class='ocrx_word' id='word_1_937' title='bbox 1426 2590 1590 2623; x_wconf 82' lang='lat' dir='ltr'>sententiae</span> <span class='ocrx_word' id='word_1_938' title='bbox 1613 2592 1664 2624; x_wconf 91' lang='lat' dir='ltr'>vel</span> <span class='ocrx_word' id='word_1_939' title='bbox 1685 2590 1817 2623; x_wconf 78' lang='lat' dir='ltr'>resciss‘ae</span> 
     </span>
     <span class='ocr_line' id='line_1_131' title="bbox 949 2631 1817 2676; baseline 0.002 -13"><span class='ocrx_word' id='word_1_940' title='bbox 949 2633 1002 2664; x_wconf 88' lang='lat' dir='ltr'>vel</span> <span class='ocrx_word' id='word_1_941' title='bbox 1019 2633 1160 2673; x_wconf 85' lang='lat' dir='ltr'>probatae</span> <span class='ocrx_word' id='word_1_942' title='bbox 1185 2631 1255 2665; x_wconf 86' lang='lat' dir='ltr'>sunt</span> <span class='ocrx_word' id='word_1_943' title='bbox 1274 2637 1321 2668; x_wconf 86' lang='lat'>18.</span> <span class='ocrx_word' id='word_1_944' title='bbox 1345 2632 1406 2674; x_wconf 88' lang='lat' dir='ltr'>Jul.</span> <span class='ocrx_word' id='word_1_945' title='bbox 1436 2642 1527 2675; x_wconf 83' lang='lat'>1731.</span> <span class='ocrx_word' id='word_1_946' title='bbox 1550 2632 1625 2676; x_wconf 83' lang='lat'>(3)</span> <span class='ocrx_word' id='word_1_947' title='bbox 1648 2633 1720 2665; x_wconf 90' lang='lat' dir='ltr'>Post</span> <span class='ocrx_word' id='word_1_948' title='bbox 1747 2642 1817 2665; x_wconf 81' lang='lat' dir='ltr'>uam</span> 
     </span>
     <span class='ocr_line' id='line_1_132' title="bbox 949 2673 1817 2715; baseline 0 -10"><span class='ocrx_word' id='word_1_949' title='bbox 949 2673 987 2705; x_wconf 83' lang='lat' dir='ltr'>ab</span> <span class='ocrx_word' id='word_1_950' title='bbox 1005 2673 1062 2705; x_wconf 86' lang='lat' dir='ltr'>hae</span> <span class='ocrx_word' id='word_1_951' title='bbox 1088 2673 1242 2706; x_wconf 85' lang='lat' dir='ltr'>sententia</span> <span class='ocrx_word' id='word_1_952' title='bbox 1269 2674 1452 2715; x_wconf 85' lang='lat' dir='ltr'>interposita</span> <span class='ocrx_word' id='word_1_953' title='bbox 1474 2675 1548 2707; x_wconf 77' lang='lat' dir='ltr'>esset</span> <span class='ocrx_word' id='word_1_954' title='bbox 1563 2674 1696 2713; x_wconf 85' lang='lat' dir='ltr'>revisio,</span> <span class='ocrx_word' id='word_1_955' title='bbox 1769 2683 1817 2705; x_wconf 90' lang='lat' dir='ltr'>as-</span> 
     </span>
     <span class='ocr_line' id='line_1_133' title="bbox 945 2714 1857 2757; baseline 0.002 -11"><span class='ocrx_word' id='word_1_956' title='bbox 945 2714 1186 2754; x_wconf 66' lang='lat' dir='ltr'>securatus,‘de</span> <span class='ocrx_word' id='word_1_957' title='bbox 1203 2725 1239 2747; x_wconf 88' lang='lat' dir='ltr'>ea</span> <span class='ocrx_word' id='word_1_958' title='bbox 1255 2715 1465 2757; x_wconf 89' lang='lat' dir='ltr'>protestatus,</span> <span class='ocrx_word' id='word_1_959' title='bbox 1490 2716 1628 2757; x_wconf 85' lang='lat' dir='ltr'>litigaret</span> <span class='ocrx_word' id='word_1_960' title='bbox 1648 2715 1680 2746; x_wconf 90' lang='lat' dir='ltr'>in</span> <span class='ocrx_word' id='word_1_961' title='bbox 1696 2715 1817 2755; x_wconf 88' lang='lat' dir='ltr'>judicio</span> <span class='ocrx_word' id='word_1_962' title='bbox 1856 2744 1857 2748; x_wconf 73' lang='grc'>,</span> 
     </span>
     <span class='ocr_line' id='line_1_134' title="bbox 945 2754 1818 2798; baseline 0 -11"><span class='ocrx_word' id='word_1_963' title='bbox 945 2757 1146 2790; x_wconf 85' lang='lat' dir='ltr'>executionis</span> <span class='ocrx_word' id='word_1_964' title='bbox 1164 2781 1174 2796; x_wconf 90' lang='lat'>,</span> <span class='ocrx_word' id='word_1_965' title='bbox 1194 2757 1287 2790; x_wconf 88' lang='lat' dir='ltr'>audio</span> <span class='ocrx_word' id='word_1_966' title='bbox 1304 2779 1316 2796; x_wconf 92' lang='lat'>,</span> <span class='ocrx_word' id='word_1_967' title='bbox 1335 2758 1419 2789; x_wconf 87' lang='lat' dir='ltr'>inter</span> <span class='ocrx_word' id='word_1_968' title='bbox 1442 2764 1548 2798; x_wconf 87' lang='lat' dir='ltr'>partes</span> <span class='ocrx_word' id='word_1_969' title='bbox 1573 2757 1612 2788; x_wconf 90' lang='lat' dir='ltr'>de</span> <span class='ocrx_word' id='word_1_970' title='bbox 1635 2754 1702 2797; x_wconf 81' lang='lat' dir='ltr'>ipsa</span> <span class='ocrx_word' id='word_1_971' title='bbox 1726 2755 1818 2788; x_wconf 79' lang='lat' dir='ltr'>causa</span> 
     </span>
     <span class='ocr_line' id='line_1_135' title="bbox 945 2797 1256 2832; baseline 0.003 -2"><span class='ocrx_word' id='word_1_972' title='bbox 945 2797 1039 2831; x_wconf 86' lang='lat' dir='ltr'>fuisse</span> <span class='ocrx_word' id='word_1_973' title='bbox 1058 2798 1256 2832; x_wconf 70' lang='lat' dir='ltr'>transactum.</span> 
     </span>
    </p>
   </div>
   <div class='ocr_carea' id='block_1_8' title="bbox 949 2939 1680 3017">
    <p class='ocr_par' dir='ltr' id='par_1_11' title="bbox 949 2939 1680 3017">
     <span class='ocr_line' id='line_1_136' title="bbox 949 2939 1146 2971; baseline -0.01 0"><span class='ocrx_word' id='word_1_974' title='bbox 949 2939 1032 2971; x_wconf 81' lang='lat' dir='ltr'>ratim</span> <span class='ocrx_word' id='word_1_975' title='bbox 1047 2939 1146 2969; x_wconf 82' lang='lat' dir='ltr'>editas.</span> 
     </span>
     <span class='ocr_line' id='line_1_137' title="bbox 989 2975 1680 3017; baseline -0.003 -8"><span class='ocrx_word' id='word_1_976' title='bbox 989 2978 1049 3017; x_wconf 82' lang='grc'>(3)</span> <span class='ocrx_word' id='word_1_977' title='bbox 1073 2978 1214 3017; x_wconf 66' lang='lat' dir='ltr'>Obsbrvat.</span> <span class='ocrx_word' id='word_1_978' title='bbox 1235 2976 1354 3011; x_wconf 74' lang='lat' dir='ltr'>Tumutt.</span> <span class='ocrx_word' id='word_1_979' title='bbox 1376 2975 1448 3008; x_wconf 37' lang='lat' dir='ltr'>Tomi</span> <span class='ocrx_word' id='word_1_980' title='bbox 1470 2976 1523 3008; x_wconf 87' lang='lat' dir='ltr'>XI.</span> <span class='ocrx_word' id='word_1_981' title='bbox 1544 2985 1571 3007; x_wconf 80' lang='grc' dir='ltr'>η,</span> <span class='ocrx_word' id='word_1_982' title='bbox 1592 2979 1680 3014; x_wconf 81' lang='lat'>2646.</span> 
     </span>
    </p>
   </div>
   <div class='ocr_carea' id='block_1_9' title="bbox 1728 3237 1819 3272">
    <p class='ocr_par' dir='ltr' id='par_1_12' title="bbox 1728 3237 1819 3272">
     <span class='ocr_line' id='line_1_138' title="bbox 1728 3237 1819 3272; baseline 0.011 -1"><span class='ocrx_word' id='word_1_983' title='bbox 1728 3237 1819 3272; x_wconf 84' lang='lat' dir='ltr'>CA-</span> 
     </span>
    </p>
   </div>
  </div>
 </body>
</html>
