2008 3436
838 119 1015 173 (303)

33 206 1811 278 ffiezsst'esaattaffissfflstssaaeiaeaffieaafflffieaffieffiafflem:aee-satas<

35 295 80 340 ᾧ
150 340 278 365 ω
325 325 406 364 ψ
598 315 678 364 Ψ
728 316 821 364 κη
875 310 955 361 ‚ab
1005 310 1102 364 :Me
1152 308 1233 358 &se
1283 308 1374 356 Aila
1429 309 1510 358 aff
1560 322 1654 357 ᾧ»
1764 268 1810 316 'g'

33 351 83 462 ᾗ
132 355 282 414 eg,
328 366 405 419 aa,
599 366 679 415 ‚aas
876 361 956 410 ae
1660 330 1713 395 g}
1763 343 1810 403 ,⁶³⁹-

1042 364 1091 408 ηῑτῑᾏΧ
1151 360 1232 407 3ῆῆ
1293 363 1378 406 *llb
1428 359 1509 407 ffb}
1569 376 1648 405 κ,
1762 413 1807 444 U

92 460 879 520 &aefssffiffisskxsffiffi‘ifflkssffissffiss
894 456 1807 507 ἕῦἡῦἡῷἕίΰὲηὲίέῗῌῶἄῷὲέᾢῆ

1770 401 1798 419 (1

197 612 427 713 AD
545 595 1642 707 LECTOREM.

266 796 297 821 ’ζ
318 791 409 826 uicis
436 798 471 824 te
491 816 499 827 ,
536 786 664 822 LeStor
685 812 693 823 ,
732 782 824 818 volo.
873 779 1122 824 Pomponium,
1162 777 1270 814 tot&
1298 779 1402 815 tantis
1426 777 1697 814 Commentariis
1722 786 1807 814 onu⁴

260 831 304 867 ¹-AE
336 840 418 874 stum
434 865 444 882 ‚
471 839 506 874 ἃ
525 836 594 883 ips:
614 833 788 880 explicare
807 828 1014 876 aggredior,
1041 829 1097 863 sed
1115 828 1203 870 alio,
1227 839 1329 873 quarn
1351 829 1428 871 alii,
1456 827 1607 864 consilio.
1663 827 1750 878 Quae
1764 829 1809 862 de

261 881 305 915 ,’“-“’
339 891 474 935 Origine
491 888 589 933 Juris
605 912 613 927 ‚
642 883 681 923 ὅ*
700 883 833 916 omnium
853 877 1130 924 lVIczgisi‘ratumiz,
1156 875 1197 916 δέ’
1215 877 1411 925 Succcffione
1428 879 1624 913 Prudentztm
1643 878 1712 913 dici
1728 888 1808 923 pos-

275 936 305 964 =ss
351 948 429 980 unt,
454 935 597 981 integris
626 932 737 966 Libris
770 928 884 970 dicia,
919 926 954 961 ἃ
974 926 1046 962 fere
1068 924 1276 972 pertrafihta
1296 928 1371 962 sunt
1390 955 1398 970 ‚
1426 939 1490 962 nec
1509 926 1688 974 quisquam
1712 937 1808 961 nunc

243 1011 256 1020 .
291 983 305 1025 ”,
336 998 374 1023 ex
398 983 546 1032 professo
575 984 618 1016 de
640 980 689 1014 nis
711 978 868 1013 omnibus
890 987 991 1023 agat,
1020 977 1100 1023 quin
1117 973 1332 1021 appositurus
1348 975 1385 1011 fit
1402 977 1571 1012 cramben
1587 975 1763 1011 remu-am
1792 1001 1806 1019 ,

77 1053 84 1059 ·
126 1050 170 1062 -ν-
199 1025 217 1053 ’¹
334 1034 374 1069 ad
405 1045 503 1080 quam
529 1032 582 1067 vel
613 1029 738 1064 leviter
762 1026 886 1062 eruditi
916 1027 1094 1061 nauseent.
1148 1022 1280 1071 Justum
1304 1026 1413 1072 igitur
1438 1026 1736 1061 Commentarium
1764 1025 1810 1059 ad

43 1093 64 1127 1⁴
82 1103 126 1126 .2,
144 1089 191 1137 ff,
220 1090 254 1123 tie
282 1088 321 1122 Ο.
348 1083 386 1127 J.
415 1094 459 1117 ne
482 1082 538 1116 liic
557 1076 735 1124 exspecta,
771 1087 813 1111 nc
837 1076 1011 1122 originem
1039 1075 1148 1121 Juris,
1176 1083 1242 1119 qua
1266 1083 1382 1118 patet,
1410 1086 1472 1120 per
1488 1086 1608 1109 omnes
1625 1084 1742 1121 partes
1763 1075 1807 1110 ab

42 1141 137 1177 Urbe
157 1136 297 1172 condita
327 1143 368 1168 ex
400 1131 592 1166 Annalibus
625 1127 771 1173 petit-am
792 1123 829 1160 ἃ
844 1123 1034 1171 digestam,
1061 1134 1106 1157 ne
1123 1123 1311 1158 Historiam
1333 1122 1605 1169 Magistratuum
1624 1124 1807 1158 Romano·

40 1200 132 1228 mm,
161 1194 348 1231 eorumque
369 1180 483 1217 officia
504 1177 540 1214 ἃ
569 1175 819 1213 viciffitudines
845 1200 854 1215 ,
889 1185 932 1208 ne
950 1174 1039 1208 vitas
1069 1173 1236 1219 Jctorum
1261 1181 1441 1215 veterum,
1470 1171 1507 1207 <Sc
1526 1184 1570 1207 ne
1587 1183 1707 1208 eorum
1730 1173 1807 1218 qui-

40 1237 116 1272 dem
164 1245 310 1280 quorum
333 1230 493 1266 meminit
516 1227 739 1272 Pomponius.
792 1223 884 1266 Alii,
919 1233 956 1257 ut
982 1221 1080 1265 dixi,
1107 1222 1141 1256 id
1164 1221 1400 1268 praestiterunt
1416 1223 1559 1269 prolixis
1581 1222 1808 1256 Commenta.

38 1286 96 1321 riis
130 1264 176 1320 ’ἃ
196 1294 314 1318 eorum
335 1281 391 1315 vel
412 1276 638 1322 nimia,copin
654 1275 859 1308 laboramus.
913 1271 1139 1318 spicilegium
1161 1272 1218 1306 hic
1237 1271 1364 1315 habes,
1392 1270 1467 1316 post
1485 1273 1630 1308 aliorum
1650 1270 1807 1315 messem,

38 1312 115 1370 nani
130 1360 140 1377 ‚
168 1332 227 1368 nisi
248 1331 340 1366 fallat
359 1328 520 1369 Titulus,
547 1322 763 1369 Prcetermrffiz
787 1321 907 1356 scribo.
961 1320 1126 1356 Constitit
1147 1321 1234 1356 milii
1257 1321 1314 1355 liic
1334 1320 1486 1356 Libellus
1512 1332 1644 1368 magno
1667 1322 1807 1364 labore,

38 1394 153 1431 neque
174 1383 264 1417 enim
286 1380 369 1415 scire
391 1387 565 1425 poteram.
593 1386 634 1408 an
651 1399 660 1414 ‚
688 1384 762 1419 qua:
779 1372 958 1406 scriberem
973 1398 981 1412 ,
1008 1372 1049 1405 ab
1071 1370 1145 1405 aliis
1164 1370 1387 1414 praetermissa
1409 1370 1538 1415 essent,
1563 1369 1625 1406 nisi
1642 1369 1808 1406 consultis

38 1430 76 1467 ἃ
93 1430 235 1467 excussis
259 1429 442 1469 omnibus,
469 1425 524 1473 qui
548 1423 590 1458 ad
614 1421 936 1467 interpretationem
970 1421 1000 1454 h.
1028 1420 1048 1453 l.
1079 1430 1110 1453 2.
1147 1419 1338 1466 symbolam
1357 1420 1601 1463 contulerunt,
1630 1419 1666 1456 δι
1683 1431 1808 1455 eorum

38 1481 135 1526 seges
157 1479 206 1516 est
232 1479 334 1526 longe
359 1476 510 1511 maxima
530 1501 540 1516 ,
574 1483 642 1507 non
669 1473 761 1506 enim
795 1470 960 1516 JCtorum
978 1469 1149 1503 duntaxat
1166 1495 1175 1510 ,
1203 1468 1258 1504 sed
1278 1467 1315 1504 &
1338 1469 1658 1505 Grammaticorum
1682 1469 1739 1505 hic
1752 1480 1808 1505 res

38 1534 170 1573 auitur,
196 1528 312 1576 quiqui
329 1537 371 1562 ex
389 1525 441 1560 his
466 1524 540 1560 fere
560 1533 709 1568 unquam
728 1519 824 1554 fuere
844 1519 1014 1566 majorum
1039 1518 1229 1561 Gentium,
1255 1529 1394 1564 operam
1414 1520 1576 1555 certatim
1597 1519 1690 1555 suam
1704 1519 1809 1554 Pom-

37 1561 148 1626 pi'anio
166 1586 348 1613 navarunt.
415 1575 492 1610 Hos
520 1582 642 1607 ornnes
660 1598 669 1613 ,
702 1580 785 1615 quos
804 1567 940 1615 quidem
966 1569 1093 1602 habere
1110 1568 1225 1614 potui,
1255 1569 1419 1604 evolvere
1441 1567 1477 1604 ἃ
1502 1569 1687 1604 revolvere
1707 1576 1808 1604 tanto

37 1629 123 1664 mihi
148 1628 250 1663 taedio
274 1626 362 1668 fuit,
389 1633 427 1659 ut
453 1634 521 1658 non
546 1620 648 1656 semel
678 1620 733 1655 vel
765 1618 864 1664 ipsius
888 1617 1044 1660 consilii,
1069 1617 1161 1663 quod
1180 1628 1363 1664 ceperam,
1391 1617 1615 1664 poenituerit,
1641 1629 1720 1653 nam
1743 1628 1808 1653 no·

37 1688 139 1722 runt,
165 1678 222 1724 qui
243 1687 298 1711 me
314 1682 462 1716 norunt,
488 1671 549 1706 vix
566 1668 634 1706 esse
655 1669 816 1703 horarum
844 1665 1031 1702 nostrarum
1046 1693 1055 1708 ,
1090 1675 1226 1701 tantum
1246 1678 1363 1713 operae
1379 1668 1554 1705 collocare
1572 1668 1605 1702 in
1630 1666 1808 1702 edolando

37 1727 173 1775 exiguae
198 1724 296 1761 molis
323 1722 473 1758 Libello.
523 1719 592 1755 Sed
624 1717 852 1754 devorandus·
871 1715 937 1751 fuit
955 1716 1010 1751 ille
1029 1716 1144 1758 labor,
1171 1716 1250 1763 quia
1268 1717 1311 1751 de
1333 1717 1526 1764 Pomponio
1548 1718 1605 1753 hic
1631 1717 1702 1752 illic
1730 1717 1808 1752 illu-

35 1775 173 1812 strando
191 1774 296 1810 fidem
319 1773 483 1808 dederam
501 1769 644 1812 amicis,
669 1766 707 1802 &
725 1767 772 1802 illi
789 1766 892 1801 fidem
909 1777 1022 1801 meam
1041 1765 1183 1811 publico
1199 1765 1464 1812 obligaverant,
1492 1765 1528 1802 &
1545 1765 1590 1802 fic
1604 1767 1712 1802 habes
1731 1766 1807 1802 haec

35 1825 208 1862 Praetermi
257 1851 265 1859 .
315 1823 366 1858 Ut
391 1830 506 1857 tamen
534 1829 676 1865 operam
703 1816 876 1858 levarem,
909 1816 956 1850 ita
979 1814 1034 1850 hic
1052 1815 1122 1850 sum
1140 1815 1290 1850 versatus
1308 1842 1317 1856 ,
1348 1826 1384 1852 ut
1406 1815 1578 1852 Auttores
1604 1817 1693 1862 saepe
1716 1814 1821 1851 solos

37 1863 250 1910 laudaverim
264 1901 273 1916 ‚
297 1882 368 1907 non
386 1869 567 1913 adscriptis
588 1865 727 1908 verbis,
756 1865 792 1901 ἃ
813 1876 856 1902 ne
878 1864 1017 1911 quidem
1040 1864 1146 1905 locis,
1173 1876 1247 1911 quae
1265 1865 1382 1911 paffim
1403 1867 1446 1901 ab
1462 1866 1536 1901 aliis
1556 1861 1809 1911 Interpretibus

36 1924 207 1967 recitata,
233 1921 411 1959 &iterum
431 1919 626 1964 iterumque
652 1915 826 1962 descripta
853 1924 961 1950 erant.
1019 1913 1215 1949 Ferendum
1238 1914 1273 1950 id
1298 1915 1348 1952 est
1371 1917 1406 1951 in
1425 1915 1568 1952 homine
1585 1914 1775 1962 negotioso
1791 1939 1807 1959 ,

38 1984 107 2022 ego
122 1973 228 2009 etiam·
245 1972 279 2008 in
309 1968 428 2006 otiosis
445 1968 557 2004 laudo.

83 2079 201 2115 Miror
220 2087 334 2115 autem
352 2077 388 2115 ἃ
408 2077 593 2126 indignor,
627 2088 768 2120 eorum,
802 2075 860 2123 qui
882 2073 924 2110 ad
944 2069 1174 2122 Pomponium
1200 2072 1397 2118 accedunt,
1424 2083 1567 2122 operam
1585 2070 1618 2109 in
1641 2084 1683 2109 eo
1701 2083 1805 2121 quam

39 2129 191 2165 maxime
217 2128 399 2174 occupari,
427 2137 465 2163 ut
485 2138 617 2163 errores
638 2127 710 2173 ejus
727 2126 763 2162 &
785 2137 903 2160 naevos
926 2124 1107 2167 accusent,
1142 2134 1179 2159 ut
1200 2125 1283 2160 nihil
1303 2126 1508 2172 loquantur,
1537 2123 1621 2159 nihil
1641 2123 1713 2159 fere
1730 2135 1807 2159 cre-

38 2178 149 2225 pent,
188 2188 288 2223 quarn
314 2177 497 2222 Pomponii
522 2174 710 2224 παροράμαῖω
728 2205 737 2218 ,
769 2174 952 2220 disisam-iaec,
992 2173 1029 2210 &
1053 2174 1286 2223 εἰναχρονιο-μιὲς,
1315 2176 1372 2211 sed
1400 2174 1482 2222 quid
1503 2173 1584 2209 dico
1606 2174 1773 2220 Pomponii
1795 2199 1808 2217 ‚

39 2236 169 2272 quum,
194 2226 250 2260 ve‘l
271 2223 417 2260 eandem
443 2227 488 2261 ob
516 2228 648 2261 caulam
666 2254 675 2268 ‚
703 2226 906 2261 Francilcus
934 2224 1179 2269 Hotomanus,
1206 2225 1360 2271 pluribus
1379 2222 1485 2266 locis,
1512 2223 1606 2258 hanc
1633 2224 1652 2258 l.
1684 2233 1716 2257 2.
1744 2222 1806 2268 ipfi

38 2275 234 2320 Pomponio
259 2275 464 2321 adjudicet,
498 2282 566 2310 tarn
592 2273 716 2310 effreni
739 2275 836 2317 zelo,
862 2284 899 2308 ut
923 2274 956 2308 in
983 2275 1219 2310 Antriboniano
1241 2285 1311 2309 non
1330 2273 1571 2316 dubitaverit,
1597 2271 1807 2308 inclementi

39 2324 178 2371 elogio,
205 2323 404 2363 adfirmare,
430 2335 488 2358 non
506 2323 710 2370 nififabulas
727 2322 768 2364 E?
784 2325 896 2358 deliria
917 2323 1104 2359 Tribonianz·
1118 2326 1290 2359 continere.
1345 2324 1514 2358 Proterva
1531 2322 1630 2364 sane,
1659 2332 1726 2356 nec
1743 2322 1808 2356 mi-

40 2384 101 2409 nus
122 2373 238 2418 iniqui
258 2373 424 2408 censura!
461 2375 604 2408 omnino
630 2373 814 2419 Pomponii
844 2371 893 2407 est
917 2373 991 2407 liaec
1017 2373 1038 2407 I.
1067 2385 1099 2408 2.
1127 2374 1225 2421 cujus
1247 2383 1375 2407 nomen
1393 2383 1463 2417 prae
1481 2372 1513 2407 se
1534 2369 1624 2414 sert,
1651 2382 1716 2406 nec
1738 2382 1806 2418 ego

40 2425 132 2458 hunc
156 2423 230 2468 ejus
257 2432 417 2468 partum,
452 2433 489 2457 ut
514 2421 742 2461 monstrosum
758 2446 769 2464 ‚
802 2421 919 2457 necari
936 2421 1067 2456 velim.>
1107 2422 1267 2457 Antonio
1286 2422 1401 2456 Fabro
1420 2420 1560 2468 quidem
1580 2420 1734 2455 solemne
1756 2419 1807 2455 est

39 2471 188 2518 primum
221 2473 345 2510 bonam
372 2472 508 2518 copiam
536 2471 692 2518 ejurare,
723 2470 759 2506 ἃ
783 2481 865 2505 mox
891 2471 925 2506 in
945 2481 1050 2506 unum
1068 2471 1324 2507 Tribonianum
1343 2469 1459 2506 fabam
1483 2470 1634 2514 cudere,
1661 2469 1721 2505 sed
1746 2481 1806 2504 ne-

40 2519 130 2563 scio,
159 2519 238 2567 quid
259 2519 524 2563 Hotomanum‚
551 2521 633 2567 quid
659 2521 742 2555 alios
767 2520 999 2565 Imenaretes,
1033 2528 1170 2556 tantum
1196 2530 1266 2555 non
1282 2531 1423 2562 omnes,
1449 2520 1621 2561 moverit,
1650 2528 1706 2558 ut,
1735 2530 1804 2565 quo

39 2569 113 2617 plus
130 2568 289 2615 praestant
305 2569 339 2604 in
357 2569 551 2616 Pomponio
568 2568 801 2616 exagitando,
836 2580 878 2603 eo
901 2569 976 2614 plus
1001 2568 1062 2604 fibi
1087 2570 1273 2605 videamur
1296 2568 1473 2605 doffiores
1491 2568 1528 2604 <Sc
1545 2567 1805 2616 ingeniosiores.

38 2618 118 2665 Ego
135 2617 296 2654 constitui
313 2619 447 2654 causam
463 2620 646 2665 Pomponii
667 2630 793 2664 agere,
820 2627 1070 2664 quam-potero
1094 2619 1266 2661 maxime„
1293 2630 1399 2666 quum
1423 2625 1495 2654 non
1520 2627 1665 2665 potero,
1693 2617 1715 2651 si
1736 2616 1805 2651 for·

41 2676 77 2702 te
94 2667 127 2702 id
146 2666 295 2708 incidat,
322 2678 359 2701 ut
376 2668 501 2703 incidit
518 2667 704 2710 rariffime,
731 2666 776 2702 sic
796 2665 1060 2711 habetestor
1086 2667 1203 2715 (quod
1219 2679 1312 2704 nunc
1338 2667 1442 2704 semel
1466 2679 1593 2703 moneo
1610 2696 1618 2709 ,
1647 2678 1691 2701 ne
1705 2667 1804 2700 dein-

40 2727 124 2760 ceps
135 2714 302 2750 continuo
311 2716 608 2763 repetam)facile
626 2715 774 2763 potuisse
785 2716 962 2752 hominem
978 2716 1068 2760 labi,
1084 2719 1164 2764 qui,
1181 2726 1218 2752 ut
1229 2715 1285 2753 hic
1297 2717 1573 2764 Pomponius‚in
1583 2715 1804 2750 recensendis

38 2767 142 2800 rebus
160 2765 346 2799 Memoriae
366 2767 516 2807 veteris,
543 2765 681 2814 origine
701 2764 850 2812 repetita
866 2766 910 2800 ab
931 2765 1009 2813 ipsis
1025 2767 1247 2813 Reipublicae
1268 2768 1440 2802 Romanae
1468 2765 1707 2807 incunabulis,
1731 2772 1805 2798 tarn

40 2814 149 2849 multa
175 2812 263 2853 dixit
284 2813 383 2849 brevi
399 2815 621 2862 compendio.
687 2815 920 2860 Pomponium
947 2815 1075 2851 alicubi
1103 2815 1200 2852 fuisse
1224 2817 1354 2862 lapsum
1372 2826 1442 2850 non
1460 2823 1529 2849 tam
1547 2815 1673 2854 mirer,
1701 2823 1806 2859 quam

39 2864 183 2898 mirarer
200 2885 212 2904 ‚
250 2861 369 2896 nullibi
394 2862 492 2899 fuiss'e
515 2864 655 2910 lapsum.
711 2863 937 2914 Quaecunque
965 2864 1037 2911 ipse
1061 2876 1199 2909 narrat,
1235 2864 1318 2900 facti
1338 2865 1442 2906 sunt,
1468 2872 1574 2908 utque
1596 2861 1678 2895 faffl
1696 2862 1804 2896 inter-

40 2910 196 2960 pretatio
213 2910 319 2944 etiarn
334 2912 609 2955 prudentissimos
626 2924 779 2960 quosque
797 2912 909 2957 fallit,
949 2912 994 2950 fic
1020 2915 1171 2950 maxime
1190 2914 1279 2949 fallit
1310 2912 1343 2947 in
1368 2912 1441 2953 his,
1467 2922 1542 2957 quae
1558 2911 1600 2945 ab
1618 2911 1694 2945 aliis
1711 2912 1804 2946 acci-

39 2962 174 3007 pimus,
203 2967 241 2992 ut
258 2960 446 3004 accipimus
469 2962 586 2997 omnia
607 2989 617 3004 ,
652 2974 726 3009 quae
744 2962 786 2998 ab
804 2971 910 2998 aetate
934 2957 1048 2998 nostra
1066 2964 1202 3009 longius
1219 2970 1354 2998 remota
1372 2962 1459 2996 sunt.
1514 2961 1570 2995 De
1590 2960 1702 2994 veteri
1728 2971 1806 2995 aevo

40 3011 282 3046 Romanorum
300 3007 404 3042 Titus
422 3009 543 3044 Livius
561 3010 651 3046 dixit
677 3012 717 3046 L.
746 3011 848 3046 Vlfl.
879 3012 912 3046 C.
940 3023 999 3054 40.
1027 3016 1059 3046 in
1071 3011 1135 3056 fin.
1188 3012 1235 3046 Et
1251 3010 1453 3056 fingulorum
1481 3007 1594 3056 gesta,
1621 3007 1804 3055 &publica

41 3064 246 3095 monumenta
269 3068 371 3091 rerum
400 3056 531 3104 confusa
546 3086 556 3102 ,
588 3070 646 3094 nec
672 3063 835 3106 quisquam
861 3063 991 3106 (equalis
1020 3061 1214 3105 temporibus
1245 3060 1311 3094 illis
1335 3059 1477 3105 Scriptor
1494 3056 1599 3105 exstat
1614 3084 1625 3101 ‚
1648 3071 1705 3105 quo
1716 3058 1807 3106 satis

41 3116 128 3145 certo
148 3104 392 3159 auc‘ioristetur.
448 3106 562 3155 Quare
578 3119 644 3143 non
662 3109 765 3144 ausim
785 3110 1003 3155 Pomponio,
1030 3109 1131 3151 eive,
1157 3119 1259 3154 quem
1284 3108 1341 3142 ille
1358 3107 1534 3143 auGtorem
1551 3108 1720 3154 sequitur,
1746 3108 1807 3144 de-

41 3168 165 3202 rogare
190 3153 317 3198 fidem,
344 3156 504 3202 quamvis
519 3155 612 3192 forte
629 3158 729 3194 aliter
748 3169 820 3192 rem
845 3157 978 3203 gestam
1007 3166 1179 3191 memoret
1205 3157 1263 3190 vel
1285 3157 1356 3203 ipse
1379 3157 1437 3192 ille
1456 3157 1561 3192 Titus
1581 3157 1722 3200 Livius,
1750 3159 1808 3193 ml
1863 3186 1868 3189 .

41 3202 230 3253 Dionysius
247 3203 545 3250 Halicarnasseus,
570 3216 649 3242 nam
671 3205 708 3241 ἃ
731 3204 791 3252 ipsi
809 3207 896 3252 saepe
925 3207 1017 3241 inter
1046 3205 1079 3241 se
1108 3204 1309 3242 dissentiunt
1323 3233 1334 3249 ,
1360 3206 1397 3242 ἃ
1419 3215 1565 3252 uterque
1583 3206 1695 3242 rursus
1712 3209 1755 3242 ab
1773 3220 1809 3242 a-

1730 3255 1786 3292 liis
1798 3282 1815 3302 ,
