2008 3436
215 107 434 147 OPUSC.
486 107 558 143 DE
609 101 1085 142 CAPTATORIIS
1135 105 1501 147 INSTITUT.
1557 115 1594 152 C.
1622 113 1688 153 VI.

70 203 106 226 ea
132 201 202 234 quae
227 191 308 229 dixi,
341 189 418 221 nihil
445 186 512 225 cst,
535 186 621 229 quod
641 185 694 216 hic
711 182 838 227 addam,
864 191 935 213 nam

70 235 130 267 alia
145 233 225 274 juris
240 231 371 264 Romani
395 229 550 268 Decreta,
580 237 650 270 quae
669 226 732 258 huc
750 231 933 266 pertinent,

71 275 229 317 proferam
254 273 309 304 suo
326 273 413 304 loco,
760 307 766 312 ,

113 317 173 349 Sed
188 315 226 346 de
245 314 417 355 exemplis,
440 323 507 354 qua:
525 311 637 344 Paulus
649 332 660 348 ‚
678 317 747 349 quae
759 305 933 353 119111013-

69 359 99 390 ci
119 358 170 389 hic
186 355 381 393 adscribunt,
406 354 540 386 dubitari
566 351 667 393 pulset
683 374 692 389 ‚
717 358 755 380 an
772 349 844 381 latis
861 356 934 389 apta

71 399 131 432 fint
147 399 221 430 huic
241 399 334 430 loco:
365 406 436 428 nam
453 395 483 435 fi
498 394 642 426 Mceviwn
661 389 780 431 instituo
797 390 934 435 haredum

71 451 108 472 ex
126 450 159 471 ea
174 446 278 480 parte,
296 448 332 469 ex
348 447 403 479 qua
419 448 462 468 me
486 436 580 467 Titius
593 432 742 478 Instituit,
766 432 892 477 prorius
904 431 934 462 id

67 482 206 514 alienum
225 479 322 512 videri
356 478 456 520 poll'et
480 487 497 508 a
515 474 690 517 captator-ia
708 472 906 520 institutione
921 495 932 511 ‚

68 532 126 566 per
151 532 242 564 quam
265 529 455 561 aucupamur
477 517 692 549 haereditatem
719 524 807 555 ejus,
838 523 932 559 quem

68 573 128 597 nos
146 564 199 605 ipsi
218 562 390 603 scriplimus
405 559 578 598 haeredem,
609 566 766 598 quemque
785 565 819 586 ea
833 564 934 601 gratia

68 601 247 646 scri'plimus
264 603 435 641 haeredem,
463 610 497 633 uc
516 601 570 632 ille
588 600 617 631 ἃ
634 609 691 645 nos
711 597 849 644 haeredes
862 598 934 628 suos

67 648 234 693 relinquat.
278 643 450 675 Videbatur
477 643 531 674 illa
556 641 715 686 institutio
747 637 906 685 lubhstere
922 661 933 676 ,

68 697 132 721 non
162 687 252 725 1de0,
285 685 370 726 quod
397 685 427 716 in
451 684 571 716 SCtum
598 692 662 714 non
683 688 856 722 impingat,
883 680 935 711 led

68 728 152 772 quod
182 738 198 759 a
223 727 309 759 tertii
333 726 465 758 arbitrio
490 735 553 757 non
571 723 767 769 dependeat,-
788 721 933 769 quemad-

67 770 195 804 modum
216 767 306 808 sunt,
332 769 384 808 qui
404 767 482 799 hanc
503 766 637 809 speciem
657 775 696 796 co
715 766 866 796 reici-unt.
892 762 935 794 ht

68 812 139 845 sane
167 810 279 843 Titius
296 833 306 849 ,
340 809 509 842 secundum
534 818 569 840 ca
593 816 661 849 qua:
683 813 936 852 proponuntur,

66 852 146 886 nihil
165 852 296 884 arbitrio
317 851 372 883 suo
390 850 435 883 est
452 850 658 888 definiturus,
686 848 791 893 ledea
810 855 876 886 ejus
889 855 934 876 111-

69 894 253 932 stitutione,
276 893 336 933 jam
356 893 438 925 facia
454 916 462 931 ‚
497 900 620 923 certum
639 893 668 921 ὁ(
686 889 852 934 delinitum
869 886 933 924 est,

68 945 129 978 qua
153 945 193 967 ex
218 944 306 976 parte
333 935 432 966 haeres
457 933 583 965 futurus
601 931 676 962 ell'ct
694 931 844 975 Maevius.
895 927 935 962 At

68 986 148 1009 vero
165 976 232 1008 haze
247 985 286 1007 eo
302 986 364 1007 non
385 977 543 1018 pertinent
554 996 564 1011 ‚
589 973 639 1004 sed
657 981 720 1013 quo
740 972 838 1002 rerer-t
856 969 934 1015 I'au-

70 1019 138 1057 lus,
161 1017 198 1049 ad
217 1018 405 1058 captator-ias
421 1014 634 1048 institutiones
645 1036 656 1052 ,
680 1022 769 1057 quae,
802 1019 837 1056 ut
853 1012 936 1056 mira

69 1060 192 1098 dicam,
217 1059 348 1090 immane
366 1066 516 1099 quantum
539 1055 744 1100 disteruneab
763 1051 936 1085 rnstltutio-

70 1102 182 1139 nibus,
207 1100 238 1131 in
257 1100 386 1131 alterius
405 1097 572 1130 arbitrium
591 1096 738 1135 collatis,
763 1103 801 1142 ut
815 1102 850 1124 ut
867 1093 936 1139 haec

70 1142 152 1182 stepe
166 1150 326 1182 perperam
342 1140 587 1173 confundantur.
632 1137 693 1170 Sed
716 1136 791 1178 quid
809 1144 885 1182 tunc
896 1136 936 1181 ,11-

71 1183 103 1215 bi
121 1184 211 1221 vult,
237 1183 321 1224 quod
337 1182 453 1214 Paulus
478 1180 561 1213 dixit
576 1203 586 1219 ,
612 1189 668 1221 qua
685 1188 722 1210 ex
731 1176 935 1227 parte-Trerus

69 1234 114 1256 me
139 1224 275 1255 heresem
294 1221 424 1264 instituit
438 1246 450 1262 ,
481 1233 518 1254 ex
537 1232 571 1253 ea
591 1228 698 1262 parte,
721 1230 786 1252 non
808 1218 936 1264 Istius,

70 1265 122 1298 sed
134 1265 263 1297 Mevius
273 1266 358 1296 luceres
366 1263 421 1305 esto
429 1266 445 1298 ἶ)
455 1266 484 1297 δε
496 1264 581 1305 quod
592 1262 698 1294 Graeci
707 1263 857 1306 dixerunt
864 1269 896 1308 m
904 1269 935 1290 e-

68 1307 180 1340 andem
200 1306 403 1345 seutentiam,
423 1317 459 1338 ex
480 1316 537 1348 qua
550 1311 636 1347 parte
646 1315 691 1349 me
703 1305 809 1336 Petrus
816 1299 936 1348 scripsit

70 1349 207 1380 haeredem
218 1371 227 1387 ,
236 1358 272 1380 ex
282 1359 315 1379 ea
328 1370 337 1387 ,
354 1358 417 1380 non
429 1349 538 1380 Petrus
548 1371 558 1387 ‚
578 1347 628 1379 sed
638 1347 842 1378 Paulzcshoeres
855 1344 934 1392 esto?-

70 1391 131 1422 alia
149 1390 201 1421 hie
211 1389 256 1422 est
265 1389 396 1431 persona
411 1391 526 1422 Maevii
544 1398 635 1436 quam
655 1389 760 1429 Titii,
778 1389 837 1420 alia
848 1386 937 1419 Pauli

70 1441 162 1473 quam
172 1431 268 1464 Petri.
293 1432 451 1464 Antonius
471 1431 662 1473 Augustinus
679 1431 719 1462 L.
737 1431 790 1463 lv.
810 1430 934 1462 Erizend.

74 1474 107 1505 C.
123 1483 169 1512 15.
184 1473 338 1505 laboranti
353 1472 562 1506 Constantino
579 1474 623 1505 ita
642 1472 815 1513 succurrit,
828 1482 863 1504 ut
878 1481 934 1503 vo-

69 1524 138 1546 cem
162 1521 274 1546 Π-«ῐλῶ»
299 1515 330 1547 in
357 1524 396 1546 eo
422 1516 502 1547 male
517 1524 608 1556 putet
627 1516 774 1547 additam.
819 1514 879 1547 Sed
901 1524 937 1545 ea

71 1555 136 1598 ipsa
152 1556 193 1588 (ic
211 1565 350 1589 remanet
368 1557 398 1588 in
414 1557 572 1596 Bafilicis,
597 1566 632 1588 ut
647 1566 787 1589 remanet
807 1557 936 1589 Illaevius

70 1598 102 1630 in
125 1599 155 1629 ci.
179 1599 199 1630 l.
224 1608 274 1630 ··1.
295 1604 342 1639 pr.
390 1598 470 1630 Audi
497 1599 662 1639 Cujacium
690 1600 764 1631 Not.
781 1601 874 1641 prior.
898 1598 936 1630 ad

69 1639 98 1681 §.
115 1649 145 1679 4.
173 1617 247 1681 Irzss.
263 1641 296 1671 cle
315 1641 420 1672 societ.
445 1640 605 1680 Nondzmz,
628 1641 658 1672 in
687 1642 753 1680 uit,
775 1643 935 1684 quisquam,

68 1682 142 1724 quod
159 1683 191 1713 in
206 1688 328 1713 mentem
348 1683 403 1713 tibi
419 1684 524 1721 venit,
549 1683 637 1715 Perre
686 1683 780 1722 liber,
804 1685 936 1715 animad-

67 1723 184 1764 vertzffe
209 1725 328 1755 videtur
349 1725 429 1754 circa
458 1724 477 1755 l.
504 1733 555 1764 71.
575 1725 616 1767 ff.
642 1726 675 1756 a'e
700 1725 817 1758 Haered.
839 1723 932 1766 instit.

69 1762 206 1806 Superest
221 1788 233 1804 ,
267 1771 300 1796 ut
322 1766 386 1804 ais,
423 1766 455 1796 in
479 1766 498 1797 l.
519 1776 570 1807 71.
595 1777 654 1798 vox
671 1767 844 1806 Mxmms,
865 1776 935 1798 nam

66 1805 121 1846 etfi
134 1807 319 1847 infuturum
339 1808 384 1837 ita
402 1813 538 1850 concepta
547 1807 588 1846 fit
605 1806 752 1849 institutio
763 1831 772 1845 ‚
797 1817 869 1850 QUA
890 1818 935 1840 Ex

67 1856 182 1880 PARTE
209 1857 260 1880 ME
296 1847 425 1880 T1T1us
458 1848 654 1882 HAEREDEM
683 1859 932 1890 INSTITUERIT,

68 1898 114 1921 nx
132 1898 177 1921 EA
206 1898 318 1922 PARTE
347 1890 499 1923 MAEvms
527 1901 648 1924 Hffiaes
666 1901 770 1930 ΕεΤο,
794 1898 869 1923 certe
886 1901 934 1923 ca-

66 1932 197 1972 ptator-ia
213 1929 358 1972 institutio
377 1942 434 1962 non
456 1931 496 1972 est
519 1933 540 1964 l.
566 1938 616 1968 81.
642 1933 671 1976 §.
701 1943 726 1965 1.
746 1934 788 1975 ff.
812 1935 846 1965 de
862 1933 932 1965 Hae-

65 1974 128 2005 red.
145 1970 240 2013 instit.
259 1975 428 2014 mirarisque
440 1984 454 2005 e
477 1972 666 2015 Constantino
687 1975 764 2007 Ant.
788 1974 932 2017 Augusti-

64 2024 135 2045 num
159 2014 289 2055 exemiffe
312 2024 410 2045 vocem
434 2022 552 2046 nava&-
569 2040 578 2055 ,
613 2016 649 2052 &J
663 2026 761 2048 vocem
778 2016 931 2048 Mffivms

65 2055 211 2096 retinuzffe
236 2057 269 2086 in
299 2057 328 2088 d.
363 2056 382 2086 l.
401 2066 452 2097 71.
477 2057 518 2089 fic
536 2057 706 2098 Cnjacius,
730 2058 862 2099 probata
876 2057 932 2089 Fa-

65 2096 113 2128 bri
131 2096 318 2137 conjectura.
350 2097 455 2143 Quam
470 2099 597 2140 prolixe
614 2098 743 2131 fallatur
762 2099 862 2130 Faber
874 2100 933 2131 cir-

67 2147 108 2169 ca
135 2137 155 2168 l.
182 2142 232 2172 81.
265 2138 293 2179 §.
323 2148 349 2170 1.
368 2139 410 2180 ff.
439 2140 472 2171 de
496 2140 612 2172 Hcered.
638 2139 732 2182 1111111.
758 2150 851 2182 quam
869 2141 932 2172 huc

67 2179 221 2216 advocat,
245 2180 323 2211 nihil
347 2190 430 2212 nunc
446 2182 568 2221 dicam,
594 2183 666 2223 quia
685 2183 779 2223 Caput
795 2182 883 2214 VIII.
903 2192 933 2213 e-

67 2220 116 2260 jus
138 2220 344 2260 explicationi
364 2221 606 2262 destinavimus,
629 2223 680 2255 sed
695 2233 787 2265 quam
806 2225 933 2265 prolixe

65 2262 99 2293 in
119 2269 224 2292 totum
245 2259 373 2293 fallatur
396 2262 503 2301 Faber,
525 2264 589 2305 ipse
612 2264 780 2305 Cujacius,
811 2273 933 2298 mutata

66 2302 139 2344 post
158 2301 331 2341 sententia,
364 2302 418 2335 sibi
445 2303 530 2336 visus
556 2305 601 2338 est
617 2306 750 2347 probare
772 2307 822 2339 L.'
838 2307 931 2340 XVI.

70 2344 194 2385 Olybrv.
230 2344 261 2375 C.
285 2353 332 2375 11.
369 2345 398 2376 &
413 2345 450 2376 ad
473 2345 561 2378 Libr.
579 2347 636 2379 Vl.
660 2348 749 2389 Resp.
770 2348 881 2389 Papirz.
899 2349 931 2381 in

66 2385 86 2416 1.
113 2395 164 2426 70.
189 2384 230 2426 ff.
264 2386 297 2416 de
330 2385 446 2417 Haered.
481 2386 580 2428 instit.
610 2389 782 2430 utrobique
798 2398 930 2422 conten-

65 2426 158 2466 dens,
194 2436 258 2458 non
284 2426 346 2458 ess‘e
370 2426 491 2459 causam
514 2430 665 2462 tollendae
692 2431 783 2462 vocis
801 2431 932 2463 Maevius

64 2467 99 2500 in
120 2468 150 2499 h.
174 2468 194 2499 l.
220 2477 270 2508 71.
323 2479 348 2499 r.
378 2469 451 2508 quia
469 2492 480 2507 ‚
513 2479 551 2503 ut
575 2481 659 2503 nunc
675 2470 773 2512 sapit,
797 2473 930 2505 omnino

64 2509 240 2550 captatoria
267 2514 297 2541 el
339 2509 520 2550 institutio,
544 2522 601 2553 qua
626 2513 738 2555 Gczjum
755 2514 827 2545 mihi
843 2515 928 2546 haere-

65 2551 128 2582 dem
144 2552 261 2591 stribo,
286 2549 315 2589 fi
344 2551 440 2582 Titius
468 2563 512 2583 me
539 2554 675 2585 haredem
692 2554 872 2595 instituerit,
898 2557 930 2588 in

63 2590 208 2622 futurum
227 2601 337 2632 nempe
356 2602 511 2635 concepta
530 2594 689 2634 formula,
720 2597 844 2638 quando
863 2597 929 2638 qui-

63 2632 135 2663 dem
165 2632 244 2664 nihil
269 2633 396 2665 interest
415 2658 425 2673 ‚
457 2636 546 2675 cujus
574 2645 720 2677 captetur
739 2638 902 2670 haereditas
917 2662 928 2678 ,

64 2672 220 2711 instituti,
245 2684 281 2705 an
300 2675 427 2707 alterius
444 2677 627 2719 cujusquam
644 2702 653 2717 ‚
677 2679 767 2719 cujus
784 2688 928 2712 contem-

63 2715 204 2755 platione
222 2715 315 2746 alium
329 2738 338 2754 ,
362 2716 428 2756 ejus
451 2716 538 2750 forte
558 2719 658 2751 filium
683 2721 735 2752 vel
755 2729 904 2762 nepotem
917 2745 926 2760 ‚

62 2755 217 2786 haeredem
243 2754 354 2796 scripti.
400 2757 497 2799 Quod
525 2760 547 2792 fi
566 2760 624 2800 fit,
649 2771 708 2793 nec
723 2762 841 2794 referat
860 2787 869 2802 ‚
896 2764 928 2795 in

62 2795 206 2828 futurum
224 2805 342 2828 mutare
361 2799 505 2837 personas
517 2825 525 2840 ‚
550 2809 587 2833 ut
614 2804 789 2844 captatoria
806 2804 928 2836 institu-

65 2838 113 2868 tio
130 2837 281 2878 probetur
293 2859 303 2876 ,
327 2839 406 2871 nihil
431 2850 556 2883 quoque
573 2842 690 2876 referet
702 2868 711 2884 ,
737 2856 768 2877 in
786 2847 926 2886 praeteri-

64 2886 134 2909 tum
163 2887 311 2924 mutare2
343 2882 603 2920 quemadmodum
626 2887 764 2918 mutavit
791 2887 927 2926 Paulus,

65 2927 101 2950 ut
117 2918 279 2958 ostendat,
302 2929 334 2950 in
351 2930 387 2951 ea
402 2921 505 2962 specie
519 2925 607 2957 SCto
624 2927 731 2960 locum
751 2938 814 2960 non
830 2928 901 2960 ess'e.

107 2959 270 3006 §ferissixne
294 2961 420 3001 quidem
444 2964 526 2997 dixit
553 2966 723 3008 CuJ'acius,
746 2970 831 3011 quod
847 2980 924 3002 mox

64 3001 158 3033 latius
175 2999 239 3042 lpse
254 3000 320 3034 sum
335 3003 524 3043 probaturus
539 3008 577 3039 ad
605 3009 634 3041 h.
660 3010 680 3041 l.
704 3020 754 3052 71.
788 3011 817 3054 ς).
845 3021 872 3044 1.
895 3022 923 3044 a·

1773 125 1856 164 435·

980 181 1057 213 lium
1075 182 1194 229 institui
1209 185 1389 232 haeredem,
1414 191 1510 224 alium
1528 196 1645 241 captari
1663 196 1770 238 posse,
1785 197 1848 235 scd}

978 232 1122 264 quamvrs
1143 225 1257 272 pollrt,
1279 229 1485 265 nihilominus
1502 239 1664 274 perlonam
1680 239 1788 272 Maevii
1807 238 1845 270 ab

977 265 1040 311 hoc
1058 265 1133 296 loco
1148 267 1280 315 alienam
1296 270 1376 317 effe,
1402 282 1464 305 non
1483 275 1545 307 sine
1561 287 1670 319 magna
1687 280 1777 313 causa
1798 280 1844 313 su-

977 307 1091 353 spicor.
1137 307 1252 356 buteo-r
1269 334 1279 349 ,
1311 320 1405 358 etiam
1433 319 1641 356 captator-iam
1659 319 1846 361 scripturam

976 351 1062 394 dici,
1095 347 1116 380 fi
1139 358 1208 390 quis
1234 361 1262 397 m
1281 353 1373 385 aliam
1391 356 1552 395 personam
1570 361 1750 400 captionem
1767 364 1845 395 dirc-

977 399 1079 428 xer-rt,
1105 397 1140 421 ut
1162 393 1299 433 explieat
1318 394 1433 428 Paulus
1452 399 1480 430 in
1506 401 1534 431 ci.
1559 401 1579 432 l.
1605 411 1656 442 7¹·
1682 402 1711 443 ὃ.
1740 413 1765 435 1.
1799 414 1843 436 at<

977 440 1037 472 que
1051 432 1153 478 adeo,
1178 437 1322 478 quamvis
1338 447 1402 470 non
1421 440 1497 471 mihi
1519 447 1663 484 captem,
1700 443 1749 476 sed
1772 447 1842 482 alii.

976 482 1032 514 per
1049 472 1280 522 institutionem
1301 486 1403 512 tamen
1420 490 1539 522 meam,
1564 485 1649 525 quod
1663 487 1845 527 exemplum

976 513 1079 560 ‘³.st.¹s¹
1110 517 1137 546 d.
1170 517 1197 558 ᾖ.
1237 527 1260 549 1.
1293 521 1346 552 vel
1368 522 1445 554 mihi
1498 525 1600 557 uidem
1619 551 1629 566 ,
1655 527 1705 560 sed
1723 538 1788 560 non
1806 539 1846 560 eo

976 557 1095 603 scripto
1112 557 1251 598 haerede,
1277 562 1366 602 cujus
1390 563 1473 596 haere
1496 566 1607 599 itatem
1622 578 1742 609 venor,
1767 579 1798 602 at
1815 581 1846 602 c-

975 607 1024 638 ]us
1042 597 1138 643 ‚forte
1163 609 1301 642 cognato
1329 605 1379 636 vel
1397 607 1522 647 amico,
1553 608 1604 641 sed
1628 612 1679 643 cui
1699 611 1755 644 fiet
1775 621 1846 653 pro2

978 638 1081 685 babile
1096 662 1107 678 ,
1136 639 1272 690 Paulum
1295 645 1344 676 (roc
1365 649 1534 690 principio,
1569 651 1621 683 ubi
1644 652 1724 685 nihil
1742 654 1845 686 adhuc

976 681 1101 712 dixerat
1125 681 1164 728 de
1190 692 1372 734 (optume,=
1392 690 1423 721 in
1440 692 1570 725 alterius
1585 693 1750 734 personam
1769 696 1847 728 dire-

978 723 1047 760 cta,
1063 725 1228 769 *perronae
1255 729 1385 761 mutalle
1404 732 1421 763 ἱ)
1456 733 1536 766 1111111
1562 735 1613 767 hic
1641 737 1725 768 aliud
1741 737 1848 769 dicere

978 765 1105 803 voluit,
1137 775 1230 807 quam
1255 777 1352 817 eum?
1383 774 1435 813 qui
1461 784 1511 806 me
1528 775 1649 818 scripsit
1666 778 1819 811 haeredem
1838 804 1848 816 .

979 816 996 837 a
1011 816 1060 852 me
1081 816 1209 854 quoque
1227 811 1312 856 reete
1328 814 1420 845 lei-ibi
1440 825 1481 847 ex
1502 827 1537 848 ea
1555 827 1662 859 parte,
1688 830 1729 852 cx
1745 832 1805 862 qua
1827 823 1849 852 j..

980 850 1035 894 ple*
1057 857 1107 879 me
1133 848 1272 896 scripsit,
1305 853 1399 894 idque
1424 858 1525 897 palam
1544 860 1696 901 significat
1712 862 1846 903 subjecta

979 898 1060 936 ratio
1074 912 1083 928 ‚
1107 900 1200 937 ‘quia’
1224 902 1264 938 m.
1284 898 1499 939 przecerr‘rmn,
1523 910 1585 933 non
1606 902 1634 934 in
1651 902 1796 936 futurum
1816 915 1841 935 e-

977 930 1114 977 jusmodi
1131 931 1289 966 instltutro
1306 937 1481 972 confertur.
1528 942 1635 985 Atque
1651 945 1741 986 hujus
1762 946 1847 978 insti-

980 979 1114 1017 tutioms
1134 972 1305 1022 formulam
1332 980 1463 1012 exhibet
1481 1007 1490 1021 ‚
1526 993 1559 1015 ut
1588 995 1672 1018 nunc
1699 987 1849 1029 scripfisse

978 1014 1137 1063 creditur,
1162 1025 1223 1056 qua
1239 1026 1283 1049 ita
1298 1020 1443 1059 personas
1459 1025 1621 1058 mutasset:
1656 1038 1712 1070 qua
1730 1039 1767 1060 ex
1777 1036 1847 1071 par-

979 1062 1006 1087 te
1029 1056 1124 1086 Imm
1139 1067 1182 1088 me
1197 1059 1328 1091 heredem
1344 1061 1492 1104 institnit,
1518 1076 1555 1097 ex
1569 1079 1602 1099 ea
1614 1075 1701 1110 parte
1718 1071 1851 1104 Maevius*

978 1096 1152 1144 lueret-esto..
1210 1100 1310 1146 Valde
1336 1103 1547 1145 inexspcftata
1575 1109 1627 1141 hic
1653 1111 1699 1143 cst
1719 1112 1853 1153 persona

980 1138 1108 1175 Maewu
1131 1140 1302 1181 limpllclus
1324 1144 1354 1176 ἅ
1370 1147 1482 1180 melius
1499 1149 1646 1191 dixisset,
1672 1161 1707 1185 ut
1725 1154 1789 1195 ipse
1803 1155 1850 1187 fe-

978 1190 1013 1212 re
1031 1180 1197 1221 legendum
1215 1183 1328 1231 censeo
1338 1208 1349 1224 ,
1373 1197 1410 1219 ex
1425 1198 1460 1220 ea
1469 1196 1557 1231 parte
1574 1202 1668 1226 MEUs
1686 1195 1850 1238 hoeresesto.

978 1231 1044 1268 non
1062 1231 1176 1264 magno
1194 1226 1369 1261 molimine.
1413 1231 1450 1260 ‘rb
1467 1242 1545 1264 meus
1561 1235 1613 1266 vel
1637 1237 1711 1268 mihi
1724 1244 1852 1278 poterat·

979 1263 1125 1305 qu1dem,
1148 1272 1185 1313 ut
1203 1264 1451 1310 supervacuum,
1477 1276 1585 1307 omitti
1609 1277 1630 1308 l.
1660 1287 1686 1310 1.
1702 1278 1731 1319 §.
1757 1290 1786 1322 3.
1808 1280 1849 1322 ff.

979 1308 1013 1336 cle
1031 1304 1151 1351 Haered.
1171 1306 1265 1355 znfizf.
1292 1319 1327 1341 ut
1344 1312 1439 1345 etiam
1456 1313 1538 1358 saepe
1552 1318 1715 1352 omittitur
1727 1343 1737 1359 ,
1753 1331 1851 1362 quum

980 1346 1090 1394 nobis-2
1114 1357 1180 1394 non
1205 1350 1275 1382 alus
1302 1351 1472 1388 scribamus
1501 1358 1660 1400 haeredes,
1683 1361 1735 1394 sed
1750 1363 1780 1395 ὅ(
1797 1362 1853 1396 sae*

979 1398 1019 1431 pe
1030 1389 1193 1430 adchltu1·,
1205 1395 1468 1432 quemadmodum
1485 1399 1547 1432 inl.
1563 1410 1611 1434 11.
1622 1402 1642 1434 l.
1655 1413 1706 1442 29.
1723 1404 1745 1436 l.
1756 1408 1809 1445 56.
1827 1405 1851 1438 b.

979 1435 1032 1479 58.
1061 1437 1110 1471 pr.
1141 1431 1163 1463 l.
1188 1437 1240 1466 81.
1274 1433 1302 1475 ἓ.
1327 1437 1382 1470 ult.
1418 1439 1492 1473 Eod.
1527 1441 1557 1474 &
1592 1443 1613 1476 l.
1637 1453 1667 1486 4.
1687 1451 1734 1487 pr.
1761 1446 1790 1487 §.
1820 1456 1849 1479 1.

980 1472 1016 1507 ω)
1033 1482 1062 1504 2.
1079 1472 1122 1520 ff.
1142 1474 1360 1521 cle-Manumzs
1382 1480 1494 1522 testam.
1521 1483 1554 1516 in
1576 1494 1640 1526 quo
1652 1489 1800 1529 principio
1818 1491 1855 1523 d-

980 1515 1000 1545 l.
1023 1524 1054 1554 4.
1089 1515 1275 1562 iimpllciter
1304 1518 1476 1555 Florentiae
1503 1523 1548 1556 est
1571 1537 1649 1558 meus
1674 1538 1733 1570 pro
1764 1530 1853 1562 haerer

979 1564 1144 1603 metm-ut
1173 1565 1269 1590 etiam
1293 1560 1470 1596 rescribunt
1497 1566 1634 1609 Vulgata
1658 1570 1689 1602 ἀ
1706 1570 1848 1604 Haloan-

978 1597 1054 1644 der5
1085 1597 1180 1639 idque
1203 1598 1248 1631 est
1272 1603 1469 1643 probandum
1486 1630 1498 1646 ‚
1527 1608 1582 1642 nili
1608 1611 1679 1652 quis
1693 1621 1753 1653 pro
1772 1619 1851 1645 meur

979 1639 1069 1671 maht
1092 1649 1246 1686 reponere
1270 1643 1420 1686 Maevius,
1454 1651 1614 1683 contraria
1629 1674 1640 1691 ,
1663 1662 1756 1695 quam
1776 1655 1850 1696 hie,

979 1681 1210 1714 emendatione.
1263 1684 1483 1726 Suspicionem
1511 1699 1617 1724 autem
1653 1696 1757 1728 mendi
1789 1697 1855 1729 hoc

978 1723 1055 1755 loco
1086 1731 1180 1769 auget
1200 1747 1210 1763 ‚
1246 1728 1331 1766 quod
1360 1727 1541 1764 Charondas
1567 1734 1605 1766 ad
1635 1736 1663 1767 h.
1689 1737 1709 1768 l.
1729 1747 1780 1778 71.
1800 1745 1851 1779 pr.

978 1772 1160 1805 notaverit,
1185 1775 1300 1798 vocem
1317 1768 1450 1802 Mevius
1467 1772 1501 1804 in
1517 1773 1617 1807 Libro
1633 1776 1690 1809 suo
1711 1779 1782 1812 MS.
1800 1780 1854 1811 de*

979 1806 1060 1846 esse,
1091 1806 1219 1838 laudato
1242 1817 1412 1855 propterea
1423 1834 1436 1852 ‚
1468 1815 1521 1855 qui
1543 1825 1611 1849 earn
1624 1818 1766 1860 delevit,
1792 1821 1849 1853 Fa-

978 1848 1047 1880 bro.
1093 1848 1165 1891 Ego
1188 1858 1298 1890 potrus
1323 1853 1390 1893 ejus
1417 1854 1522 1888 vicem
1541 1857 1692 1900 suppleo,
1718 1862 1748 1894 &
1768 1863 1850 1895 addo

977 1899 1094 1937 vocem
1120 1900 1199 1922 meus
1214 1914 1224 1930 ‚
1256 1901 1326 1933 quae
1350 1894 1393 1926 ob
1410 1895 1596 1932 affinitatem
1615 1900 1779 1943 scripturae
1797 1913 1848 1945 pa-

976 1941 1046 1963 rum
1065 1930 1159 1964 distat
1177 1942 1194 1963 a
1209 1932 1357 1974 Mevius,
1381 1939 1536 1979 maxime,
1563 1941 1584 1973 fi
1596 1965 1606 1981 ‚
1632 1952 1668 1974 ut
1685 1945 1766 1985 apud
1783 1946 1848 1978 An-

977 1973 1083 2014 tiquos
1103 1974 1201 2020 moris
1217 1973 1300 2015 fuit,
1327 1977 1450 2009 Meuius
1468 1979 1620 2015 scribatur
1641 1994 1655 2016 e
1673 1985 1849 2027 simplici&

975 2015 1126 2088 {lvocah
1145 2037 1157 2054 ‚
1187 2014 1275 2047 forte
1302 2018 1333 2051 ἀ
1356 2019 1500 2053 adhibito
1523 2023 1677 2058 scribendi
1695 2036 1846 2069 compen-

1000 2066 1042 2088 10.

1019 2097 1093 2131 Illas
1107 2107 1212 2131 autem
1229 2109 1349 2142 voces,
1382 2114 1461 2136 meus
1478 2106 1508 2138 ἃς
1529 2107 1661 2140 Maevz'ur
1671 2132 1682 2149 ‚
1705 2120 1770 2143 non
1788 2110 1849 2144 dif-

976 2140 1103 2187 ficulter
1118 2149 1330 2176 commutatas
1357 2145 1419 2177 esse
1439 2147 1468 2178 δε
1483 2148 1610 2181 aliunde
1634 2151 1777 2185 constare
1792 2163 1848 2195 po-

975 2189 1061 2228 terit.
1106 2182 1158 2214 Ex
1180 2192 1216 2214 ea
1240 2192 1328 2217 certe
1356 2188 1509 2220 affinitate
1526 2190 1588 2222 effe
1602 2193 1738 2234 opinor,
1763 2195 1849 2237 quod

974 2225 1050 2272 1111.
1077 2234 1129 2266 43.
1164 2224 1191 2266 §.
1214 2234 1240 2256 1.
1269 2226 1310 2267 ff.
1330 2229 1364 2260 de
1387 2229 1451 2260 Vul
1476 2256 1483 2262 .
1501 2231 1538 2267 ἐξ
1553 2234 1762 2277 ρῑφίίί.]“1ιὺ]ὶ.
1786 2246 1848 2278 pro

969 2265 1054 2305 filzus
1069 2276 1167 2304 meus,
1183 2268 1270 2314 quod
1286 2278 1396 2302 omnes
1412 2270 1448 2302 Li
1476 2272 1502 2303 ri
1519 2273 1634 2307 habent
1646 2300 1656 2315 ‚
1673 2277 1755 2318 apud
1766 2277 1849 2310 Rus-

975 2306 1097 2339 sardum
1120 2308 1159 2340 fit
1176 2309 1262 2348 filius
1284 2321 1363 2342 meus
1387 2312 1541 2354 Mevius,
1574 2318 1657 2357 quali
1687 2319 1847 2359 geminata

974 2348 1146 2395 scriptura,
1181 2359 1342 2392 perperam
1373 2362 1488 2387 tamen.
1534 2356 1610 2388 Inde
1629 2367 1757 2400 quoque
1773 2359 1819 2392 est
1834 2380 1849 2400 ‚

973 2391 1058 2431 quod
1075 2400 1107 2423 1n
1130 2392 1151 2422 l.
1176 2396 1223 2438 18.
1236 2398 1292 2465 ἰν.
1308 2394 1349 2435 ff.
1367 2396 1401 2426 de
1422 2396 1529 2437 Stipzrl.
1539 2397 1652 2440 servor.
1674 2409 1732 2440 pro
1742 2399 1845 2443 fiseo·-

973 2442 1029 2463 vus
1054 2442 1210 2464 commums
1260 2434 1346 2466 ffaeviz'
1359 2458 1370 2475 ,
1399 2438 1538 2479 antiquae
1559 2440 1701 2480 quaedam
1719 2442 1844 2474 Editio-

973 2483 1028 2506 nes
1051 2473 1222 2506 exhibeant
1240 2500 1249 2514 ‚
1279 2475 1309 2515 fi
1323 2478 1431 2518 servus
1456 2482 1613 2512 communis
1637 2492 1724 2515 meus.
1751 2493 1846 2525 quam

974 2516 1160 2547 varietatem
1177 2515 1339 2550 Lectionis
1355 2519 1451 2551 etiam
1467 2520 1634 2555 Accurfius
1650 2527 1786 2557 notavit.

999 2556 1202 2604 ‘Caeterum-2
1225 2566 1260 2589 ut
1280 2559 1317 2590 ad
1340 2562 1369 2592 d.
1402 2561 1422 2592 l.
1442 2571 1492 2602 71.
1513 2569 1563 2604 pr.
1587 2573 1748 2605 revertar,
1773 2566 1841 2599 infi-

976 2608 1052 2630 c1ar1
1078 2608 1141 2630 non
1165 2599 1243 2630 licet
1261 2622 1273 2638 ‚
1305 2599 1327 2632 fi
1353 2611 1420 2634 vox
1439 2603 1570 2636 liffaevius
1592 2606 1625 2638 in
1642 2608 1757 2639 mendo
1776 2608 1813 2640 fit
1830 2632 1843 2648 ‚

972 2640 1120 2672 mendum
1145 2639 1207 2671 ess'e
1229 2642 1473 2683 antiquiffimum
1491 2669 1501 2685 ‚
1534 2656 1575 2679 ex
1600 2657 1640 2680 eo
1656 2649 1740 2681 enim
1757 2650 1843 2690 quod

972 2681 1102 2713 Men-vius
1121 2681 1165 2713 ibi
1183 2682 1325 2724 legatur,
1351 2686 1446 2718 etiam
1469 2687 1590 2721 Basilici
1609 2690 1755 2732 personas
1773 2700 1841 2722 mu-

973 2731 1094 2762 tarunt,
1121 2724 1303 2756 &mutavit
1325 2725 1603 2771 Harmenopulus,
1627 2732 1707 2763 nihil
1723 2732 1842 2773 quippe

972 2764 1088 2796 habent
1103 2765 1171 2804 illi,
1197 2767 1283 2807 quod
1298 2777 1363 2800 non
1381 2769 1418 2800 ad
1438 2772 1618 2812 exemplum
1637 2774 1665 2804 d.
1685 2773 1705 2804 l.
1721 2782 1770 2814 71.
1791 2779 1841 2814 pr.

969 2804 1213 2847 descripserint3
1240 2809 1321 2840 male
1338 2811 1484 2851 quidem,
1509 2812 1530 2844 fi
1554 2814 1635 2844 male
1653 2813 1787 2855 legerint
1810 2816 1838 2846 cl.

969 2847 1067 2889 l.71.1
1092 2847 1144 2880 sed
1171 2858 1235 2880 non
1264 2848 1320 2880 suo
1346 2851 1503 2892 ipsorum,
1528 2854 1631 2885 multo
1647 2857 1749 2886 minus
1767 2854 1840 2887 scri-

968 2896 1072 2929 pturae
1099 2890 1194 2922 vitio.
1241 2889 1348 2933 Quare
1373 2893 1406 2924 id
1434 2893 1465 2924 in
1486 2893 1728 2935 Harmenopulo
1745 2906 1838 2928 aceu-

968 2930 1034 2962 sare
1059 2931 1111 2963 vel
1140 2932 1305 2962 emendare
1323 2931 1515 2974 Augustinus
1532 2945 1594 2967 non
1613 2936 1782 2977 debuerat,
1808 2940 1840 2970 δε

969 2979 1093 3012 tamen,
1126 2981 1162 3003 ut
1188 2971 1311 3010 sanam,
1340 2976 1584 3014 praeterrnittere
1600 2977 1784 3011 lectionem
1807 2980 1837 3012 la.

968 3013 990 3045 l.
1013 3023 1063 3054 71.
1086 3019 1135 3053 pr.
1160 3023 1260 3054 neque
1278 3014 1361 3047 enirn
1384 3015 1451 3048 haec
1473 3017 1526 3049 fibi
1545 3018 1702 3052 constant.

1071 3250 1110 3283 li
1137 3250 1142 3280 i
1751 3237 1841 3289 (la-
