2008 3436
574 142 575 145 η
853 103 1011 154 (m)

42 190 1833 260 ffffiffssfifflffiffiffssffifflffiffifflssffifflfflffifflffiffifflffi

355 443 391 479 31³2

136 336 317 448 Q&

391 433 561 476 W?

39 913 903 1051 QUAEST

143 1120 565 1209 JLJRI
650 1117 711 1190 S
847 1116 896 1189 P

411 1288 822 1334 LIBER

774 781 867 819 ET

243 1434 384 1486 DE
497 1387 885 1488 Rssssn's'

825 292 1048 388 ffiffiffi

825 384 1048 473 &et
1299 386 1334 473 s

1555 331 1734 441 &Q

35 532 101 580 n*
248 389 1838 601 aoeffiaeekzaeffiaezffeaezffssaezffffiffiffiffleffizgg

55 670 917 769 chRNELH‘VAN.

1301 327 1519 394 ,fletae

1331 385 1518 444 QQOE

1336 437 1517 471 ’‘xxvvi-2<

1077 324 1264 438 w,
1783 254 1834 397 ω

956 666 1772 738 BYNKERSHOEK,

962 781 1390 828 PRAEszos&

978 1116 1715 1200 UBLICI,

935 1287 1455 1334 PRIMUS.

998 1434 1626 1488 BELLICIS.

696 1751 1058 1790 CAPUT
1155 1753 1185 1788 t.

611 1841 774 1889 Definztio
800 1842 906 1886 Belli,
931 1843 1063 1889 ejusque
1088 1843 1275 1890 explicatio.

238 1948 258 1968 &a
281 1945 358 1973 uum
373 1938 490 1971 Cicero
503 1937 586 1971 dixit
603 1938 645 1972 L.
662 1939 690 1972 Ι.
713 1942 748 1973 de
767 1938 854 1982 Offic.
881 1940 914 1973 C.

141 1993 197 2016 ,κν
219 1988 264 2033 17.
298 1990 346 2013 11.
372 1980 434 2012 effe
453 1982 506 2013 duo
524 1991 636 2024 genera
656 1982 852 2020 decertandi,
875 1982 918 2014 al-

111 2032 115 2040 ’
174 2027 197 2065 5.-
255 2042 261 2048 -
295 2032 388 2054 teram
406 2029 460 2064 per
487 2023 728 2065 disceptationem
747 2047 760 2062 ,
793 2024 918 2056 alteru-m

111 2090 114 2091 γ
140 2099 141 2102 Ἴ
287 2072 341 2106 per
355 2066 440 2104 vim,
462 2073 520 2106 per
536 2074 636 2107 genus
653 2064 811 2106 posterius
826 2065 917 2098 intel—

50 2130 82 2152 «Ι
104 2129 116 2160 'n
136 2151 147 2163 ν
172 2109 266 2163 ἕξ
293 2106 526 2153 lexitoBellunss
550 2116 617 2153 non
633 2107 719 2148 quod
739 2107 918 2140 bellumita

52 2160 61 2163 -
150 2174 152 2176 ,
294 2148 425 2181 definire
450 2148 611 2187 voluerit,
636 2156 672 2180 ut
695 2158 768 2181 eum
783 2148 918 2187 voluiss'e

44 2195 152 2231 censet
169 2191 355 2238 Grotiusde
373 2189 450 2232 Jure
471 2189 508 2221 B.
533 2189 569 2225 ὅ*
591 2190 629 2223 Ρ.
656 2190 695 2223 L.
713 2190 745 2222 -Ι,
773 2191 806 2223 C.
835 2201 861 2224 1.
887 2190 918 2232 §.

43 2249 74 2271 2,
98 2249 129 2270 ῃ,
157 2247 183 2271 1.
209 2247 281 2271 nam
308 2230 492 2274 xmperfetta
516 2230 593 2264 esset
609 2241 645 2264 ea
662 2231 829 2271 definitio,
853 2242 918 2272 non

43 2278 134 2312 secus
160 2289 256 2322 atque
271 2272 456 2321 imperfefta
481 2271 526 2305 est
542 2273 602 2305 alia
617 2273 757 2306 Albssl‘iCi
777 2273 918 2307 Gentllis

42 2321 87 2354 L,
112 2321 136 2354 1,
161 2324 195 2353 de
222 2321 300 2362 Jure
329 2315 407 2348 Bellz
433 2314 467 2346 C.
491 2324 522 2346 2.
544 2314 598 2356 qui
627 2315 746 2348 bellum
769 2315 831 2348 effe
852 2316 918 2356 ait,

44 2362 234 2396 publicorum
249 2367 394 2397 armorum
403 2353 517 2403 justan}
531 2359 752 2390 contentionem.
788 2357 915 2390 Utram-

44 2413 106 2451 que
119 2405 362 2439 definitionem,
385 2407 530 2440 quamws
550 2399 650 2440 prima
667 2400 820 2440 probetur
837 2398 919 2432 Gro-.

44 2452 113 2485 tro,-
134 2446 238 2478 minus
262 2451 366 2478 tamen
390 2439 452 2473 esse
471 2438 667 2481 perfectam,
691 2441 855 2484 intelliges
878 2451 919 2474 ex

44 2495 102 2527 ea,-
119 2497 212 2530 quam
231 2487 297 2528 ipse
317 2483 418 2521 addo,
438 2482 469 2515 ἀ
486 2491 594 2514 omnes
603 2504 614 2521 ,
632 2481 688 2514 nifi
705 2481 822 2522 fallor,
843 2483 921 2516 belli

47 2534 194 2565 numeros
209 2529 332 2569 implet.
360 2524 476 2570 Bellum
491 2522 534 2565 est
548 2534 643 2555 eorum
652 2525 722 2566 ,qui
721 2524 784 2565 sicce
793 2523 919 2566 potest&

47 2571 187 2613 tisfimt,
204 2571 282 2614 juris
289 2569 342 2611 sui
354 2567 542 2608 peffequendi
562 2576 653 2608 ergo,
675 2568 851 2598 concertatio
865 2573 920 2608 per

48 2614 113 2646 vim
124 2612 172 2644 vel
187 2613 292 2644 dolum.
317 2608 489 2642 Videamus
504 2607 631 2648 fingula.

93 2652 152 2686 Ait
174 2653 337 2692 definitio,
369 2660 484 2688 eorum,
515 2651 565 2691 qui
581 2649 644 2691 suae
665 2648 818 2691 potestatis
834 2651 918 2692 sunt.

49 2695 127 2728 Sive
141 2703 254 2735 nempe
271 2692 424 2728 Gentium
436 2715 446 2731 ,
457 2692 522 2724 five
537 2690 730 2733 fingulorum
743 2692 920 2732 hominurn,

50 2736 108 2769 ubi
127 2735 215 2768 nulla
232 2734 279 2768 est
296 2734 435 2767 Civitas:
453 2732 549 2765 iidem
566 2733 684 2774 quippe
701 2742 778 2766 tunc
795 2735 922 2776 utrique

51 2777 148 2817 sunt,
171 2785 293 2818 neque,
324 2775 411 2816 quod
436 2774 630 2816 singulorum
660 2775 826 2808 hominum
853 2775 919 2815 est,

52 2819 137 2852 reete
151 2818 270 2850 dixeris
287 2817 444 2858 privatum
456 2816 574 2848 bellum
584 2839 594 2856 ,
605 2817 677 2858 quia
693 2817 853 2858 privatum
874 2818 921 2850 ni-

54 2861 102 2893 hil
119 2859 183 2899 est,
206 2858 263 2892 nisi
280 2858 402 2893 ratione
426 2857 567 2898 publici,
590 2859 697 2899 quod,
720 2859 775 2891 ubi
799 2858 924 2891 Civitas

55 2911 120 2935 non
147 2901 211 2941 est,
235 2900 360 2933 nullum
387 2897 444 2930 est.
486 2898 563 2931 Hoc
586 2899 705 2932 bellum
729 2900 923 2942 singulorum

56 2945 91 2980 ,in
117 2943 259 2976 Civitate
276 2940 393 2978 cessat,
416 2939 532 2971 &ideo
550 2940 573 2972 fi
592 2941 730 2974 debitori
751 2952 843 2982 meo,
869 2943 923 2984 qui

57 2985 136 3018 mihi
152 2985 264 3017 decem
288 2983 404 3019 debet,
425 2981 535 3013 decem
555 2982 741 3023 extorsero,
766 2985 875 3016 incido
894 2985 927 3016 in

59 3025 179 3067 Legem
198 3025 313 3066 juliam
331 3024 370 3056 de
385 3023 418 3054 vi
438 3022 580 3063 privata,
600 3024 672 3064 quia
688 3035 752 3058 non
765 3025 867 3058 solum
878 3026 928 3057 vis

59 3066 128 3105 est,
150 3067 171 3100 fi
192 3067 336 3098 homines
353 3065 559 3097 vulnerentur
571 3087 583 3103 ,
605 3066 656 3097 sed
674 3067 705 3099 ἃ,
724 3075 802 3099 tunc
815 3092 825 3107 ,
851 3076 928 3109 quo-

61 3109 124 3140 tics
138 3108 208 3149 quis
225 3107 277 3146 id,
299 3107 385 3149 quod
403 3105 510 3137 deberi
528 3105 581 3138 fibi
601 3115 712 3148 putat,
736 3119 801 3141 non
813 3119 868 3151 per
885 3119 931 3149 Ju-

63 3150 167 3223 picem
186 3148 323 3190 reposcit
343 3149 363 3181 l.
388 3158 418 3190 7.
437 3147 479 3190 ff.
502 3147 540 3178 ad
567 3147 607 3180 L.
632 3148 703 3190 Jul.
725 3152 759 3183 de
776 3152 810 3182 vi
825 3152 931 3192 priva-

80 3201 108 3225 a.

110 3232 166 3265 Ait
181 3231 343 3271 definitio,
361 3232 440 3275 juris
446 3231 498 3274 sui
510 3231 700 3285 persequendi
716 3242 794 3274 ergo.
838 3233 932 3266 Scili-

959 1948 1013 1973 cet
1029 1938 1128 1974 nostri
1143 1940 1333 1973 defendendi
1348 1941 1402 1973 vel
1419 1938 1623 1981 recuperandi
1640 1937 1748 1977 causa,
1773 1937 1838 1970 sola

960 1983 1037 2015 belli
1061 1982 1144 2013 ratio
1170 1982 1235 2020 est,
1259 1981 1311 2013 sed
1335 1992 1413 2014 cave
1439 1981 1620 2019 existimes,
1643 1980 1719 2013 belli
1741 1979 1838 2012 finem

961 2024 1031 2057 effe.
1058 2022 1166 2063 Gens,
1189 2033 1260 2066 quae
1277 2021 1376 2056 Genti
1392 2024 1541 2063 injuriam
1557 2022 1689 2060 intulit,
1713 2022 1743 2054 ὅ(
1760 2022 1839 2094 ipsa,

962 2067 992 2099 δε
1015 2075 1109 2098 omne
1132 2066 1200 2106 ejus
1224 2066 1391 2106 imperium
1410 2064 1533 2102 Genti,
1557 2063 1703 2103 injuriam
1721 2072 1762 2104 pa
1788 2073 1839 2101 ae,

961 2107 994 2148 in
1010 2106 1210 2140 commiss'um
1226 2107 1354 2139 videtur
1370 2107 1491 2145 cadere.
1518 2106 1548 2138 Is
1564 2113 1653 2137 certe
1670 2104 1747 2137 belli
1765 2103 1838 2136 finis

961 2148 1026 2188 est,
1050 2149 1072 2182 fi
1096 2149 1138 2181 ita
1160 2149 1306 2181 videatur
1327 2147 1451 2188 Genti,
1474 2148 1621 2189 injuriam
1647 2145 1763 2188 passae,
1785 2155 1838 2177 ne-

962 2201 1024 2233 que
1040 2190 1125 2223 enim
1141 2190 1195 2222 ubi
1213 2190 1280 2222 haec
1296 2191 1498 2232 recuperavit
1517 2198 1659 2227 tantum,
1684 2197 1840 2229 quantum

962 2233 1022 2265 alia
1038 2233 1216 2272 ademerat,
1240 2232 1360 2264 bellum
1384 2232 1497 2272 ceffat‚
1522 2232 1574 2263 vel
1598 2230 1715 2262 cessare
1730 2229 1838 2261 debet.

961 2275 1012 2314 Ad
1039 2274 1241 2315 Principem,
1271 2281 1383 2306 contra
1410 2283 1504 2315 quem
1531 2273 1651 2305 bellum
1676 2271 1837 2313 gerimus,

960 2316 1105 2348 universa
1120 2314 1311 2357 Respublica
1328 2317 1485 2357 pertinet,
1497 2323 1561 2347 tam
1575 2312 1717 2356 personae
1727 2321 1840 2354 ,quam

961 2368 1031 2398 res3
1055 2357 1145 2390 sicuti
1162 2358 1260 2399 igitur
1278 2357 1457 2390 debitorem
1476 2356 1618 2390 nostrum
1636 2355 1666 2387 ὅ(
1683 2355 1790 2386 omnia
1805 2363 1838 2383 e-

961 2400 1009 2440 jus
1034 2400 1116 2432 bona
1132 2400 1311 2441 exigimus,
1333 2400 1378 2431 ita
1397 2400 1427 2431 &
1446 2400 1478 2431 in
1504 2398 1592 2430 bello
1607 2396 1789 2436 Principem
1807 2394 1839 2426 dt

961 2440 1140 2474 universam
1165 2441 1233 2483 ejus
1257 2436 1510 2481 Rempublicam.
1557 2437 1749 2471 Debitorem
1769 2435 1838 2477 qui-

961 2484 1033 2516 dem
1057 2492 1122 2515 non
1150 2483 1234 2515 ultra
1253 2482 1433 2523 exigimus,
1455 2490 1548 2522 quam
1574 2478 1667 2511 nobis
1685 2477 1839 2516 debetur,

962 2524 1015 2558 sed
1032 2525 1063 2556 in
1080 2524 1187 2564 bello,
1211 2522 1365 2555 dissoluto
1381 2521 1617 2564 quodammodo
1636 2520 1761 2561 generis
1778 2518 1835 2550 hu-

963 2566 1046 2598 mani
1060 2564 1202 2604 foedere,
1224 2564 1262 2596 ad
1280 2563 1401 2596 hostem
1420 2564 1550 2605 ejusque
1569 2563 1676 2595 omnia
1691 2560 1836 2602 subigen-

963 2609 1002 2639 da
1029 2608 1225 2649 accingimur
1240 2629 1252 2645 ,
1274 2606 1463 2648 occupando
1486 2614 1582 2637 omne
1604 2605 1635 2636 id
1657 2604 1724 2643 ius,
1749 2601 1837 2644 quod

965 2648 1031 2691 ipse
1048 2649 1199 2690 Princeps
1215 2648 1249 2680 in
1265 2647 1507 2689 Rempublicam
1532 2656 1600 2678 eam
1618 2645 1728 2677 habuit
1739 2667 1751 2683 ‚
1773 2644 1838 2676 hoc

964 2690 1031 2731 est,
1067 2691 1210 2722 omnium
1237 2689 1403 2722 hominum
1427 2697 1615 2730 rerumque,
1647 2687 1700 2728 qui
1725 2688 1838 2727 quaeve'

963 2734 998 2772 in
1014 2743 1050 2764 ea
1065 2732 1242 2773 Republica
1258 2730 1349 2770 sunt,
1371 2731 1564 2763 dominium:
1588 2727 1741 2770 generalis
1751 2735 1837 2758 nem-

964 2785 1004 2817 pe
1020 2774 1098 2806 belli
1115 2773 1262 2806 conditio
1282 2771 1327 2804 est
1338 2797 1348 2813 ,
1375 2780 1410 2804 ut
1424 2772 1462 2804 ad
1481 2770 1656 2804 mensuram
1670 2778 1734 2801 non
1751 2776 1836 2809 gera-

965 2826 1027 2849 tur.

1009 2858 1112 2896 Dixi„
1135 2859 1324 2890 concertatio.
1370 2857 1447 2902 Quo
1473 2855 1576 2887 verbo
1600 2862 1664 2886 non
1681 2851 1836 2883 duntaxat

966 2900 1107 2933 certandi
1137 2899 1241 2932 aetum
1265 2898 1496 2941 significamus,
1519 2895 1571 2927 scd
1596 2895 1626 2925 &
1644 2892 1744 2933 ipsum
1762 2893 1841 2939 belli

966 2942 1081 2975 statum
1092 2964 1104 2980 ‚
1126 2951 1160 2973 re
1176 2942 1259 2973 enim
1278 2939 1418 2981 expressa
1434 2937 1531 2970 facile
1545 2935 1678 2976 qualitas
1689 2933 1837 2975 sequitur.

970 2985 1024 3017 Sic
1039 2982 1131 3024 JCti,
1156 2992 1230 3014 cum
1254 2981 1440 3014 sei-vitutem
1463 2978 1639 3014 definiunt,
1660 2984 1724 3021 non
1740 2973 1839 3008 solam

970 3025 1151 3062 aclionern,
1174 3033 1236 3065 qua
1263 3023 1354 3055 liberi
1380 3020 1523 3052 homines
1548 3018 1677 3050 alterius
1705 3017 1840 3057 imperio

972 3066 1203 3106 subjiciuntur,
1227 3065 1428 3104 intelligunt,
1453 3059 1507 3092 sed
1524 3060 1554 3091 &
1571 3058 1667 3098 ipsam
1683 3059 1842 3090 conditio-

972 3117 1045 3141 nem
1065 3107 1096 3138 &
1113 3105 1227 3138 statum
1253 3104 1424 3137 servitutis.
1451 3101 1557 3133 Etiam
1576 3099 1712 3131 Grotius
1729 3100 1760 3131 id
1777 3100 1842 3131 ani-

975 3148 1148 3182 madvertit
1166 3147 1198 3179 in
1213 3145 1397 3178 definitione
1414 3143 1511 3182 belli,
1533 3151 1626 3183 quam
1643 3139 1710 3183 ipse
1725 3151 1766 3173 ex
1786 3141 1840 3173 Ci-

977 3199 1095 3222 cerone
1111 3188 1196 3220 suam
1211 3188 1301 3220 fecit.
1889 3215 1894 3217 ,

1023 3229 1126 3269 Dixi,
1147 3235 1202 3270 per
1223 3230 1295 3262 vim.
1321 3225 1398 3260 Non
1423 3236 1478 3268 per
1502 3226 1570 3259 vim
1589 3222 1719 3268 justam,
1743 3223 1846 3269 omnis

1765 3273 1847 3297 euim
