2008 3436
251 110 538 161 QUAEsm

49 198 176 235 femur,
200 195 271 231 satis
289 197 400 228 videor
419 195 563 237 probasse
589 196 681 228 Libro
700 194 852 238 singulari
876 197 911 227 <Ie

49 241 119 274 Foro
140 239 318 281 Legacorum
339 240 369 270 C.
393 237 467 270 XV.
514 239 594 270 Sane
612 237 697 279 Lege
713 237 794 278 Julia
813 237 911 278 Repe-

49 281 213 314 tundarum
230 289 292 312 non
313 287 435 311 tantum
453 278 576 319 judices
589 301 599 316 ,
622 277 674 310 sed
686 279 716 310 δ(
734 288 842 310 00111111
855 288 908 310 co-

49 324 138 356 mites
168 322 373 353 continentur
398 321 418 352 l.
443 329 475 360 5.
493 320 534 361 ff.
563 320 599 355 {⁴2³
623 320 642 352 l.
668 329 694 351 1.
723 320 753 366 C.
781 320 909 366 tle-Lem

48 364 113 406 Jul.
132 363 295 403 Repetmzcl.
342 361 385 393 Et
405 362 547 404 quamvis
565 360 643 393 nihil
665 369 853 393 nominatim
872 344 910 393 30

47 404 215 438 comitibus
230 410 356 435 cautum
372 403 408 435 fit
425 404 456 434 in
480 403 509 434 d.
533 402 613 434 Edd.
641 411 688 434 10.
708 401 788 444 Aug.
818 407 909 442 1651.

46 448 76 480 δε
92 456 140 483 29.
154 445 229 486 Apr.
253 448 341 484 1675.
367 444 518 476 sententia
537 451 640 475 tamen
657 443 734 485 legis
752 444 910 476 contineri

43 497 104 522 non
133 485 178 518 est
202 479 433 528 ambigendum.
477 483 610 517 Constat
637 485 744 526 utique
762 486 905 526 aliunde,

40 527 43 530 ⁴
66 527 289 561 rohibitionem
307 528 481 564 donorum,
505 525 619 558 faciam
641 527 696 565 iis,
721 527 827 568 quiqu
850 537 906 569 pu-

65 571 126 602 lico
142 568 313 600 ministerio
336 568 427 606 sunt,
450 567 545 599 etiam
569 568 606 599 ad
631 577 740 600 eorum
771 570 907 601 comites

40 611 102 643 ell'c
118 610 334 652 porrigendam
345 632 354 648 ‚
377 619 440 641 non
462 617 585 641 tanturn
600 609 673 650 Jure
690 609 853 649 Romano,
871 620 907 641 ut

41 653 83 686 fic
105 651 261 690 vidimus,
284 650 332 683 sed
357 651 386 683 δε
409 651 525 682 Patrio.
571 651 620 682 Ita
643 650 714 683 sane
734 651 835 690 palam
861 650 906 683 est

40 695 71 726 in
94 692 203 725 Edicto
224 693 379 725 Ordinum
404 691 585 724 Hollandize
612 702 662 733 24.
687 693 784 725 Mart.
814 697 903 733 1644.

39 734 98 808 ἧς)
121 743 185 775 0110
219 734 420 767 Senatoribus
448 734 611 774 utriusque
644 734 747 766 Curiae
776 734 904 766 interdi-

37 778 53 809 t‘.
71 786 122 809 um
136 775 182 807 est
201 776 317 808 donum
335 785 446 807 munus
463 776 613 817 accipere.
681 775 744 806 uod
763 785 905 817 magnam

38 818 193 850 rationem
218 817 330 857 habet,
361 817 488 858 poll'unt
506 817 590 848 enim
620 817 650 848 δε
678 816 732 858 ipsi
762 816 904 849 Comites

35 859 250 902 praevaricari,
275 858 400 900 possunt
421 859 450 890 o.
467 867 538 898 eos,
563 858 594 889 in
614 867 749 898 quorum
766 858 903 890 ministe-

33 902 83 932 rio
102 899 190 939 sunt,
214 901 251 931 ad
268 901 557 943 praevaricationem
574 898 761 938 sollicitare,
775 899 903 945 poss'unt

35 951 108 973 cum
125 942 162 973 iis
177 942 259 973 dona
276 942 404 983 partiri,
430 943 460 974 &
476 942 546 983 quis
563 950 673 973 omnes
690 941 840 983 nequitiae
860 942 902 974 la-

35 983 140 1014 tebras
156 982 298 1015 dixerit?
322 983 435 1016 Officia
455 983 551 1025 igitur
566 982 758 1024 Legatorum
775 992 838 1014 non
851 992 903 1029 're-

35 1024 85 1056 tte
109 1025 235 1063 capient
256 1025 337 1056 dona
355 1048 365 1064 ,
397 1025 467 1064 ipsis
496 1023 625 1064 Legatis
655 1033 767 1064 capere
791 1031 900 1056 vetita.

33 1065 137 1097 Aliter
154 1073 256 1097 tamen
271 1065 372 1097 visum
390 1064 434 1096 cst
454 1063 578 1105 Legatis
592 1064 749 1096 Ordinum
768 1062 904 1097 Genera-

33 1106 130 1145 lium,
160 1116 178 1137 a
202 1107 288 1148 Rege
311 1105 486 1137 Galliarum
516 1105 703 1138 abeuntibus
737 1114 786 1147 27.
821 1107 900 1147 Maj.

35 1151 125 1180 1662.
151 1146 219 1188 (6).
266 1146 459 1179 Reeusabant
484 1146 531 1178 illi
558 1147 660 1187 dona,
693 1157 710 1179 a
734 1147 821 1189 Rege
843 1148 898 1181 fibi

33 1189 155 1227 oblata,
187 1189 230 1219 ob
254 1189 390 1230 rigorem
408 1188 438 1220 d.
461 1186 592 1220 Decreti
622 1199 669 1221 10.
693 1189 772 1231 Aug.
806 1193 901 1231 1651.

22 1229 86 1262 'sed
101 1229 216 1262 Officia
231 1229 284 1261 sua
300 1230 445 1271 accipere
462 1229 535 1270 paffi
554 1229 625 1262 sunt
649 1231 730 1262 dona
742 1254 752 1269 ,
778 1241 794 1263 a
812 1232 898 1273 Rege

31 1271 42 1303 i
68 1271 103 1303 113
130 1271 247 1303 oblata.
301 1271 407 1312 Atque
427 1272 470 1302 ita
499 1280 627 1312 quoque
649 1271 751 1304 visum
772 1272 817 1305 est
844 1275 897 1309 alii

65 1312 187 1345 rdinum
207 1311 412 1345 Generalium
427 1313 464 1344 ad
480 1311 598 1354 Regem
621 1313 646 1345 F
648 1313 761 1345 ranciae
778 1315 899 1357 Legato

32 1363 60 1387 1.
98 1364 148 1386 un.
173 1357 265 1395 1628.
287 1354 357 1395 (7).

102 1396 212 1437 ntiqua
236 1397 411 1428 multorum
438 1397 564 1438 querela
585 1396 650 1430 fuit
673 1397 758 1440 (8),
781 1400 898 1440 solam,

28 1446 97 1480 quae
113 1437 202 1469 donis
221 1437 251 1469 ἃ
267 1438 402 1478 pecunia
416 1447 584 1470 exercetur
595 1462 605 1477 ‚
630 1440 836 1473 ambitionem
852 1442 893 1474 le-

52 1479 120 1511 ibus
153 1480 313 1519 coerceri,
347 1487 472 1512 ceteros
499 1481 611 1514 modos
643 1491 709 1514 non
740 1484 895 1516 coerceri.

27 1489 88 1554 {ed
104 1521 190 1562 quod
213 1521 253 1553 de
270 1520 380 1561 donis,
405 1523 517 1563 quibus
541 1522 667 1563 Judices
689 1532 894 1566 corrumpun-

27 1570 101 1602 tur,
125 1561 277 1596 statutum
301 1561 366 1601 est,
389 1564 485 1596 etiam
511 1565 548 1596 ad
573 1564 766 1606 dignitates,
787 1576 857 1608 quae
877 1576 896 1599 a

27 1603 185 1646 Collegiis
200 1613 265 1637 non
280 1603 487 1637 conferuntur
497 1627 509 1644 ,
531 1607 674 1647 porrexit
692 1605 789 1640 Curia
812 1608 895 1642 Hol-

25 1645 140 1678 hndiae
157 1644 186 1687 §.
210 1654 258 1686 15.
281 1645 407 1678 Formae
425 1646 503 1690 (9),
526 1657 618 1688 quam
635 1647 691 1680 fibi
709 1649 897 1692 praeseripfit

25 1696 108 1719 anno
126 1691 215 1728 ¹⁶70·
232 1686 285 1719 sed
300 1696 370 1728 quae
389 1688 427 1720 ab
438 1689 608 1722 Ordinibus
626 1689 807 1724 Hollandiae
824 1700 896 1733 pro-

25 1727 99 1760 bata
115 1738 179 1761 non
197 1727 251 1761 est.
295 1729 328 1761 Si
347 1729 495 1771 quicquid
511 1739 548 1762 ea
565 1731 677 1764 Forma
696 1733 896 1772 continetur,

27 1778 116 1812 aeque
134 1770 297 1811 placuiffet
324 1770 496 1804 Ordinibus
511 1795 522 1811 ,
552 1773 683 1815 probata
706 1773 814 1806 fuisset
840 1775 896 1807 du-

25 1811 120 1851 dum,
149 1812 228 1845 nihil
247 1812 333 1844 enim
361 1812 515 1852 interest,
545 1814 651 1846 oblata
674 1816 827 1856 pecunia,
857 1826 895 1848 an

25 1852 134 1885 oblata
155 1853 311 1895 dignitate
333 1863 514 1897 corrumpas
529 1880 539 1895 ,
574 1857 627 1898 qui
646 1856 819 1889 ministerio
839 1868 894 1899 pu-

25 1893 114 1927 blico
145 1894 330 1937 funguntur.
385 1895 454 1936 Ipsa
486 1906 651 1930 munerum
678 1899 896 1939 prohibitione

26 1936 124 1968 etiarn
138 1935 308 1978 dignitates
331 1936 369 1968 ab
390 1946 430 1968 eo
442 1961 450 1973 ‚
476 1937 514 1969 ad
532 1948 625 1979 quem
642 1939 722 1971 miffi
741 1939 810 1972 sunt
834 1940 894 1973 Le-

25 1977 110 2019 gati,
135 1977 310 2019 prohibitas
331 1978 393 2010 esse
420 1979 566 2020 accipere
587 1989 681 2012 nemo
722 1981 818 2014 robus
843 1991 897 2013 ne-

25 2019 159 2060 gaverit.
205 2019 309 2066 Quam
331 2019 364 2052 in
383 2029 449 2052 rem
469 2022 642 2054 notandum
668 2032 685 2054 e
729 2022 894 2055 Hermolai

25 2060 151 2092 Barbari
180 2059 307 2101 fatum,
338 2062 389 2092 cui
414 2061 645 2095 Patriarchatus
669 2064 895 2104 Aquilejensis,

26 2100 210 2133 inconsulto
237 2103 354 2135 Senatu
379 2102 556 2144 susceptus,
578 2113 674 2146 quum
696 2105 894 2147 Reipublicae

29 2141 160 2173 Venetae
177 2143 214 2174 ad
230 2143 418 2176 Pontificem
433 2146 615 2178 Maximum
631 2145 711 2178 esset
736 2147 891 2189 Legatos,

29 2183 132 2213 exitio
156 2182 248 2216 fuisse
276 2186 370 2216 tradit
396 2186 529 2226 Joannes
556 2187 677 2220 Pierius
708 2188 893 2221 Valerianus

29 2224 64 2254 de
85 2223 285 2257 Lireratorum
306 2226 485 2265 infelicitate
499 2251 508 2264 ‚
531 2228 561 2260 &
577 2238 619 2260 ex
642 2239 682 2261 eo
709 2229 834 2262 Voffius
860 2231 892 2262 in

29 2265 138 2296 Addit.
162 2266 200 2297 ad
220 2266 259 2298 L.
285 2266 341 2298 Ill.
368 2269 402 2298 de
426 2267 587 2309 Historia-'r
609 2271 734 2302 Latinis
756 2272 789 2304 C.
807 2275 837 2306 8.
861 2272 893 2304 ὅ(

28 2305 172 2339 Thomas
194 2306 281 2348 Pope
298 2308 417 2340 Blount
434 2309 464 2340 in
482 2310 641 2343 Hermolao
658 2313 800 2345 Barbaro.

71 2347 146 2379 Hae
165 2348 226 2389 ipsa
243 2350 282 2380 de
299 2358 333 2380 re
349 2359 430 2381 anno
454 2355 544 2383 1660.
563 2353 615 2384 hic
632 2353 744 2385 incidit
758 2355 893 2394 ejusmo-

27 2389 58 2420 di
75 2388 209 2430 speeies:
225 2390 325 2422 Unius
340 2400 379 2423 ex
394 2392 547 2424 Ordinum
564 2393 766 2427 Generalium
783 2396 820 2427 ad
829 2395 893 2427 An-

28 2430 100 2472 gliae
116 2430 236 2472 Regem
254 2431 380 2472 Legatis
398 2432 466 2464 filio
484 2433 555 2466 Rex
579 2436 757 2467 contulerat
779 2436 894 2468 benefi-

28 2472 111 2503 cium
135 2481 246 2513 14000.
269 2474 321 2504 vel
342 2482 453 2512 15000.
473 2473 674 2508 florenorum.
719 2476 833 2513 Pater,
857 2486 895 2509 ut

28 2513 91 2545 hoc
111 2514 295 2554 comperit,
323 2516 362 2545 ad
386 2515 521 2548 Ordines
544 2517 723 2549 Hollandiae
747 2517 866 2560 scripsit
882 2540 894 2558 ,

27 2554 200 2596 significare
216 2555 357 2594 vellent,
380 2555 505 2588 filiusne
521 2557 591 2590 suus
606 2567 661 2598 per
675 2559 753 2590 illud
776 2558 893 2591 Decre-

28 2602 94 2629 tum
113 2605 159 2627 10.
178 2595 256 2638 Aug.
283 2600 372 2638 1651.
398 2597 533 2630 retinere
554 2599 684 2640 polset?
706 2600 728 2632 fi
755 2610 837 2641 non,
861 2600 893 2632 se

27 2645 47 2667 a
67 2637 224 2678 legatione
245 2647 341 2678 porro
357 2638 501 2671 obeunda
517 2640 662 2673 excusare
680 2641 823 2680 vellent,
847 2643 892 2674 in-

29 2678 139 2716 terim,
169 2678 244 2710 dum
263 2679 472 2712 deliberarent
491 2705 500 2717 ,
524 2681 556 2713 se
584 2682 741 2723 legatione
760 2682 822 2714 esse
843 2684 894 2715 ab·

27 2718 213 2751 flenturum.
257 2719 305 2750 Ad
319 2729 387 2761 quae
408 2721 543 2754 Ordines
562 2722 744 2755 Hollandiae
765 2734 794 2761 9.
812 2724 893 2756 Dec.

31 2763 121 2791 1660.
147 2759 287 2791 Decreto
307 2760 363 2792 suo
382 2763 538 2804 complexi
557 2764 626 2796 sunt
642 2764 743 2806 (10),
768 2766 840 2805 quia
860 2766 894 2798 fi-

26 2799 87 2841 lius
107 2801 162 2832 ille
178 2802 238 2841 jam
253 2801 368 2833 dudum
381 2826 390 2842 ‚
413 2805 508 2836 etiam
532 2814 606 2837 ante
626 2806 814 2846 legationem
841 2816 893 2848 pa-

27 2842 102 2881 tris,
134 2842 213 2882 apud
240 2842 359 2883 Regem
389 2843 492 2877 fuerat
519 2845 691 2887 gratiosus,
723 2848 754 2879 id
780 2848 897 2880 benefi-

29 2883 113 2916 cium
139 2883 219 2923 filii,
240 2893 304 2916 non
322 2885 420 2925 patris
444 2888 714 2931 contemplatione
740 2889 896 2922 collatum

6 3042 8 3046 ,
36 3016 38 3018 “
67 3015 130 3052 (ς)
147 3016 241 3045 Natier
261 3016 393 3054 ampliatie
413 3026 467 3046 van
484 3019 515 3048 de
529 3018 686 3057 Instruaeien
705 3031 759 3052 van
772 3022 845 3052 lueida
862 3022 894 3052 de

28 3055 141 3086 Horen,
162 3056 189 3082 ir.
210 3056 313 3084 medio.

67 3092 127 3128 (6)
147 3093 273 3122 Aitzema
296 3094 330 3122 L.
346 3095 437 3123 XLII.
456 3103 483 3130 p.
502 3103 565 3131 331.
588 3096 615 3124 15:
635 3105 701 3133 332-

65 3130 127 3166 (7)
149 3131 321 3170 Hollandsche
342 3133 498 3160 Mercurius
521 3137 601 3169 1678.
623 3144 650 3171 p.
670 3145 733 3165 120.

68 3169 127 3203 (8)
148 3169 229 3205 Apud
251 3172 377 3199 Aitzerna
400 3171 434 3199 L.
450 3172 558 3201 XXXI.
577 3181 606 3212 p.
622 3178 770 3209 279-281.

66 3205 127 3242 (9)
149 3206 241 3237 Exstat
261 3209 417 3247 separatim.

600 108 827 157 JURIS
887 108 1236 154 PUBLICI,
1285 111 1445 150 Lien.
1481 118 1518 153 C.
1548 118 1650 154 Vsu.

1754 128 1826 166 253

954 195 1078 234 videri,
1100 197 1195 229 etiam
1212 197 1302 237 ideo,
1328 200 1411 240 quod
1428 200 1458 232 se
1478 203 1585 243 ignaro
1600 204 1707 237 datum
1727 204 1826 238 fuisse·

954 236 1021 269 filio
1039 246 1148 278 parens
1166 238 1320 280 epistola,
1345 241 1382 272 ad
1401 242 1537 274 Ordines
1558 245 1647 284 data,
1670 247 1820 288 significa-

954 287 1063 318 verat,
1094 288 1158 312 non
1181 280 1279 322 igitur
1300 282 1330 313 id
1353 282 1504 316 adversari
1532 284 1560 315 (1.
1594 285 1735 319 Decreto
1769 298 1817 320 10.

953 320 1035 361 Aug.
1062 324 1151 360 1651.
1185 331 1280 362 quare
1305 333 1494 364 curaretur,
1531 325 1665 358 Ordines
1694 339 1821 370 01100110

954 359 1124 395 Gener-ales
1139 361 1221 394 idem
1238 363 1454 398 decernerent.
1500 365 1560 399 Sed
1578 366 1662 399 Frisii
1675 391 1684 405 ,
1702 370 1820 409 rigidus

953 401 1090 442 Populus
1108 425 1120 442 ‚
1151 404 1243 436 aliter
1266 405 1445 449 suffragium
1475 408 1624 440 dixerunt
1654 418 1699 448 15.
1726 408 1819 443 Febr.

957 446 1046 475 1661.
1067 443 1149 485 (11)
1172 446 1230 477 rati
1250 456 1382 489 nempe,
1407 448 1480 481 111110
1506 448 1664 481 beneficio
1689 453 1820 483 omnino

950 484 1103 517 adversari
1127 487 1156 518 d.
1184 487 1359 522 Decretum
1387 499 1433 522 10.
1458 492 1536 533 Aug.
1568 494 1658 531 1651.
1704 491 1821 536 Quod,

950 525 972 557 fi
1000 528 1270 568 contemplatione
1295 531 1393 572 patris
1416 531 1523 564 datum
1547 530 1668 571 fuerit,
1701 534 1817 564 veriffi-

950 576 1037 600 mum
1055 568 1116 600 effe
1132 578 1233 610 puto,
1257 573 1351 604 etiam
1369 573 1419 604 ubi
1440 574 1526 606 nulla
1545 572 1589 605 est
1605 574 1624 605 l.
1649 582 1697 614 79.
1717 574 1757 615 ff.
1784 576 1819 605 de

951 608 1027 650 Acq.
1049 610 1098 640 vel
1115 612 1208 643 omitt.
1228 613 1328 645 hoered.
1375 615 1429 647 Sin
1452 624 1557 647 autem
1583 615 1691 646 datum
1714 616 1818 647 fuerit

950 648 1015 681 sola
1030 649 1198 684 affectione
1217 653 1297 693 filii,
1321 656 1405 688 aliud
1428 656 1549 688 diceret
1577 656 1761 698 Papinianus
1785 657 1819 689 in

949 690 971 722 l.
995 695 1043 726 28.
1063 698 1113 732 pr.
1127 694 1168 735 ff.
1194 696 1228 726 cle
1260 696 1382 738 Testem.
1408 703 1464 730 tur.
1509 698 1615 739 thue
1644 698 1687 729 ita
1714 698 1760 738 jus
1784 699 1818 730 in

947 731 1034 777 {aeto
1053 734 1214 775 versetur,
1238 737 1290 769 sed
1307 739 1336 770 in
1354 739 1461 778 faClo,
1484 741 1568 781 quod
1587 739 1655 771 fere
1667 740 1783 780 pendet
1799 749 1822 770 a

949 773 1072 806 iecreto
1093 777 1199 809 animi.
1244 779 1440 812 Facillimum
1459 783 1569 822 utique
1584 781 1628 813 est
1645 781 1768 813 eludere
1783 781 1815 812 (1.

947 813 1086 861 Decreta
1111 827 1157 850 10.
1174 819 1253 861 Aug.
1278 825 1367 861 1651.
1385 823 1423 866 ,61
1443 832 1493 859 29-
1512 824 1588 864 Apr.
1615 826 1703 864 1675.
1728 821 1750 854 si
1771 822 1818 854 ni-

946 865 1045 902 mium
1062 858 1275 901 indulgeamus
1292 863 1446 903 ejusmodi
1463 864 1560 896 causis
1584 864 1791 896 donationum
1805 887 1818 903 ‚

945 898 1120 944 lingi'enim
1143 902 1270 942 possunt
1285 913 1375 943 quam
1394 905 1558 945 plurimae,
1583 906 1614 938 &
1632 915 1724 944 vera,
1746 915 1821 947 quae·

946 947 1067 980 mowt,
1092 941 1181 974 causa
1202 944 1328 977 interim
1344 945 1446 987 potest
1464 947 1572 979 latere.

990 980 1072 1028 Quae
1102 982 1292 1025 Legatorum
1316 986 1514 1026 nostrorum,
1545 988 1629 1030 quod
1653 988 1688 1020 ad
1715 989 1819 1028 dona,

946 1023 1092 1068 conditio
1107 1024 1170 1064 est,
1195 1035 1233 1057 ea
1251 1036 1375 1068 quoque
1398 1028 1435 1060 fit
1459 1037 1589 1070 oportet
1608 1040 1735 1064 eorum.
1762 1032 1815 1072 qui

945 1071 963 1092 a
979 1063 1070 1107 nobis
1086 1064 1265 1105 specialiter
1281 1068 1485 1109 delegantur,
1509 1079 1543 1102 ut
1562 1072 1640 1112 apud
1663 1082 1721 1104 nos
1743 1082 1818 1104 cum

946 1102 1080 1149 aliorum
1098 1106 1279 1148 Principum
1297 1109 1425 1151 Legatis
1442 1119 1532 1152 agant
1560 1114 1590 1144 <St
1613 1114 1812 1145 contrahant.

945 1144 1049 1177 Aliter
1065 1155 1168 1180 tamen
1186 1148 1352 1191 sapuerunt
1370 1152 1504 1185 Ordines
1519 1152 1690 1186 Gener-ales
1700 1164 1727 1195 7.
1739 1155 1813 1187 ott.

945 1188 1035 1227 1636.
1060 1197 1095 1220 ut
1118 1199 1158 1221 ex
1183 1200 1292 1223 eorum
1317 1192 1462 1225 Decreto
1484 1194 1565 1236 (12)
1589 1196 1727 1236 ejusdem
1751 1196 1815 1227 diei

941 1235 1083 1268 apparet.
1106 1230 1315 1272 Relipuerunt
1333 1243 1436 1266 autem
1455 1245 1483 1267 2.
1503 1235 1594 1268 Febr.
1617 1241 1706 1277 1651.
1734 1245 1811 1270 111110

940 1276 1025 1300 enim
1044 1271 1254 1305 decreverunt
1276 1275 1376 1317 (13),
1398 1277 1548 1317 ejusmodi
1569 1277 1715 1320 Delegati
1732 1279 1812 1319 jura-

942 1318 1032 1351 rent,
1056 1322 1159 1354 neque
1172 1322 1265 1352 ante.
1289 1326 1391 1358 neque
1407 1319 1579 1360 pendente,
1603 1329 1703 1360 neque
1724 1319 1813 1352 abso·

941 1351 1011 1383 luto
1029 1354 1177 1395 tractatu,
1203 1357 1271 1388 ullo
1286 1359 1383 1390 modo
1401 1360 1501 1392 ullum
1515 1361 1631 1393 donum
1647 1371 1760 1393 munus
1781 1361 1813 1393 se

941 1401 1153 1436 accepturos,
1186 1398 1236 1436 &,
1272 1398 1293 1431 fi
1316 1399 1511 1441 offerretur,
1542 1403 1697 1434 continuo
1723 1403 1753 1435 id
1779 1403 1811 1435 se

940 1433 1024 1467 bona
1042 1436 1103 1469 fide
1131 1438 1304 1472 Ordinibus
1327 1440 1538 1475 Gener-alibus
1562 1444 1810 1484 fignificaturos‚

938 1485 1054 1550 1ctontra
1079 1478 1272 1514 facientibus
1301 1482 1442 1518 infamiae
1476 1485 1507 1518 &
1530 1485 1692 1518 arbitraria
1715 1496 1812 1529 poena

966 1526 1063 1552 atuta.

981 1560 1085 1594 Prisca
1101 1562 1188 1598 Gens
1204 1566 1418 1610 Interpretum
1441 1568 1634 1603 tumultuose
1651 1569 1813 1612 disputat,

938 1611 1002 1641 an,
1032 1606 1117 1652 quod
1140 1607 1268 1650 Legatis
1295 1610 1450 1650 donatur,
1482 1611 1537 1643 1101
1561 1613 1738 1652 retineant,
1769 1622 1810 1645 an

938 1652 1065 1677 vertant
1083 1656 1116 1679 in
1135 1658 1203 1681 rem
1221 1650 1398 1692 Principis,
1423 1653 1478 1694 qui
1495 1662 1551 1686 eos
1569 1653 1676 1686 misit?
1700 1654 1743 1686 Et
1759 1653 1808 1686 fe-

940 1694 974 1716 re
995 1685 1116 1735 causam
1139 1689 1294 1725 definiunt
1315 1702 1356 1724 ex
1376 1695 1528 1735 qualitate
1551 1695 1626 1727 deni
1652 1696 1815 1735 muneris,

940 1735 1011 1759 nam
1032 1727 1083 1768 fi,
1105 1732 1274 1773 inquiunt,
1305 1736 1430 1766 donatur
1447 1746 1521 1768 unus
1543 1737 1604 1776 leo,
1628 1735 1665 1767 ad
1689 1736 1810 1769 Princi-

939 1776 1010 1816 pem
1028 1772 1183 1813 pertinet,
1200 1773 1231 1813 si
1244 1774 1336 1818 vestes
1343 1800 1353 1816 ,
1379 1777 1458 1809 olim
1474 1778 1558 1811 enim
1578 1779 1608 1810 &
1628 1777 1729 1810 vestes
1748 1778 1808 1810 Le-

940 1818 1019 1851 gatis
1038 1812 1148 1846 donari
1171 1814 1276 1850 solitas
1299 1818 1408 1851 scribit
1436 1819 1581 1852 AElianus
1605 1822 1633 1852 d.
1654 1820 1696 1852 L.
1723 1819 1745 1851 I.
1774 1821 1808 1854 C.

939 1862 989 1899 22.
1014 1852 1056 1900 fi,
1081 1855 1226 1897 inquam,
1252 1859 1374 1900 vestes,
1399 1860 1470 1901 ipsis
1495 1860 1621 1902 Legatis
1647 1861 1812 1893 addicunt.

937 1894 970 1925 Si
992 1893 1040 1926 hls
1056 1895 1333 1938 Disputationibus
1358 1901 1505 1934 interesse
1526 1903 1627 1942 velis,
1653 1902 1733 1934 utile
1749 1903 1815 1935 erit.

937 1934 1126 1970 consuluisse
1146 1939 1328 1975 Ber-tachini
1350 1943 1570 1984 Repertorium,
1601 1943 1702 1975 verbo
1730 1944 1808 1976 Am-

938 1975 1110 2025 bafiatoryz.
1135 1989 1183 2022 14.
1229 1982 1381 2016 Ceterum
1396 1985 1506 2024 hodie,
1531 1984 1582 2016 ubi
1600 1985 1688 2017 nulla
1710 1985 1807 2019 estin

937 2026 1132 2065 contrarium
1146 2023 1217 2063 lex,
1242 2034 1387 2065 munera,
1406 2035 1477 2067 quae
1495 2026 1605 2068 Legati
1624 2026 1808 2068 accipiunt,

937 2059 993 2091 fibi
1012 2059 1084 2094 solis
1102 2064 1250 2098 retinent.
1295 2066 1388 2108 Apud
1406 2067 1563 2106 Venetos,
1587 2076 1622 2099 ut
1639 2069 1705 2099 dixi
1722 2092 1730 2106 ,
1755 2070 1810 2101 Se-

936 2109 1050 2138 natus,
1075 2106 1325 2149 quotiescunque
1346 2118 1393 2141 res
1418 2108 1550 2148 incidit,
1574 2109 1613 2141 de
1636 2119 1671 2141 ea
1692 2110 1808 2142 delibe-

936 2149 993 2174 rat.
1037 2142 1224 2190 Deliberant
1245 2149 1275 2182 &
1300 2149 1437 2182 Ordines
1462 2148 1652 2189 Generales,
1675 2150 1746 2191 sed,
1770 2159 1811 2184 ut

936 2183 1051 2216 Veneti
1069 2186 1269 2229 plerumque,
1295 2190 1337 2223 fic
1353 2190 1385 2222 hi
1405 2189 1524 2232 semper
1540 2192 1684 2234 Legatis,
1699 2201 1734 2224 ut
1750 2192 1809 2225 fibi

936 2224 1089 2271 habeant,
1114 2232 1316 2269 permittunt.
1365 2233 1445 2264 Sane
1471 2242 1512 2264 ex
1536 2241 1642 2266 mente
1661 2234 1812 2267 donantis.

935 2266 1148 2314 lplisLegatis
1164 2272 1300 2313 cedunt,
1319 2283 1422 2315 neque
1439 2274 1522 2306 enim
1538 2275 1608 2307 aliis
1624 2276 1696 2307 data
1713 2277 1806 2308 intel-

934 2308 991 2348 ligl
1012 2311 1077 2350 ipla
1095 2321 1257 2345 munerum
1275 2316 1420 2347 conditio
1436 2314 1509 2347 satis
1527 2316 1666 2356 indicat,
1686 2317 1806 2349 indicat

936 2349 967 2380 ὅ(
1004 2351 1116 2384 111οά113
1147 2354 1332 2388 conferendi
1358 2356 1413 2388 illa
1441 2358 1650 2397 munuscula,
1682 2359 1812 2399 quoties

935 2400 1049 2433 nempe
1071 2393 1210 2436 Legatus
1234 2398 1354 2429 recedit
1379 2398 1416 2429 ab
1445 2407 1484 2429 eo
1519 2398 1683 2440 Principe,
1723 2399 1806 2440 apud

936 2442 1027 2474 quem
1047 2438 1195 2475 proxime
1213 2437 1380 2479 legationis
1397 2438 1507 2470 officio
1535 2439 1661 2471 functus
1680 2438 1725 2471 est
1737 2463 1747 2480 ,
1770 2441 1805 2481 111

936 2475 1099 2515 praemium
1119 2479 1162 2508 rei
1179 2478 1260 2510 bene
1276 2479 1380 2519 gestae.

954 2556 961 2561 ·
979 2514 1056 2547 Non
1072 2517 1257 2558 intercedo,
1280 2520 1301 2552 fi
1324 2521 1395 2561 ipsis
1411 2520 1539 2563 Legatis
1557 2521 1708 2554 donatum
1734 2522 1801 2555 fue-

935 2564 997 2594 rit,
1021 2558 1052 2589 &
1068 2568 1118 2590 res
1133 2559 1261 2592 modum
1272 2571 1334 2593 non
1351 2563 1504 2602 excedat,
1517 2563 1538 2595 si
1555 2572 1631 2594 vero
1650 2563 1805 2597 donatum

935 2596 1035 2629 fuerit
1059 2599 1114 2639 iis,
1138 2601 1190 2642 qui
1215 2603 1248 2633 in
1271 2601 1471 2646 Collegium,
1503 2611 1540 2635 ut
1564 2603 1742 2645 Principem
1761 2615 1808 2637 re-

936 2639 1150 2682 praesentent,
1173 2642 1378 2685 delegantur,
1399 2655 1436 2677 an
1464 2645 1496 2677 hi
1520 2645 1654 2687 delegati
1676 2646 1730 2678 fibi
1755 2657 1807 2678 ca-

936 2689 1011 2721 pere
1025 2682 1139 2722 poffint
1151 2706 1162 2722 ,
1184 2683 1248 2722 est,
1272 2694 1329 2716 cur
1345 2686 1481 2719 dubites.
1525 2686 1608 2719 Cum
1629 2695 1731 2719 tamen
1753 2698 1806 2720 an-

936 2731 979 2753 no
1002 2727 1091 2766 1663.
1116 2725 1324 2758 Moschorum
1345 2727 1391 2759 Im
1417 2736 1521 2760 erator
1545 2728 1716 2759 Ordinibus
1741 2727 1803 2760 Ge-

936 2765 1091 2798 neralibus
1108 2775 1221 2799 munus
1238 2768 1368 2809 pellium
1401 2769 1578 2801 *ibex-iarum
1598 2768 1744 2808 misisset,
1767 2770 1805 2802 il—

937 2804 981 2844 11,
1004 2806 1058 2846 qui
1079 2815 1156 2839 tune
1169 2817 1259 2840 erant
1278 2809 1310 2840 in
1335 2809 1490 2842 Ordinum
1507 2809 1708 2841 Generalium
1728 2810 1807 2843 Col-

936 2845 1038 2888 legio,
1049 2857 1085 2879 ea
1099 2849 1137 2880 de
1155 2858 1188 2880 re
1199 2859 1263 2881 non
1282 2850 1463 2882 dubitarunt
1474 2875 1483 2890 ,
1509 2849 1560 2881 sed
1576 2850 1608 2881 id
1624 2859 1734 2882 munus
1745 2875 1754 2891 ,
1765 2860 1802 2884 ut

935 2889 991 2922 fibi
1012 2890 1186 2922 retinerent
1197 2913 1208 2930 ,
1238 2891 1320 2923 inter
1340 2890 1371 2923 se
1390 2892 1498 2933 partiti
1515 2890 1586 2923 sunt
1602 2899 1642 2922 ex
1658 2890 1806 2939 Decreto

1764 2944 1800 2967 m

974 3020 988 3056 (
999 3021 1054 3058 10)
1072 3021 1221 3060 Resolutz‘en
1241 3033 1294 3052 van
1308 3023 1479 3061 Confideratie
1494 3028 1538 3051 ten
1558 3022 1616 3059 tyde
1629 3031 1683 3051 vem
1698 3023 1728 3052 cle
1742 3024 1800 3052 W:

934 3070 962 3099 p.
979 3069 1043 3095 511.
1060 3061 1085 3089 ἃ
1100 3069 1165 3095 512.
1188 3062 1253 3090 vide
1267 3062 1293 3090 &
1308 3063 1437 3091 Aitzema
1456 3062 1491 3089 L.
1507 3062 1567 3089 XL.
1578 3071 1605 3099 p.
1620 3061 1721 3097 903.&
1735 3072 1801 3098 509.

973 3099 1047 3134 (11)
1067 3099 1144 3127 Idem
1165 3102 1292 3130 Aitzema
1312 3100 1348 3128 L.
1364 3101 1439 3128 XLI.
1461 3108 1490 3137 p.
1506 3106 1552 3134 50.
1577 3135 1579 3137 Ι

974 3136 1058 3172 (12)
1079 3137 1160 3164 Idem
1179 3139 1215 3167 L.
1232 3139 1312 3167 XVI.
1334 3147 1361 3174 p.
1376 3146 1442 3173 32²·

937 3212 962 3241 ἃ
974 3175 987 3210 (
999 3182 1011 3201 1
1039 3173 1053 3209 )
1073 3174 1247 3206 Sententiam
1263 3176 1380 3206 Decreu
1400 3175 1485 3205 refert
1500 3177 1578 3206 Idem
1595 3176 1634 3206 H.
1644 3177 1679 3206 L.
1695 3186 1722 3216 p.
1734 3186 1797 3214 25?-

953 3220 961 3225 ·
983 3219 1049 3245 254.

1094 3249 1186 3297 {ig
