2008 3436
329 124 683 172 AMch

36 219 112 263 quid
134 219 180 252 est
200 217 327 254 verius,
354 222 445 256 quam
465 211 501 243 ad
526 207 801 257 Valentinianum,
835 203 896 237 Va-

37 264 154 296 lentem
176 284 186 299 ,
214 260 243 291 &
274 257 458 289 Gratianum
478 276 487 291 ,
534 254 596 285 ime
621 257 753 282 crimine
776 247 806 278 &
830 256 896 286 poe-

36 314 76 336 na
110 298 314 343 perseverasse
331 322 341 338 ,
391 295 495 329 medio
531 300 672 334 tempore
702 298 766 321 non
799 295 886 319 muta

37 344 188 427 tan§IJRVL
217 383 254 425 (¹
269 383 287 424 )
318 379 421 413 Posset
446 378 487 410 sic
503 383 646 418 perorata
663 371 763 404 videri
781 369 870 402 causa
887 380 895 401 :

36 426 90 460 sed
99 424 252 467 cogitanti
262 447 272 463 ‚
285 422 363 455 serio
378 426 567 460 componere
584 422 688 460 motos
701 412 829 450 fluctus,
840 411 898 458 (2)

38 469 128 502 lubet
148 467 251 498 obiter
269 466 297 496 ἃ
312 461 391 505 quasi
431 470 463 491 er
487 458 639 494 indicem,
663 464 694 486 in
715 462 899 499 memoriam

38 515 190 544 revocare
217 517 241 538 c.
268 505 304 537 11.
338 501 406 538 &1
430 501 449 532 ⁷.
483 499 566 541 Juiiz'
594 496 684 542 Pauli]
704 495 862 542 *expllclta
880 503 900 540 a

38 560 110 589 me,
136 548 286 591 postrema
312 542 481 586 praesertim
507 539 621 581 Operis
635 538 795 584 editione,
817 534 899 581 testi-

39 591 145 625 monia
168 590 317 621 Veterum
335 608 346 624 ,
371 583 446 616 istos
463 581 543 614 Fori
573 581 706 612 Romam
724 587 831 625 mores
844 577 900 608 iub

39 633 179 672 TraJano
201 629 232 661 &
255 628 401 667 deinceps
430 624 491 657 fine
519 622 657 654 circuitu
691 619 900 665 aflei-entium.

39 674 92 707 Sic
110 680 214 713 agam:
244 668 311 710 (3)
340 675 442 708 partes
470 665 583 706 primas
610 663 738 694 daturus
753 658 901 705 Christia-

39 715 106 753 nis;
130 711 325 758 insequentes
340 707 533 741 Gentilibus,
578 704 635 751 Est
648 712 752 735 autem
769 702 902 748 celebris

37 754 118 798 apud
141 752 336 786 Christianos
361 748 471 791 justini
496 747 653 788 Martyris
676 745 832 790 Apologia
860 741 902 774 se-

38 796 138 830 cunda
158 819 167 834 ,
201 803 259 836 pro
283 790 468 824 Christianis
497 787 611 828 scripta
643 786 680 818 ad
707 786 902 832 Antoninum

38 838 150 875 Pium,
172 837 299 876 ejusque
325 833 408 866 filios
428 855 437 870 ,
470 829 666 862 Veriffimum
689 837 740 873 qui
755 825 800 857 est
816 826 902 858 Mar-

40 889 96 912 cus
118 877 312 914 Antoninus,
338 875 367 906 &
393 872 526 905 Lucium
552 869 687 908 Verum,
713 877 851 908 itemque
866 865 904 897 ad

40 921 210 957 senatum,
243 919 273 950 ἃ,
297 914 453 958 Populum
477 913 662 945 Romanum.
691 910 761 952 (4)
781 909 818 941 ln
845 908 904 940 hac

43 1064 121 1090 rum,
141 1062 256 1091 quorum
273 1050 444 1087 Fragmenta
458 1049 485 1076 in
496 1046 640 1076 Pandeftis
658 1045 818 1082 supersunt,
839 1044 901 1074 sub-

45 1097 129 1124 laram
145 1092 267 1123 constat,
293 1090 336 1117 scd
358 1095 445 1124 ecqua
462 1087 522 1123 lege
544 1085 724 1122 abrogante?
745 1085 790 1113 'su
817 1086 902 1112 etiam

44 1136 158 1172 primam
180 1132 267 1165 legem
290 1126 428 1160 Romuli,
455 1134 509 1162 qua
534 1127 640 1161 prolem
665 1123 814 1167 masculam
829 1123 903 1158 justit

45 1172 161 1202 tollere,
187 1168 239 1196 &e
258 1166 364 1194 filiabus
380 1164 613 1201 primogenitam,
643 1164 768 1190 moribus
782 1164 899 1197 abroga-

44 1217 98 1240 tam
115 1207 207 1235 scribis
236 1204 266 1233 C.
288 1205 324 1233 11.
350 1203 413 1242 Jui.
431 1203 509 1231 Paul.
529 1201 652 1233 Placuit,
677 1202 786 1237 inquis,
808 1200 899 1228 adver-

36 1247 84 1289 με
105 1245 203 1283 Legem
226 1243 330 1272 Romuli
355 1241 391 1277 ὅ)
412 1243 475 1270 Xll.
507 1239 681 1271 Tabularum,
696 1240 845 1275 parentibus
854 1239 901 1276 jus

42 1285 107 1324 effe,
127 1286 216 1312 liberos
225 1282 436 1320 sanguinolentos
448 1301 456 1311 ,
476 1279 497 1315 fi
516 1281 553 1307 eis
569 1280 718 1320 videretur,
744 1278 831 1321 tollere
842 1299 848 1310 ‚
863 1277 901 1312 fin

38 1325 145 1355 minus,
173 1328 294 1358 exponere
316 1326 361 1347 aut
385 1327 474 1347 necare
494 1317 544 1352 fine
570 1317 734 1355 discrimine.-
752 1317 899 1344 valuerunt-

39 1371 86 1400 que
109 1361 136 1389 bi
162 1369 242 1388 mores
263 1359 417 1394 temporibus
442 1357 609 1392 Principum,
638 1354 690 1382 ἃς.
712 1362 769 1382 non
785 1363 875 1383 mores
893 1377 900 1389 ,

29 1400 88 1429 .sed
112 1399 200 1427 altera
214 1397 385 1434 &posterior
401 1397 458 1424 Lex
467 1395 581 1423 Romuli
598 1395 714 1430 primam
733 1394 897 1429 abrogavit,

39 1446 130 1474 eaque
145 1437 297 1473 posterior,
318 1444 374 1464 non
391 1435 467 1471 prior
482 1434 542 1461 Lex
559 1433 673 1460 Romuli
693 1432 757 1460 xii.
786 1432 902 1461 'sabulis

40 1477 96 1506 fuit
110 1477 230 1509 inserta,
255 1481 284 1503 ut
304 1482 450 1510 utrumque
472 1472 590 1509 probavi
613 1471 706 1509 Opust.
729 1470 758 1498 C.
776 1471 846 1515 ¹2¹¹·
868 1470 903 1505 ὅ)

40 1516 90 1544 1Χ.
117 1516 226 1543 nomini
246 1520 296 1542 tuo
311 1519 403 1541 tamen
422 1511 526 1547 semper
544 1519 675 1547 parcens,
698 1517 732 1536 ne
753 1517 844 1537 amico
862 1517 903 1537 er-

39 1562 151 1585 rorem,
180 1553 241 1581 satis
263 1551 375 1580 crassum
390 1572 397 1583 ,
425 1551 586 1584 objicerem.
624 1549 737 1577 Etcum
754 1547 822 1576 nibil
839 1556 892 1577 con

41 1592 164 1621 tradicas
187 1591 239 1619 hac
255 1589 417 1628 Respotifione
438 1590 524 1617 amica
538 1610 544 1620 ,
571 1588 633 1616 satis
648 1608 657 1621 ‚
678 1588 796 1623 opinor,
819 1595 852 1615 ea
870 1587 905 1616 de

39 1639 72 1659 re
93 1633 164 1659 inter
178 1638 229 1658 nos
244 1637 318 1658 nunc
333 1628 475 1656 convenit.
516 1626 572 1656 Sed
599 1628 654 1654 iiaec
676 1626 756 1653 unice
772 1634 808 1653 eo
821 1627 903 1663 pertl-

28 1676 124 1701 -nenr,
147 1675 177 1697 ut
191 1669 325 1705 probem,
344 1673 477 1703 quantum
494 1665 518 1694 &
536 1672 566 1693 tu
582 1665 706 1693 moribus
723 1664 826 1693 tribuas
841 1670 905 1693 con-

38 1713 83 1737 tra
97 1713 220 1745 apertam
234 1707 332 1742 legem.
377 1705 431 1734 Sed
453 1704 526 1732 sorte
552 1703 698 1741 specialem
721 1724 728 1736 ,
748 1711 810 1738 quae
826 1706 903 1732 abro-

38 1747 150 1784 gaverit
168 1747 211 1782 ius
232 1751 311 1773 vetus
326 1768 335 1783 ‚
360 1752 417 1772 non
444 1742 597 1776 desideras,
621 1742 777 1770 dummodo
793 1743 905 1771 aliunde

27 1786 159 1823 -probem
169 1806 176 1817 ,
195 1786 304 1812 vetitam
319 1793 349 1811 ac
363 1785 500 1812 coercitam
513 1781 599 1819 fuiffe
622 1780 799 1817 exposttionm
815 1779 851 1815 ὅ)
864 1790 905 1810 ne-

27 1832 93 1852 -cem
116 1823 163 1852 sub
189 1823 231 1851 bis
248 1844 255 1855 ,
285 1830 357 1859 quos
380 1822 461 1854 dixi,
483 1821 670 1856 Principibus.
708 1819 809 1854 Reae,
831 1819 857 1848 &
876 1821 906 1849 in

38 1861 113 1891 hanc
133 1870 189 1890 rem
207 1868 370 1896 argumenta
394 1859 516 1897 protuli,
540 1859 659 1891 idonea,
682 1865 715 1885 an
736 1859 843 1892 minus,
865 1860 905 1887 vl-

41 1899 167 1929 debimus
184 1899 233 1929 suo
251 1900 333 1934 loco,
356 1905 386 1927 tu
401 1905 476 1926 certe
492 1906 524 1925 ea
535 1898 584 1926 tibi
601 1896 775 1925 confutanda
797 1896 905 1934 sumpsi-

39 1938 88 1972 sti;
114 1947 204 1976 neque
231 1939 304 1967 adeo
329 1938 524 1966 animadverto
539 1957 547 1969 ‚
581 1935 648 1972 quid
677 1934 724 1963 fibi
748 1935 818 1964 velit
836 1936 905 1970 illa,

39 1986 102 2014 quae
115 1985 184 2006 mox
200 1978 321 2014 sequitur
335 1998 342 2009 .
365 1976 476 2004 inimica
493 1973 679 2012 parenthesis,
700 1973 764 2010 quod
778 1982 906 2011 nunquam

33 2016 104 2054 fecit
124 2016 277 2053 (probavit
295 2015 417 2051 nempe)
436 2023 533 2050 negare
543 2014 628 2046 enim,
651 2013 715 2048 quod
723 2011 808 2050 solum
816 2013 905 2051 socio,

37 2063 88 2082 non
102 2053 137 2091 est
148 2056 270 2091 probare,
297 2063 329 2082 ne
353 2055 419 2081 artis
443 2052 545 2088 quidem.
564 2049 600 2087 est
615 2057 660 2079 auc
675 2051 803 2079 doftrinoe.
845 2052 902 2080 Ad-

38 2092 96 2121 huc
113 2093 163 2121 tibi
174 2114 182 2126 ,
203 2093 247 2122 vel
260 2093 391 2128 cuiquam
402 2091 462 2124 alii,
483 2092 629 2118 amicabilis
645 2089 785 2117 videbitur
800 2090 848 2118 illa
859 2098 904 2119 ex-

39 2131 209 2168 probratio?
231 2131 317 2159 nolim
336 2131 410 2165 paria
422 2129 530 2162 facere3
551 2135 613 2156 uter
630 2126 754 2155 nostrum
772 2130 857 2165 magis
870 2137 904 2157 ex

40 2175 100 2196 arte
119 2169 254 2205 disputet,
275 2169 402 2197 adhibito
423 2168 624 2206 Quintiliano,
647 2166 779 2194 decernat
794 2168 904 2195 Lector.

38 2207 107 2236 Scio
123 2229 129 2239 ,
158 2208 225 2243 quid
249 2207 273 2235 &
297 2208 343 2235 ille
362 2207 502 2243 praecipiat
519 2227 526 2238 ,
555 2213 624 2233 cum
636 2204 669 2232 de
686 2206 903 2240 probationibus

39 2245 131 2275 sermo
153 2245 207 2277 est:
228 2255 274 2274 nec
293 2247 379 2273 minus
401 2246 461 2279 (ait
480 2244 516 2272 L.
526 2245 560 2272 V.
583 2241 670 2279 Iustit.
681 2243 785 2271 Orator.
795 2244 824 2273 C.
837 2246 903 2281 ιο.)

37 2285 68 2313 in
81 2285 125 2312 boc
139 2293 207 2312 curoe
221 2285 293 2312 debet
307 2283 423 2311 adhiberi
433 2303 440 2316 ,
460 2281 521 2318 quid
534 2281 734 2318 proponendum,
757 2291 832 2319 quam
846 2292 903 2320 quo-

28 2323 110 2350 modo
124 2322 170 2357 fit,
194 2322 258 2359 quod
269 2320 427 2359 proposueris
439 2342 446 2353 ,
465 2321 630 2356 probandum.
659 2322 703 2347 An
719 2321 791 2348 hanc
808 2330 903 2350 curam

29 2360 231 2395 adhibuerim,
250 2360 435 2395 judicabunt,
463 2359 565 2394 quibus
587 2359 616 2387 in
634 2358 791 2395 Republica
812 2359 904 2388 litera-

41 2401 135 2429 xiaius
157 2399 278 2433 suffragii
298 2398 346 2426 est.

71 2437 95 2474 §-
117 2438 165 2466 VI.
191 2446 215 2466 1.
246 2437 293 2466 Sic
306 2439 362 2471 jam
378 2442 459 2473 putas
482 2445 526 2466 me
541 2435 595 2464 esse
610 2434 800 2470 debellatum,
821 2435 847 2464 ἂ
864 2443 903 2465 ta-

36 2483 100 2505 men
124 2476 192 2505 nihil
214 2477 362 2512 quicquam
386 2476 494 2507 dixisti,
515 2483 597 2512 quam
618 2483 661 2502 me
681 2483 737 2502 non
753 2475 881 2512 probasse
895 2497 903 2509 ‚

36 2515 116 2551 quod
142 2514 318 2550 probandum
340 2520 408 2542 erat.
450 2516 496 2543 Tu
519 2516 559 2542 ais
584 2535 591 2547 ,
620 2521 674 2548 ego
696 2521 786 2550 nego:
819 2514 904 2550 igitur

30 2553 166 2582 *haetenus
183 2553 273 2581 sumus
291 2561 380 2589 pares.

75 2600 102 2619 2.
123 2591 212 2627 Pergo
239 2591 274 2619 ad
298 2599 353 2635 reim
376 2591 460 2627 ipsam
477 2613 484 2624 ‚
513 2590 558 2620 sed
575 2596 723 2626 antequam
740 2597 904 2624 argumenta

35 2634 85 2658 tua
101 2630 253 2661 excutiam.
286 2631 471 2659 animadverti
494 2630 576 2658 veliin
595 2651 600 2660 .
622 2629 697 2657 illam
716 2630 878 2657 sententiam
894 2651 902 2662 ‚

36 2675 98 2703 quae
115 2667 201 2695 coedes
217 2666 242 2695 ἃ
255 2667 440 2703 expositiones
471 2669 622 2696 liberorum
647 2668 736 2695 licitas
753 2667 829 2696 fuisse
851 2667 901 2695 sta-

36 2706 92 2734 tuit
108 2706 142 2733 ad
163 2714 250 2740 usque
267 2705 452 2741 Principatum
476 2707 668 2735 Valentiniani
691 2707 822 2739 senioris,
845 2706 900 2734 esse

34 2743 149 2780 quidem
166 2743 326 2776 singularem
342 2745 424 2780 Lipfli
443 2745 466 2773 ἃ
487 2746 609 2774 Noodtii
632 2767 638 2778 ,
661 2744 704 2772 sed
727 2752 819 2773 tamen
841 2754 898 2773 non

37 2782 144 2815 deesse,
170 2783 216 2818 qui
239 2782 310 2809 hanc
331 2782 484 2812 libertatem
509 2785 634 2820 patribus
653 2784 779 2812 tribuunt
803 2784 838 2812 ad
855 2792 896 2812 us-

37 2829 92 2856 que
108 2826 234 2855 tempora
256 2819 404 2852 Alexandri
418 2822 532 2855 Severi,
556 2829 585 2850 ut
607 2822 728 2859 Jacobus
745 2821 898 2850 Gothofre-

37 2860 107 2893 dus,
134 2859 178 2886 vel
199 2858 392 2892 Diocletiani,
419 2867 449 2889 ut
470 2861 641 2889 Theodorus
667 2861 830 2894 Mai-cilius,
855 2861 898 2889 vel

36 2896 218 2925 Constantini
239 2896 273 2924 M
310 2903 340 2924 ut
368 2898 509 2927 Hubertus
532 2899 689 2934 Giphanius
706 2921 712 2932 ,
751 2900 899 2928 Cunradus

35 2934 250 2966 muers-hunus,
279 2934 376 2963 Petrus
396 2935 536 2969 Pithoeus,
566 2938 591 2965 δι
613 2936 659 2965 alii
677 2937 806 2969 censent,
828 2947 900 2975 quos

35 2973 189 3001 memoravi
211 2971 306 3010 Opusc.
327 2972 356 3000 C.
368 2974 405 3001 ΙΙ.
444 2974 487 3002 11Ιί
501 2975 529 3003 in
545 2977 617 3004 hanc
630 2984 686 3003 rem
700 2977 823 3004 rationes
840 2978 899 3006 suas

35 3011 184 3050 proferunt
200 3032 207 3043 ,
240 3009 265 3038 ἃ
282 3012 322 3039 his
338 3010 399 3047 ipsis
413 3033 420 3045 ,
441 3018 474 3041 ut
487 3021 555 3042 mox
574 3014 688 3047 audies,
711 3014 822 3043 strenue
837 3016 900 3045 usus

39 3049 79 3078 est
95 3050 170 3077 Clar.
188 3049 340 3077 Noodtius.

75 3094 101 3122 3.
120 3087 207 3115 Recte
222 3094 306 3123 atque
321 3085 437 3121 ordine,
458 3095 516 3116 non
535 3094 641 3118 tantum
659 3091 808 3127 privilegio
822 3091 898 3120 Reli-

34 3126 146 3162 gionis,
169 3124 214 3154 sed
230 3125 274 3153 vel
291 3127 410 3154 maxime
423 3126 550 3155 ubertate
565 3130 717 3164 argumenti
728 3151 735 3162 ,
758 3139 822 3158 nain
833 3139 899 3166 prae-

34 3171 78 3192 ter
97 3170 226 3192 vetrrum
246 3163 467 3192 Christianorum
500 3165 726 3195 Declamationes
750 3169 797 3196 vix
823 3170 899 3205 quic-

34 3210 119 3239 quam
147 3201 203 3234 est,
225 3201 302 3238 quod
326 3203 377 3230 tibi
403 3202 542 3238 suppetias
562 3203 620 3232 fere
634 3205 724 3240 possit.
764 3206 838 3234 Sane
853 3206 900 3240 ,⁸ss

35 3247 134 3307 puriter
159 3241 208 3308 ¹}ae
233 3239 305 3269 nihil
327 3240 445 3273 exstaret
461 3262 469 3275 ,
497 3240 556 3270 fere
575 3243 692 3272 herkam
717 3242 811 3272 darem
825 3265 834 3279 ,
855 3244 902 3274 sed

101 3288 148 3308 om.
183 3299 190 3308 .

803 116 1476 166 REsPON81'o.

1738 140 1805 176 &77

941 203 1101 245 Apologia
1127 204 1178 236 vir
1204 204 1260 236 ille
1284 205 1403 247 sapiens
1420 231 1430 247 ,
1453 207 1648 242 Christianos
1669 207 1811 242 defensa--

941 255 993 277 tus
1016 243 1163 277 adversus
1180 243 1360 278 Gentilium
1379 250 1568 282 calumniam
1595 252 1634 282 de
1652 250 1810 283 infantici-

941 287 995 318 dio
1019 286 1049 317 &
1080 287 1236 317 convivio
1260 288 1380 320 incesto
1400 313 1409 328 ,
1444 300 1507 322 non
1539 293 1647 323 timuit
1665 299 1738 334 pag.
1764 301 1816 332 702.

942 328 1078 359 editionis
1094 326 1264 367 Purzfienfir
1280 331 1357 370 apud
1379 329 1539 363 Mor-eiiam
1555 335 1629 364 anni
1653 336 1742 374 1636.
1767 331 1811 363 fa-

940 370 988 401 cta
1005 369 1168 409 utriusque
1190 369 1278 401 sectae
1311 374 1570 413 comparatione,
1596 374 1783 405 confirmare
1804 393 1815 411 ,-

941 411 1024 442 inter
1044 410 1124 442 alios
1142 411 1256 452 Populi
1283 412 1416 445 Romani
1444 424 1565 454 mores,
1587 426 1604 446 a
1626 412 1811 446 Christianis

943 452 1067 483 habitos
1096 461 1155 492 pro
1184 454 1354 494 improbis,
1391 455 1453 487 ess'e
1469 455 1625 488 infantum
1645 455 1815 497 expofitio-

942 502 1014 525 nem
1033 502 1070 524 ac
1095 502 1203 525 necem
1226 505 1232 526 :
1266 494 1316 527 sed
1341 497 1421 528 hanc
1438 507 1510 529 cum
1534 498 1743 538 caeterisjure
1759 506 1815 538 pu-

945 535 1031 566 blico
1055 544 1072 565 a
1101 533 1285 568 Gentilibus
1312 538 1432 571 licitam
1454 546 1548 581 atque
1562 540 1749 581 impunitam
1767 547 1813 569 re-

944 576 1055 616 linqui.
1101 575 1241 609 Evidens
1256 578 1318 610 effe
1334 580 1395 612 hoc
1415 580 1525 621 Justini
1551 581 1709 623 Martyris
1732 579 1815 611 testi-

944 617 1087 662 monium
1109 640 1119 656 ,
1148 628 1242 650 nemo
1267 629 1360 662 neget
1382 644 1394 661 ,
1424 621 1569 664 inspeetis
1606 623 1670 655 loci
1699 621 1816 653 verbis.

945 667 1022 699 quin
1039 657 1190 691 sincerum
1208 660 1262 701 sit,
1281 671 1340 703 ego
1367 673 1423 695 cur
1446 664 1613 697 dubitem?
1638 673 1673 696 tu
1691 672 1819 705 quoque

945 709 1009 731 non
1026 707 1114 745 petas
1130 702 1251 734 melius.
1275 713 1339 744 quo
1359 712 1462 738 tamen
1486 706 1679 738 cumulatior
1695 706 1733 738 sit
1751 704 1818 745 ejus

946 741 1114 787 auctoritas
1125 764 1135 780 ,
1158 743 1265 775 addam
1278 768 1286 783 ‚
1312 745 1397 786 quod
1415 747 1495 779 idem
1513 746 1604 779 simili
1620 747 1754 780 consilio
1772 756 1816 780 te-

949 785 1044 814 status
1059 784 1114 814 iub
1131 784 1250 816 Severo
1269 788 1298 817 ὅ(
1315 788 1480 821 Antonino
1507 789 1668 822 Caracalla
1684 790 1727 821 est
1751 789 1789 831 (ς

946 824 1113 856 Minucius
1138 825 1229 857 Felix
1257 826 1385 860 Octavio
1417 840 1441 861 c,
1467 841 1516 873 30.
1545 831 1580 867 Β
1600 840 1651 873 31.
1674 839 1741 863 tum
1763 831 1796 864 su

947 865 1056 897 iisdem
1076 865 1275 908 Principibus
1299 869 1368 911 (ὁ)
1398 870 1620 905 Tertullianus
1640 873 1692 904 lib.
1715 883 1741 905 1.
1765 875 1818 906 Ad

946 908 1080 938 nationes
1099 917 1124 940 c.
1145 917 1192 949 15.
1216 908 1252 945 &³
1274 909 1346 953 (7)
1367 914 1399 944 in
1419 912 1609 958 Apologetico
1631 924 1655 946 c,
1667 925 1698 952 9.
1719 917 1816 948 etiam

1763 956 1821 990 sub

947 1050 1012 1072 cum
1027 1042 1097 1072 mihi
1119 1042 1219 1074 videar
1236 1043 1366 1083 probasse
1383 1071 1390 1083 ‚
1419 1051 1504 1086 quarn
1519 1046 1637 1086 plurima
1654 1044 1759 1081 exstare
1777 1051 1820 1081 lo·

948 1091 998 1116 ca,
1023 1091 1084 1118 quae
1104 1083 1187 1111 aliam
1207 1084 1369 1115 sententiam
1397 1089 1524 1124 amplecti
1548 1089 1680 1124 suadent,
1700 1092 1817 1126 jubent,

948 1120 972 1149 ἃ
988 1129 1064 1158 quae,
1093 1127 1124 1149 ut
1147 1122 1244 1151 audies
1262 1144 1270 1157 ,
1292 1124 1336 1152 vel
1351 1127 1435 1162 plane
1457 1126 1483 1155 &
1499 1127 1581 1163 plene
1600 1130 1793 1166 praetermisisti
1809 1152 1818 1164 ,

948 1160 993 1188 vel
1017 1160 1166 1188 inte-liciter
1193 1162 1354 1198 extricasti,
1382 1166 1588 1195 occurrendum
1612 1174 1672 1196 erat
1689 1166 1818 1197 Patribus

944 1198 1118 1227 Christianis,
1161 1199 1189 1228 Si
1211 1209 1266 1229 non
1284 1210 1316 1229 ea
1332 1203 1438 1238 pietate
1454 1204 1481 1233 id
1496 1205 1688 1241 praestiterim,
1710 1215 1772 1243 quae
1786 1208 1821 1235 ti-

944 1237 972 1265 bi
1001 1245 1074 1265 nunc
1096 1236 1189 1274 placet
1203 1259 1212 1272 ,
1247 1240 1347 1276 praesto
1370 1250 1435 1270 mox
1458 1243 1511 1272 erit
1530 1244 1679 1282 apologia,
1702 1245 1747 1274 sed
1761 1245 1820 1283 ipsa

945 1275 1168 1305 Christianorum
1185 1277 1346 1308 testimonia
1363 1281 1482 1317 primum
1499 1283 1704 1313 recenseamus.

981 1322 1008 1349 4.
1030 1314 1154 1352 Juliinus
1174 1316 1285 1353 Martyr
1306 1318 1385 1354 Apoto
1408 1321 1464 1349 .11.
1484 1327 1529 1358 pro
1544 1320 1700 1360 Chrzstianis
1719 1320 1822 1359 (quern

946 1353 1040 1381 locum
1058 1353 1109 1381 tibi
1128 1353 1253 1390 suggeffit
1276 1356 1392 1386 Desider'
1406 1365 1436 1387 us
1464 1359 1604 1389 Heraldus
1621 1361 1760 1391 Commeat.
1783 1361 1822 1390 ad

950 1391 1060 1419 Terruit.
1082 1394 1218 1430 Apotogec.
1247 1393 1276 1422 C.
1293 1392 1342 1424 IX.
1352 1405 1363 1432 )
1392 1396 1551 1434 simpliciter
1566 1400 1621 1434 ait,
1643 1399 1822 1430 christianos

948 1430 1026 1458 nefas
1042 1429 1163 1465 ducere,
1197 1432 1299 1462 liberos
1323 1443 1481 1472 exponere,
1504 1437 1549 1466 sed
1564 1445 1622 1467 non
1638 1440 1693 1473 ait,
1717 1445 1746 1468 ut
1762 1446 1792 1468 tu
1809 1461 1820 1473 ‚

947 1470 998 1497 Vir
1016 1468 1170 1497 Clariffime
1185 1492 1192 1503 ‚
1214 1471 1310 1504 addis,
1333 1473 1467 1512 infantum
1481 1476 1660 1514 expositionem
1678 1478 1752 1515 JURE
1765 1478 1785 1507 P
1798 1494 1819 1505 .-

946 1516 1035 1536 nmco
1050 1517 1066 1535 a
1085 1508 1232 1537 Gentilibui
1249 1511 1350 1540 licitam
1366 1519 1442 1551 atque
1454 1515 1609 1552 impunitam
1621 1517 1741 1553 relinqui.
1765 1516 1822 1545 Ce-

948 1548 986 1575 do
1003 1547 1111 1580 locum,
1140 1548 1188 1575 ubi
1213 1548 1269 1576 hoc
1296 1549 1415 1586 dixerit,
1437 1561 1473 1582 ne
1487 1553 1601 1591 quidem
1618 1562 1635 1582 a
1654 1554 1733 1584 sensu
1753 1562 1824 1583 con-

948 1586 1036 1614 traris»
1059 1593 1093 1613 ex
1108 1587 1168 1619 ejus
1186 1585 1320 1616 sententia
1335 1590 1390 1618 tale
1406 1590 1474 1627 quid
1492 1591 1603 1621 efficere
1617 1592 1700 1628 licet,
1724 1594 1768 1623 sed
1783 1593 1823 1623 ad

949 1624 1106 1668 summum,-
1121 1624 1174 1653 eise
1192 1626 1337 1661 Gentiles,
1359 1631 1407 1666 qui
1434 1630 1538 1660 liberos
1559 1633 1728 1669 exponant,
1750 1632 1824 1667 effe.-

947 1663 996 1700 qui
1011 1667 1154 1700 expolitos
1169 1664 1305 1699 colligant
1328 1665 1354 1695 ἃ
1376 1667 1468 1703 alant,
1496 1677 1555 1698 non
1570 1670 1628 1699 alio
1643 1670 1714 1705 fine,
1735 1680 1822 1708 quam

947 1709 979 1730 ut
994 1701 1128 1730 obscoeno
1144 1701 1224 1730 lucro
1239 1703 1267 1731 in
1290 1703 1471 1741 lupanaribus
1487 1708 1672 1745 prostituant,
1694 1711 1764 1746 quin
1777 1711 1821 1743 ρι’-

947 1740 1004 1768 iam
1018 1740 1087 1774 effe,
1109 1741 1158 1777 qui
1179 1740 1332 1771 liberorum
1353 1742 1380 1772 δι
1394 1749 1514 1775 uxorum
1535 1744 1642 1776 suarum
1664 1747 1725 1776 sunt
1741 1749 1819 1777 leno·
1862 1748 1864 1750 ’

949 1787 1007 1807 nes.
1047 1779 1178 1816 Increpat
1199 1779 1346 1816 improbos
1369 1783 1420 1812 hos
1443 1793 1550 1819 mores,
1580 1785 1606 1815 δι
1626 1788 1683 1815 non
1700 1787 1821 1816 obscure

949 1816 1099 1854 fignificat,
1120 1819 1192 1846 vitio
1207 1817 1233 1847 ἀ
1248 1819 1332 1849 abusu
1350 1820 1438 1851 saecuu·
1454 1824 1527 1853 inter
1540 1824 1647 1854 medias
1668 1826 1742 1862 leges
1756 1834 1821 1863 pec-

949 1857 1023 1890 cari,
1044 1864 1108 1884 nam
1124 1857 1178 1890 ait,
1200 1855 1236 1883 ‘rin
1249 1858 1353 1895 φανερῶς
1366 1860 1423 1894 ὑμῖν
1439 1872 1612 1898 morosum,
1632 1864 1656 1901 ις
1672 1864 1832 1901 *rip-'caiphanq-

950 1895 1001 1923 hoec
1020 1896 1047 1923 in
1058 1896 1190 1931 propatulo
1203 1905 1220 1924 a
1238 1898 1310 1924 vobis
1320 1896 1411 1934 fiunt,
1438 1896 1476 1934 ὅ)
1497 1901 1653 1935 laudantur,
1675 1901 1702 1931 ἃ
1723 1908 1821 1933 tamen

951 1933 1132 1966 Christianis,
1160 1940 1189 1962 ut
1214 1935 1330 1964 crimina
1352 1937 1475 1972 objicitis
1494 1939 1668 1976 promiscuos
1684 1942 1821 1972 concubi·

951 1977 995 2000 tus
1011 1971 1036 2000 ἃ
1050 1973 1182 2001 convivia
1198 1972 1316 2007 incesta,
1337 1975 1429 2003 minus
1446 1985 1522 2006 vera.
1563 1978 1610 2007 De
1623 1978 1703 2008 malis
1720 1979 1822 2010 Genti-

949 2009 1017 2038 lium
1033 2011 1157 2039 moribus
1176 2032 1183 2045 ,
1204 2013 1253 2048 qui
1275 2011 1350 2048 leges
1373 2019 1482 2044 tantum
1498 2022 1557 2045 non
1573 2016 1758 2054 subegerant,
1780 2019 1822 2049 ibi

949 2049 1105 2078 sermonem
1121 2049 1174 2078 effe
1188 2070 1195 2082 ‚
1219 2051 1328 2080 constat
1347 2060 1381 2080 ex
1395 2061 1448 2088 eo,
1468 2054 1548 2091 quod
1569 2055 1605 2084 de
1619 2056 1767 2086 lenocinio
1787 2057 1820 2087 li-

948 2088 1081 2116 berorum
1104 2087 1130 2116 &
1153 2096 1272 2116 uxorum
1295 2091 1395 2123 retuli,
1417 2099 1509 2129 neque
1530 2094 1624 2130 enim,
1644 2095 1765 2134 opinor,
1785 2105 1824 2126 ea-

946 2135 991 2155 res
1006 2127 1070 2163 jure
1083 2127 1186 2163 publico
1202 2127 1339 2163 impunita
1354 2134 1424 2159 erat.

987 2172 1012 2200 5.
1033 2166 1144 2194 Locum
1166 2165 1290 2201 Minucii
1318 2167 1433 2201 Felicis,
1451 2177 1536 2207 quem
1559 2167 1606 2201 hic
1620 2172 1718 2203 laudas
1734 2182 1768 2203 ex
1788 2173 1820 2204 C.

948 2211 994 2239 30.
1019 2203 1129 2232 Otlavii
1141 2226 1148 2238 ,
1177 2202 1384 2235 &laudaveras
1405 2206 1470 2247 Jztiz
1496 2208 1575 2240 Paul.
1596 2209 1626 2241 C.
1642 2213 1694 2242 IV.
1715 2213 1822 2241 indica-

947 2245 988 2272 vit
1006 2243 1057 2271 tibi
1074 2242 1181 2280 Lipsius
1196 2242 1222 2270 d.
1242 2241 1325 2281 Epist.
1341 2248 1387 2281 85.
1417 2245 1521 2276 Centur.
1541 2249 1564 2279 1.
1584 2251 1620 2278 ad
1632 2250 1713 2289 Belg.
1734 2252 1828 2281 etiam*

949 2281 1093 2318 descriptis
1115 2282 1173 2317 ejus
1189 2283 1296 2316 verbis,
1319 2283 1397 2320 quod
1422 2286 1534 2315 taedium
1556 2289 1642 2317 etiam
1657 2295 1686 2318 tu
1701 2289 1820 2318 devora·

948 2320 981 2349 sti
1002 2320 1027 2348 d.
1050 2320 1079 2348 C.
1101 2321 1152 2349 IV.
1183 2320 1228 2348 sed
1249 2321 1357 2358 Lipsius
1379 2323 1515 2353 indicavit
1532 2347 1539 2358 ,
1560 2333 1647 2363 atque
1670 2327 1690 2356 si
1703 2326 1771 2356 esset
1785 2336 1822 2356 ex

948 2358 983 2388 L.
1001 2359 1079 2387 Vlll.
1099 2359 1214 2387 Arnobii
1234 2359 1358 2397 adversus
1383 2361 1499 2396 Gentes,
1520 2372 1572 2400 pro
1589 2373 1664 2401 quo,
1686 2372 1718 2395 ut
1737 2367 1820 2395 novi-

948 2397 998 2431 sti,
1019 2397 1068 2425 diu
1085 2399 1198 2426 habitus
1220 2397 1260 2426 est
1284 2398 1407 2427 Minucii
1422 2400 1562 2431 Quavius.
1599 2402 1680 2438 Aloer
1693 2404 1771 2434 locus
1786 2414 1822 2435 ex

947 2435 979 2464 C.
994 2443 1039 2471 31.
1059 2435 1099 2464 est
1118 2437 1191 2472 apud
1209 2436 1419 2466 Gothofredum
1436 2440 1463 2467 in
1485 2439 1623 2470 Comment.
1648 2442 1684 2471 ad
1703 2444 1721 2471 1.
1737 2451 1765 2472 2.
1785 2443 1817 2472 C.

950 2473 1042 2502 Theod.
1058 2475 1088 2502 de
1102 2474 1219 2513 Equfit.
1240 2474 1266 2503 &
1279 2483 1342 2504 cum
1360 2482 1510 2515 utrumque
1530 2479 1681 2509 Austorein
1701 2481 1817 2518 legeris,

947 2513 1099 2549 oportebat
1114 2520 1261 2548 utrumque
1275 2513 1413 2548 laudasse,
1434 2516 1512 2553 quod
1533 2517 1615 2547 semel
1632 2519 1751 2554 dietum,
1774 2521 1819 2549 sae-

947 2560 982 2587 pe
998 2552 1147 2588 repetitum
1174 2551 1242 2580 esto,
1283 2553 1416 2589 Agnosco
1439 2560 1549 2590 autem,
1572 2557 1732 2587 Minucium
1747 2559 1817 2587 Feli-

948 2599 1008 2617 cem
1031 2597 1152 2626 utroque
1181 2590 1246 2619 loco
1269 2591 1439 2621 infanticidii
1456 2595 1561 2623 crimen
1579 2604 1594 2623 a
1610 2596 1775 2626 Christianis
1791 2606 1818 2625 a·

948 2635 1073 2661 vertere,
1101 2629 1126 2657 &
1154 2629 1226 2663 hoc,
1249 2628 1274 2657 &
1290 2638 1352 2666 quae
1370 2632 1430 2668 pari
1451 2631 1517 2661 loco
1536 2632 1589 2668 est,
1614 2634 1754 2664 infantum
1770 2643 1818 2664 ex-

944 2667 1112 2704 positionem
1123 2689 1130 2701 ‚
1155 2668 1316 2701 Gentilibus
1332 2670 1513 2705 exprobrare.

981 2709 1009 2734 6.
1029 2706 1223 2735 Tertullianus
1244 2706 1278 2735 L.
1296 2708 1319 2735 1.
1338 2708 1372 2736 ad
1387 2708 1498 2738 Notion.
1519 2710 1548 2738 C.
1569 2713 1613 2745 1'5.
1634 2711 1719 2748 longe
1739 2711 1817 2740 aliud

943 2743 1026 2775 dicit,
1047 2753 1132 2781 quam
1147 2749 1176 2773 tu
1192 2745 1340 2774 existimas.
1380 2747 1416 2775 Et
1429 2748 1494 2783 quia
1513 2749 1638 2777 nondum
1655 2758 1718 2778 eum
1734 2749 1814 2778 vide-

940 2783 977 2810 ris
994 2783 1167 2819 intelligere,
1201 2783 1347 2820 postquam
1368 2785 1490 2822 Jacobus
1514 2787 1709 2816 Gothofredus
1738 2788 1814 2816 hunc

942 2821 1074 2858 insignem
1095 2823 1154 2856 ejus
1177 2822 1270 2850 locum
1293 2823 1449 2851 adduxerat
1475 2823 1501 2852 &
1521 2825 1710 2860 explicaverat
1744 2826 1815 2855 Com-

940 2867 1019 2888 ment.
1041 2860 1075 2888 ad
1097 2861 1115 2888 l.
1135 2869 1158 2888 1.
1181 2860 1210 2888 C.
1230 2860 1323 2888 Theoti.
1346 2861 1376 2888 de
1398 2861 1482 2889 sicar.
1503 2862 1601 2899 &ipse
1618 2863 1700 2893 latius
1716 2863 1813 2901 Opusc.

942 2898 971 2927 C.
989 2899 1026 2927 X.
1049 2907 1114 2927 mox
1130 2899 1155 2926 ei
1178 2900 1254 2926 dabo
1276 2899 1370 2926 locsum
1393 2899 1574 2934 singularem,
1596 2908 1677 2934 nam,
1700 2902 1749 2931 nifi
1765 2903 1813 2931 fal·

942 2937 1003 2971 lor,
1026 2946 1059 2966 ex
1075 2946 1111 2965 eo
1132 2936 1191 2964 solo
1205 2936 1360 2972 refutatur,
1390 2938 1523 2973 quicquid
1543 2947 1576 2966 ex
1590 2940 1717 2976 patribus
1733 2941 1813 2971 Chri-

942 2975 1038 3004 stianis
1054 2976 1103 3004 tibi
1121 2974 1160 3002 est
1182 2974 1307 3011 praesidii.

983 3022 1007 3050 7.
1028 3015 1114 3042 Hunc
1127 3012 1298 3041 Tertulliani
1322 3012 1416 3040 locum
1436 3021 1470 3040 ex
1490 3015 1603 3052 Apolog.
1626 3015 1655 3044 C.
1671 3017 1722 3047 IX.
1743 3020 1813 3048 reci·

943 3055 1014 3080 tavit
1037 3051 1146 3087 Lipsius
1168 3050 1193 3077 d.
1214 3048 1296 3086 Epist.
1313 3052 1357 3084 85.
1381 3049 1406 3078 ἀ
1431 3052 1625 3082 Gothofredus
1642 3055 1676 3084 ad
1697 3056 1722 3085 d.
1742 3058 1758 3085 l.
1784 3066 1809 3086 2.

942 3090 972 3118 C.
991 3089 1039 3117 Th.
1059 3089 1089 3116 de
1103 3088 1216 3126 Expofit.
1238 3088 1264 3116 &
1279 3095 1391 3122 aperte,
1413 3088 1520 3124 fateor,
1541 3093 1658 3128 probat,
1680 3095 1815 3124 Christia-v

943 3136 995 3156 nos
1013 3126 1172 3156 Gentilibus
1189 3126 1321 3161 objecisse
1337 3126 1492 3156 liberorum
1517 3130 1606 3159 caedes
1623 3131 1648 3160 δι
1664 3133 1813 3170 expositio-

943 3175 1002 3195 nes.
1025 3165 1153 3199 objicit
1183 3165 1221 3192 ibi
1242 3165 1436 3193 Tertullianus
1460 3168 1544 3196 etiam
1569 3169 1731 3200 Piaesidibus
1747 3173 1816 3200 Pro-

945 3206 1101 3233 vinciarum
1123 3203 1275 3231 liberorum
1301 3211 1415 3244 necem,
1443 3204 1487 3233 sed
1506 3213 1577 3243 quot,
1606 3209 1711 3245 inquit,
1731 3210 1815 3240 vultis
1838 3215 1843 3217 '

945 3253 978 3272 ex
992 3245 1033 3272 his
1055 3264 1061 3270 .
1085 3263 1091 3271 .
1114 3262 1121 3270 .
1144 3263 1150 3269 .
1172 3241 1301 3308 i{bagad
1318 3242 1623 3283 conscienciampulsem‚
1647 3256 1678 3278 ut
1695 3250 1815 3285 innuat,

1747 3288 1820 3317 clam
