2008 3436
184 101 753 154 QUAEST.JUR18
804 103 1159 149 PRIVATI,

29 191 68 222 'ne
85 190 238 230 versatus,
280 191 429 233 lai-gitur,
461 200 527 223 eam
545 191 680 233 pendere
695 200 733 223 ex
750 190 815 223 sola
838 202 894 223 vo-

27 234 152 265 luntate
175 232 356 273 Conjuguni
375 255 385 271 ,
417 234 446 266 ἀ
470 233 637 266 secundum
664 232 744 264 hanc
771 233 895 265 diversi-

26 276 121 307 mode
144 274 294 315 judicass‘e
317 274 444 307 Curiam
469 274 574 307 Friiiae
591 297 602 313 ‚
631 274 675 306 fin
697 283 801 306 autem
827 275 895 307 liat-c

26 317 180 358 explorari
214 325 373 357 nequeat,
404 317 534 359 pronior
556 316 602 349 est
625 315 657 348 in
685 325 752 347 cani
774 316 893 348 senten-

26 359 120 397 tiam,
151 367 220 398 quae
247 358 437 390 hereditates
465 359 494 390 δε
521 358 621 401 legata
637 367 702 390 non
719 359 894 389 communi-

24 408 76 432 cat
95 422 106 439 ,
142 400 224 440 quod
248 409 360 441 nempe
382 400 557 441 putaverit,
581 399 754 438 ejusmodi,
781 399 833 441 qui
849 400 893 431 di-

24 443 74 480 xi,
112 450 255 473 mutuum
280 443 496 474 testamentum
517 440 658 472 incidere
680 442 710 472 in
735 441 894 473 fideicom-

23 482 149 516 missum
174 484 204 515 &
229 483 483 516 substitutionem
512 482 841 515 fideicommisshriam.
867 483 893 514 l-

23 524 78 567 pse
101 525 199 557 etiam
221 525 353 567 largior,
385 525 582 556 voluntatem
608 523 787 566 Conjugum
814 525 845 556 in
863 533 892 555 e-

22 567 156 608 jusmodi
182 565 368 598 testamento
392 574 555 607 utramque
587 567 729 607 paginam
757 565 863 597 facere
881 589 890 605 ‚

23 608 77 641 sed
95 608 250 650 scriptura
265 608 363 646 probe
376 607 522 647 excuss'a,
551 607 580 639 δε
603 607 798 648 confirmetis,
823 617 891 648 quie

23 658 194 682 occurrunt
214 671 224 686 ‚
258 649 444 688 sententiis,
484 649 590 681 malini
623 659 680 690 pro
709 649 893 680 continuata

22 691 266 730 communione,
291 700 380 732 quam
398 701 454 731 pro
474 690 714 723 sideieoniniill'o
729 691 890 731 responde-

21 744 56 767 re
72 757 80 770 ,
108 733 138 765 &
163 732 305 773 quamvis
328 733 359 764 in
382 733 572 769 Hollandia‚
601 733 653 764 ubi
670 732 737 773 ipso
752 733 819 772 jure
838 732 891 763 oh-

23 776 105 807 tinet
126 775 282 806 bonorum
303 775 489 807 communio
506 798 514 812 ‚
551 774 677 807 facilius
694 774 725 804 id
746 774 888 805 admitta-

23 825 92 854 tur,
115 825 210 856 quam
228 816 259 847 in
280 815 392 853 FrHia,
419 817 468 848 ubi
485 825 546 848 non
567 817 712 851 obtinet,
738 823 841 846 tamen
859 814 888 845 ἃ

20 859 51 890 in
67 858 161 890 Friiia
179 857 262 888 inter
276 857 471 898 superstitem
490 859 518 889 dt
533 857 671 890 defuncti
698 857 824 888 heredes
843 857 886 887 in-

21 900 198 932 traductam
232 899 477 932 existimaverim
507 900 766 932 communionem
788 898 887 929 bono-

638 995 1037 1051 CAPUT>

1217 105 1386 145 Liss.111.
1418 112 1454 146 C.
1484 113 1526 150 X.
1546 115 1607 152 XI.
1731 123 1800 166 413¹

939 202 1026 231 rum,
1058 192 1080 225 si
1103 193 1143 224 ita
1165 193 1259 226 verba
1276 193 1336 225 sint
1356 205 1511 238 concepta
1526 224 1534 239 ‚
1557 210 1592 233 iit
1610 203 1697 245 supi-a
1713 205 1802 238 exhi-

939 235 1048 266 bebam
1069 257 1078 272 ,
1106 235 1221 276 absque
1251 244 1286 266 ea
1309 237 1392 267 enim
1415 244 1638 276 communione
1659 246 1688 277 in
1708 249 1803 279 inter-

939 275 1089 322 pretando
1109 276 1297 321 testamento
1319 278 1452 310 inultum
1483 283 1606 322 quidem
1627 287 1780 320 laborabis

939 318 989 349 led
1005 317 1151 363 proficies
1168 318 1258 350 nihil.
1304 319 1356 351 Sin
1375 329 1480 352 autem
1502 325 1632 357 omnino
1653 329 1747 367 velis,
1771 314 1802 360 cZ

937 360 1069 400 jusmodi
1096 360 1315 391 testamentum
1349 361 1489 393 incidere
1514 363 1544 394 in
1573 367 1692 400 causam
1717 370 1803 402 fidei-

939 400 1112 438 commissi,
1137 410 1230 442 atque
1252 402 1293 434 ita
1311 401 1505 443 superstitem
1522 403 1585 435 effe
1608 406 1751 441 liei-edem
1770 411 1802 443 ss-

937 442 1127 481 duciaiium,
1154 442 1205 473 scd
1221 444 1302 484 quod
1324 445 1361 475 ad
1383 443 1535 477 seiniil'ein
1552 447 1635 487 ejus,
1659 451 1742 488 quod
1757 450 1804 482 su-

937 483 1053 524 pererit
1071 506 1082 522 ,
1119 483 1360 529 lideiconiniiss'o
1383 495 1545 527 gravatum
1562 510 1573 525 ‚
1605 489 1731 527 nerem,
1767 502 1805 523 an

935 525 1036 556 adhuc
1057 535 1105 557 res
1123 526 1204 556 ialva
1218 527 1269 564 lit,
1292 527 1428 559 siceniin
1442 527 1579 568 diceres,
1609 529 1806 570 superstitem

935 577 974 598 cx
1000 566 1138 598 aditione
1159 566 1341 600 hereditatis
1363 569 1498 610 primum
1524 571 1682 610 defuncti,
1715 577 1807 614 atque

935 608 1013 639 adeo
1027 617 1066 638 ex
1082 608 1163 649 quali
1187 610 1353 642 contractu
1376 609 1552 652 obligatum
1574 613 1636 645 ess'c
1654 613 1806 647 seniiss'ein

935 651 1111 681 communis
1136 651 1345 690 patrimonii,
1373 654 1457 692 quod
1482 653 1545 694 ipse
1572 655 1736 688 reliftums
1760 664 1805 688 es*

935 690 1000 728 set,
1029 690 1189 722 restituere
1213 692 1377 725 heredibus
1405 695 1548 737 conjugis
1574 697 1806 738 praedefuncti,

935 732 991 764 nisi
1010 732 1096 778 foi-te
1113 733 1208 779 malit
1218 734 1284 773 ejus
1311 734 1516 767 hereditatem
1538 735 1640 770 statim
1665 738 1804 780 repudia-

935 783 989 812 re,
1024 774 1054 805 dt
1076 775 1163 805 luuin
1190 775 1343 808 leiiiii'l'em
1380 786 1451 809 cuin
1486 778 1577 810 lucro
1605 780 1633 811 δ(
1668 781 1804 817 damno,

931 815 1016 861 quo-d
1032 816 1243 862 obventurum
1260 816 1322 856 cst,
1354 817 1414 850 suis
1439 819 1602 852 heredibus
1618 820 1755 859 sei-vare,
1782 821 1804 853 fi

932 857 1014 901 nolit
1030 880 1039 896 ,
1071 856 1149 888 nihil
1175 857 1348 898 prothet,
1389 861 1556 899 quominus
1582 864 1718 903 primuni
1737 872 1802 894 mo-

932 901 1013 929 riens
1036 899 1120 930 reete
1138 897 1252 931 statuat
1267 900 1305 931 de
1325 909 1358 931 re
1376 902 1536 944 conjugis,
1561 903 1682 937 heredis
1701 903 1758 936 sui.

1097 996 1182 1032 XI.

116 1088 199 1132 An,
227 1095 261 1122 tit
278 1087 390 1134 spurii
417 1088 457 1121 ab
481 1084 634 1132 intestato
659 1085 756 1119 maii-1·
770 1081 1044 1130 succcdiint,fic
1071 1081 1304 1129 &succedant
1335 1086 1490 1133 Cognatis
1516 1091 1702 1126 maternis?

83 1183 228 1225 purium,
253 1185 309 1218 etsi
331 1193 450 1226 patrem
471 1183 558 1224 jure,
586 1192 649 1224 quo
674 1181 815 1219 utimur,
837 1179 889 1212 ha-

22 1186 75 1267 S
103 1226 176 1258 bere
203 1227 375 1266 videatur,
405 1235 470 1258 non
499 1233 602 1256 [anien
632 1224 660 1255 ei
690 1224 889 1263 paternisque

22 1267 174 1310 Cognatis
195 1266 336 1300 succedit
352 1290 363 1307 ,
393 1267 483 1299 matri
507 1274 610 1297 autern
633 1265 801 1297 succedere
820 1274 887 1295 cei·-

21 1318 90 1343 tum
107 1308 171 1347 est,
194 1311 372 1342 communis
389 1310 473 1341 enim
493 1306 538 1338 est
560 1308 686 1348 regula,
707 1308 813 1352 matr-ii·
830 1315 888 1336 non

21 1352 72 1393 effic
92 1353 230 1393 spurium
247 1373 256 1389 ,
286 1361 338 1383 een
365 1352 477 1383 moecler
499 1349 600 1380 maakt
628 1358 702 1391 greiz.
729 1348 886 1388 hastam-d,

19 1404 103 1432 non,
128 1393 213 1434 quod
235 1393 273 1424 ad
296 1401 427 1425 matrem
453 1391 574 1432 spurius
596 1400 660 1422 non
684 1390 720 1421 lit
736 1411 747 1427 ,
775 1390 825 1430 qui
851 1398 890 1420 cx

19 1434 106 1476 justis
129 1434 248 1474 nuptiis
269 1443 330 1466 non
351 1434 506 1472 nascitur,
532 1431 582 1463 sed
603 1431 687 1474 quod
709 1440 767 1471 pro
784 1430 890 1471 spurio

17 1487 81 1509 non
100 1476 251 1507 habeatur
263 1497 273 1513 ,
300 1476 352 1507 ubi
374 1476 413 1507 de
431 1473 538 1507 matris
563 1472 751 1505 succtssione
765 1474 887 1513 agitur,

17 1518 50 1550 id
67 1518 172 1555 enim,
195 1526 297 1557 neque
315 1517 417 1555 aliud,
441 1514 594 1557 fignificat
609 1515 768 1556 parmmia.
797 1514 886 1553 Ejus-

17 1560 103 1593 modi
133 1559 254 1600 aliquot
281 1559 468 1598 paroemias,
498 1558 530 1589 in
552 1556 663 1598 Belgio
686 1556 767 1597 apud
791 1555 888 1596 thos

17 1610 182 1641 receptas,
204 1601 335 1642 collegit
358 1601 388 1632 dt
411 1598 568 1642 postuinas
584 1599 712 1638 reliquit
730 1597 889 1629 Antonius

18 1643 197 1675 Matthaeus
216 1665 225 1677 ,
256 1651 385 1682 quai-uni
411 1641 535 1682 prima,
565 1638 755 1681 postremum
785 1647 889 1671 tamen

18 1685 156 1724 scripta,
179 1682 242 1715 est:
267 1693 319 1714 een
337 1683 526 1725 lVyfiiiaaltt
544 1691 618 1725 gean
633 1680 780 1722 hastanrd.
826 1680 887 1712 lm-

18 1725 176 1770 perfefftus
199 1724 246 1757 est
272 1725 327 1756 ille
355 1733 477 1765 pai-tus,
502 1725 533 1756 ὃς
552 1723 678 1762 nescio,
702 1733 740 1755 an
759 1722 887 1764 publice

18 1770 136 1811 exponi
153 1766 318 1798 debuiffet.
363 1766 414 1798 De
429 1766 536 1807 regula
553 1765 615 1806 ipsa
627 1765 763 1806 primum
779 1773 886 1808 recen-

18 1810 95 1843 sebo
114 1817 237 1841 veteres
248 1807 484 1840 Hollandoruin
494 1807 766 1848 Zelandorunique
782 1807 867 1847 leges
876 1827 888 1844 ,

16 1862 93 1885 mox
115 1851 297 1883 transiturus
323 1849 360 1881 ad
385 1848 565 1888 illustrem,
595 1858 687 1891 quam
715 1847 861 1889 proposui
876 1870 886 1886 ‚

16 1893 232 1936 quaestionem.
277 1891 321 1924 Et
342 1891 476 1932 primum
502 1891 635 1930 Joannes
662 1889 780 1922 Comes
803 1890 835 1921 in
855 1888 885 1930 §.

17 1941 70 1971 28.
89 1934 164 1967 LL.
183 1943 259 1974 quas
276 1942 360 1965 anno
378 1942 468 1975 1303.
491 1931 766 1974 Zuyd-Hollandis
781 1930 884 1963 dedit:

18 1978 79 2019 (1)
102 1975 162 2008 Die
181 1977 294 2007 moeder
311 1976 398 2006 wind
415 1984 489 2016 geeiz
513 1972 664 2015 hastaarde
683 1972 836 2004 Ix'z'ncloren
852 1974 886 2003 in

18 2017 268 2061 Zuyd-Holland.
283 2049 286 2051 ,
314 2017 350 2049 ln
368 2015 395 2056 §.
412 2025 459 2047 11.
477 2016 607 2047 aliarum
622 2014 887 2056 ConsueeZuyd-

14 2059 170 2095 Holland.
201 2059 276 2100 (2)
306 2059 336 2091 ἀ
367 2058 396 2100 §.
425 2066 474 2090 12.
506 2055 775 2090 Consuetudinum
805 2056 887 2088 Dor-

15 2103 174 2134 drechtan.
200 2101 242 2133 ita
265 2109 390 2132 cautum
416 2097 461 2130 est
486 2099 578 2141 (3):
609 2099 662 2129 dat
686 2108 739 2130 een
763 2097 886 2129 Mamer

18 2154 94 2188 geen
110 2141 284 2183 basta-arden
303 2142 423 2178 maakt,
444 2151 528 2171 iizaar
536 2141 713 2182 succedet-en
737 2141 783 2171 die
805 2140 884 2172 Kin-

16 2190 105 2219 deren
122 2185 197 2215 haar
215 2183 355 2222 Moeder,
380 2192 417 2214 ex
432 2192 596 2224 quocunqne
621 2183 699 2213 coitu
717 2183 866 2223 procreati*
875 2199 886 2220 ,-

18 2229 46 2260 ἀ
69 2228 102 2259 in
125 2225 185 2257 alia
211 2224 444 2256 Consuetudine
467 2223 794 2266 Zuyd-Hollandi'ae,
827 2223 886 2265 (4)

21 2270 105 2301 Geen
122 2264 294 2308 bustam-den
312 2265 410 2296 zallen
433 2274 494 2296 van
511 2267 641 2297 iemands
663 2275 751 2296 erven
769 2265 803 2305 of
814 2266 886 2308 gtecl

17 2311 140 2348 deelen,
165 2309 224 2339 dan
247 2317 309 2338 van
331 2309 442 2348 zynder
461 2306 593 2340 Bloecler.
638 2306 753 2347 Rursus
779 2307 886 2339 matris

16 2352 122 2385 nullos
147 2349 209 2381 esse
240 2348 361 2390 spurios
386 2349 474 2389 ajunt
503 2348 530 2391 §.
555 2359 606 2390 530.
631 2348 703 2380 LL.
729 2347 788 2388 (5)
812 2358 887 2389 quas

17 2395 102 2427 Otto
119 2391 289 2423 Arkelanus
315 2400 363 2422 11.
382 2390 470 2430 Sept.
496 2395 588 2432 1382.
612 2389 885 2422 Gorinchemensi-

16 2437 76 2468 bus
92 2433 198 2472 dedit,
223 2433 253 2464 ὅ(
272 2430 300 2473 §.
318 2442 369 2474 30.
396 2431 471 2463 LL.
492 2431 551 2473 (6)
573 2441 648 2473 quas
666 2430 749 2462 idem
773 2430 885 2463 eodem

16 2478 68 2509 die
86 2473 355 2507 Dalemmenlibus
369 2473 465 2504 dedit.
511 2473 554 2505 Et
573 2474 604 2505 in
621 2472 750 2504 eandem
765 2470 885 2504 senten-

18 2520 94 2551 tiam
111 2515 157 2548 cst
171 2515 201 2558 §.
221 2518 269 2546 16.
290 2514 365 2546 LL.
390 2513 448 2555 (7)
470 2524 544 2555 quas
559 2514 734 2546 wilelmus
748 2513 886 2545 Bavarus

18 2570 69 2600 24.
88 2558 169 2599 Aug.
191 2565 283 2597 1412.
306 2556 393 2588 dedit
409 2555 748 2593 Gmfflchemenfibus,
771 2555 825 2596 qui
841 2564 886 2586 ta-

17 2610 90 2634 men
116 2599 242 2640 excepit
267 2598 458 2630 adulterinos
474 2621 483 2636 ,
516 2606 550 2630 ut
580 2598 610 2630 ὅτ,
636 2596 758 2636 excipit
782 2595 810 2637 §.
834 2606 886 2628 21.

18 2642 92 2675 LL.
124 2639 197 2681 (8)
227 2648 302 2680 quas
327 2643 380 2671 πΐς
407 2639 441 2671 in
463 2638 669 2672 Noordeloos
687 2648 726 2671 en
750 2636 888 2669 Groote-

17 2682 121 2716 waard
140 2691 233 2722 1434.
269 2679 448 2722 Gysbertus
464 2681 625 2713 Vianenfis
645 2680 730 2712 dedit
742 2702 754 2718 ,
778 2679 808 2710 &
822 2679 888 2712 foi·-

20 2726 84 2757 tius
98 2724 223 2763 excipit
243 2721 272 2763 §.
290 2732 343 2762 51.
362 2722 435 2754 LL.
459 2722 519 2764 (9)
539 2732 613 2763 quas
628 2721 761 2762 Jacobus
776 2719 884 2753 Hoor-

17 2766 117 2799 nenfis
146 2769 193 2799 18.
220 2762 376 2795 Decemb.
404 2768 493 2805 1476.
545 2762 830 2796 Workumenfibus
855 2763 885 2795 &

18 2807 180 2840 Altenaeis
195 2805 301 2844 dedit,
322 2814 459 2846 quasque
475 2805 676 2838 confirmavit
695 2805 799 2837 Maria
810 2804 886 2836 Bur-

21 2849 126 2890 gunda
141 2858 170 2880 2.
197 2848 298 2880 Mart.
324 2855 413 2887 1477.
439 2846 519 2888 (10)
555 2846 636 2879 Cuin
660 2847 709 2878 his
733 2846 886 2878 convenit

21 2890 49 2932 §.
72 2900 121 2932 13.
141 2888 216 2921 LL.
240 2887 323 2929 (ΙΙ)
344 2896 420 2928 quas
442 2887 575 2926 Jacobus
591 2887 784 2920 Hoomenfis
801 2887 887 2918 circa

18 2941 133 2964 annum
159 2935 250 2971 1478.
273 2930 382 2961 iisdem
404 2928 686 2962 Workumensibus
705 2929 806 2968 dedit,
832 2929 886 2960 ubi

22 2975 53 3007 &
68 2974 120 3015 pia
136 2974 215 3005 ratio
229 2981 287 3014 pro
303 2980 339 3008 ea
353 2970 550 3012 exceptione.
581 2971 654 3004 Sine
668 2981 704 3004 ca
721 2970 884 3012 exceptio-

106 3094 119 3131 )
139 3093 204 3123 Van
225 3093 275 3124 det
293 3091 374 3133 Eyck
394 3088 561 3130 Zuya-Hou.
581 3102 610 3132 p.
632 3096 697 3128 119.

108 3133 120 3170 )
146 3133 257 3162 Ibidem
276 3142 304 3171 p.
324 3141 390 3168 404.

113 3175 127 3249 ὲ
146 3171 309 3201 Oudhoven
328 3169 493 3208 Zuyd-Hon.
516 3179 545 3210 p.
566 3173 613 3208 87.

45 3112 48 3115 .
58 3095 74 3133 (
83 3104 95 3124 1

67 3137 101 3165 (2

63 3172 102 3209 (3

59 3212 105 3248 (4
147 3211 228 3242 Idem
245 3211 342 3242 ibidem
359 3219 388 3248 p.
410 3216 475 3244 500.

933 1189 972 1211 ne
988 1180 1172 1227 fimpliciter
1191 1191 1207 1213 a
1227 1182 1326 1223 patris
1342 1183 1534 1218 succeffione
1559 1185 1681 1228 spui-ios
1699 1190 1804 1222 exclu-

932 1222 1030 1258 dunt,
1057 1223 1108 1254 led
1124 1222 1161 1268 ad
1179 1225 1288 1255 matris
1305 1224 1529 1260 successionein
1550 1230 1723 1262 admittunt
1743 1231 1802 1263 Le-

931 1273 985 1304 ges
1011 1263 1189 1312 Zelaiidicae
1206 1287 1217 1303 ,
1249 1272 1312 1297 tam
1340 1269 1499 1308 generales
1532 1270 1560 1311 ᾗ.
1585 1281 1634 1314 23.
1671 1273 1742 1314 Cap.
1761 1273 1802 1306 II.

932 1305 1013 1351 LL..
1031 1305 1155 1336 leland.
1173 1307 1357 1355 anni'r495.
1374 1319 1467 1349 quani
1479 1311 1804 1355 Mi'ddelbuigensium

934 1347 1138 1393 particulares
1159 1346 1187 1388 §.
1204 1358 1232 1384 9.
1259 1348 1318 1380 lic.
1337 1349 1432 1383 XIV.
1460 1353 1628 1395 Cuizsicetud.
1652 1356 1801 1388 Middelh.

933 1388 1052 1434 Omnes
1065 1388 1130 1419 11}ae
1144 1387 1245 1434 Leges
1260 1392 1414 1432 [implices
1429 1392 1549 1434 spurios
1566 1405 1684 1430 vocant
1699 1398 1737 1429 ad
1751 1398 1806 1429 he*

932 1430 1099 1461 feditatem
1131 1439 1241 1462 matris
1255 1453 1266 1469 ‚
1303 1433 1442 1473 quaedam
1471 1436 1662 1472 adulterinos
1695 1440 1804 1472 exclu-

931 1471 1028 1517 dunt,
1052 1471 1137 1512 quod
1154 1472 1257 1517 multo
1273 1476 1370 1507 etiam
1387 1477 1485 1518 magis
1503 1479 1542 1510 de
1555 1480 1739 1513 incestuosis
1754 1482 1801 1514 in-

931 1513 1155 1554 telligendum,
1179 1513 1235 1545 nifi
1252 1515 1338 1555 quod
1353 1518 1381 1548 d.
1400 1517 1427 1559 §.
1448 1521 1537 1552 11.&
1556 1531 1604 1554 12.
1631 1522 1802 1564 Consuetuda

931 1554 1107 1601 Durati-ecbnt.
1126 1555 1162 1590 &²
1176 1554 1425 1597 Zuyd-Holland.
1449 1561 1487 1593 ad
1500 1561 1722 1597 successionem
1736 1574 1800 1597 ma-

932 1604 990 1628 tris
1007 1596 1177 1627 admittunt
1194 1606 1304 1629 ornnes
1320 1599 1457 1642 liberos,
1479 1613 1516 1635 ex
1539 1615 1649 1646 quocun
1669 1616 1703 1638 ue
1724 1608 1803 1638 coitu

931 1645 1043 1684 natos,
1064 1638 1149 1678 quod
1175 1638 1345 1686 admodum
1372 1641 1523 1685 lingulam
1548 1646 1602 1679 est.
1679 1655 1804 1680 eterum

931 1679 1088 1720 iimplices
1111 1678 1208 1720 spurii
1237 1681 1354 1722 ubique
1379 1684 1411 1716 in
1438 1685 1612 1721 Hollandia
1633 1689 1803 1722 admittun-

933 1729 1012 1760 tur,
1041 1729 1112 1752 nam
1139 1730 1256 1753 novam
1285 1722 1448 1763 justiniani
1475 1728 1747 1763 Constitutionem
1771 1731 1805 1764 in

930 1763 950 1794 l.
965 1771 1001 1810 5..
1020 1763 1051 1794 C.
1071 1764 1109 1810 αςί
1128 1762 1184 1794 SC.
1208 1762 1389 1813 Orfiffquae
1407 1779 1493 1802 arcet
1510 1771 1628 1814 spurios
1634 1786 1646 1811 ,-
1669 1772 1805 1806 simatet

930 1804 968 1837 sit
991 1802 1114 1845 illustris
1130 1827 1140 1843 ‚
1173 1804 1203 1836 δε
1232 1805 1392 1855 legitimos
1411 1810 1529 1846 liberos
1554 1814 1683 1854 habeat,
1707 1824 1806 1846 nemo

931 1855 1068 1892 unquam
1089 1845 1217 1893 Judex,
1251 1849 1286 1895 ot·
1304 1859 1398 1882 nemo
1415 1875 1427 1891 ,
1458 1855 1542 1895 quod
1562 1854 1679 1895 sciam,-
1703 1855 1805 1897 JCtus

928 1889 1096 1933 probaVit3
1121 1886 1218 1934 Curia
1237 1891 1362 1930 quidem
1378 1892 1558 1929 Hollandiae'
1573 1897 1693 1939 13.]ul.
1707 1907 1801 1940 1523.

928 1929 1043 1970 repulit
1058 1928 1197 1976 spurium
1213 1931 1252 1961 ab
1271 1932 1445 1967 hereditate
1463 1939 1588 1977 mati-is,
1612 1948 1684 1980 quae
1699 1939 1806 1981 legiti-

929 1980 1016 2002 mum
1030 1970 1130 2003 filium
1149 1971 1301 2018 habebat,
1317 1974 1369 2007 sed
1389 1986 1453 2010 non
1473 1980 1534 2012 alia
1548 1980 1691 2021 ratione,
1708 1989 1805 2022 quam

930 2012 1015 2054 quod
1033 2022 1074 2044 ex
1092 2012 1248 2045 adulterio
1268 2025 1360 2049 natus
1374 2018 1451 2052 efl'et
1474 2020 1567 2063 (12).

973 2053 1077 2097 Quam
1102 2055 1239 2100 maxime
1266 2065 1373 2090 autem
1404 2061 1533 2104 dignum
1561 2054 1607 2096 est
1636 2068 1803 2105 quaerere,

928 2098 1013 2137 quod
1037 2094 1144 2143 nescio
1161 2119 1171 2135 ,
1204 2106 1242 2129 an
1266 2108 1403 2145 unquam
1431 2105 1524 2146 plene
1553 2105 1716 2145 quaefitum
1741 2106 1805 2144 fit,

928 2147 967 2169 an
989 2145 1137 2169 maternis
1167 2136 1319 2185 Cognatis
1346 2143 1443 2177 etiam
1478 2145 1626 2178 succedat
1653 2146 1804 2189 spurius}

929 2181 980 2220 ὅτ,
1007 2178 1152 2211 consulta
1169 2187 1309 2227 ratione,
1333 2187 1431 2226 inagis
1446 2195 1609 2229 putarem,
1634 2187 1806 2219 succedere

928 2231 993 2253 non
1011 2220 1105 2262 posse.
1132 2220 1246 2254 Omnis
1261 2222 1412 2259 succeffio
1431 2228 1575 2270 legitima
1591 2227 1804 2269 proficiscitur

929 2273 967 2296 ex
984 2262 1172 2308 praesumpta
1187 2271 1293 2296 mente
1311 2266 1468 2301 testatoris
1481 2292 1490 2307 ,
1515 2269 1568 2301 lex
1584 2270 1668 2301 enim
1683 2272 1803 2309 vocat,

928 2314 1009 2352 quos
1024 2303 1184 2350 praelunuc
1204 2306 1370 2351 *testatores
1394 2309 1486 2342 fuiss'e
1506 2319 1697 2350 vocaturos,
1720 2311 1742 2344 fi
1762 2311 1804 2343 de

930 2348 1021 2393 bonis
1040 2346 1101 2379 suis
1117 2344 1303 2381 statuissent.
1348 2349 1381 2382 N
1386 2361 1446 2383 unc
1472 2352 1524 2385 lex
1541 2360 1637 2384 vocat
1654 2352 1803 2394 sanguine

929 2397 1092 2430 proximos
1108 2409 1119 2425 ,
1150 2397 1265 2429 eosque
1288 2391 1357 2422 aliis
1382 2393 1528 2424 omnibus
1554 2393 1709 2434 praefert,
1741 2394 1804 2425 alia

929 2433 983 2462 lex
1008 2436 1105 2461 vocat
1125 2438 1179 2460 eos
1195 2452 1207 2467 ,
1228 2439 1246 2460 a
1264 2432 1377 2472 quibus
1394 2457 1403 2472 ‚
1433 2434 1486 2465 vel
1505 2444 1522 2465 a
1546 2443 1681 2475 quorum
1703 2435 1804 2475 latere

927 2472 1011 2504 bona
1034 2478 1270 2517 provenerunt,
1304 2474 1334 2504 ὃς
1359 2474 1432 2505 inde
1463 2474 1582 2515 duplex
1611 2474 1804 2508 succedendi

929 2514 1010 2544 ordo
1036 2522 1069 2543 in
1095 2511 1287 2552 Hollaudia‚
1318 2514 1348 2546 dt
1367 2516 1510 2556 quamvis
1534 2516 1713 2557 discrepent
1735 2517 1803 2549 111ae

929 2556 1014 2595 leges
1028 2575 1040 2592 ,
1065 2561 1202 2599 'utraque
1230 2560 1333 2586 tamen
1355 2557 1466 2589 nititur
1488 2557 1678 2599 praesumpta
1697 2564 1804 2592 mente

932 2595 1099 2641 testatoris.
1144 2597 1177 2626 Si
1201 2594 1271 2627 haec
1291 2597 1512 2630 transferamus
1531 2599 1568 2630 ad
1588 2598 1728 2640 spurios,
1756 2600 1804 2632 in-

931 2637 1043 2678 telligo
1061 2659 1073 2682 .²
1101 2644 1235 2683 matrem
1254 2660 1264 2676 ,
1295 2648 1364 2680 quae
1386 2638 1524 2680 spui-ium
1551 2641 1674 2681 peperit
1691 2660 1702 2681 ,-
1735 2640 1804 2682 ipso

930 2678 1107 2711 concubitu
1128 2687 1160 2710 in
1178 2679 1245 2718 ejus
1260 2680 1461 2716 nativitatem
1486 2681 1687 2720 consensisse,
1711 2682 1740 2714 &
1757 2681 1803 2714 fic

929 2730 1002 2752 eum
1028 2728 1118 2760 aeque
1140 2719 1296 2761 diligere,
1328 2730 1421 2764 atque
1442 2722 1526 2754 filios
1549 2723 1711 2762 legitimos
1728 2744 1740 2761 ,
1769 2722 1803 2754 δε

929 2762 1070 2803 utrisque
1082 2761 1146 2803 pari
1164 2761 1232 2801 jure
1250 2761 1335 2794 suam
1354 2763 1561 2795 hereditatem
1578 2763 1714 2794 delatam
1732 2764 1800 2796 vel·

930 2805 961 2836 le
978 2826 989 2842 ,
1021 2803 1073 2836 sed
1095 2803 1235 2835 nondum
1257 2804 1474 2836 animadverto
1490 2826 1500 2842 ,
1534 2804 1802 2845 quemadmodum

929 2855 966 2877 ea
987 2844 1192 2887 praesuinptio
1213 2844 1324 2876 cadere
1344 2845 1437 2886 poffit
1459 2845 1490 2876 in
1509 2845 1617 2877 matris
1632 2854 1801 2887 cognatos.

929 2887 1075 2930 Quisque
1097 2886 1223 2926 quidem
1249 2886 1388 2918 creditur
1412 2885 1564 2918 familiam
1590 2885 1674 2918 suam
1691 2887 1800 2928 noss'e,

929 2929 981 2962 sed
997 2937 1100 2961 natam
1123 2936 1164 2958 ex
1184 2927 1334 2967 legitimis
1348 2928 1477 2968 nuptiis
1490 2951 1500 2966 ‚
1527 2926 1647 2968 spurios
1669 2936 1776 2961 autem
1790 2953 1802 2969 ,

930 2980 1010 3012 quos
1028 2971 1114 3003 forte
1131 2968 1218 3001 soror
1235 2968 1288 2999 vel
1306 2969 1410 3010 neptis
1419 2978 1486 3001 inea
1499 2968 1640 3010 peperit,
1653 2978 1719 3002 non
1734 2969 1801 3010 est,

1764 3019 1802 3044 ut:

970 3092 1031 3129 (5)
1052 3091 1111 3128 (6)
1132 3090 1188 3127 (7)
1208 3089 1270 3127 (8)
1292 3088 1354 3128 (9)
1374 3089 1452 3127 (10)
1473 3089 1500 3120 ὅ(
1528 3091 1609 3130 (11)
1638 3083 1804 3122 Exstantsos

930 3139 1009 3160 mnes
1029 3130 1083 3158 1¹11ae
1094 3131 1154 3158 LL.
1174 3130 1203 3158 in
1220 3130 1323 3167 Kemps
1337 3128 1520 3170 Befihryvirig
1536 3139 1591 3164 van
1605 3130 1760 3163 Gorinehem
1769 3140 1802 3162 ert·

931 3169 1016 3200 Arkel
1030 3168 1065 3197 ad
1089 3176 1139 3196 eos
1155 3176 1257 3197 annos.
1289 3184 1291 3187 -

970 3207 1049 3245 (ια)
1072 3204 1162 3243 Decis.
1183 3176 1402 3247 Mixtffilxvl,

1119 3255 1143 3289 F
1164 3256 1183 3289 f
1200 3255 1219 3289 f
1232 3266 1252 3299 3
