2008 3436
337 103 698 143 AMICA

29 202 92 225 non
110 190 240 228 liberas,
262 185 384 220 futuras
401 194 504 218 tamen
522 184 678 226 aliquibus
689 205 699 221 ,
724 182 755 214 in
767 181 815 227 his
831 181 887 212 mi-

28 243 86 266 nus
106 229 305 269 exercitatis,
328 228 361 260 iti
379 227 511 270 legendo
531 223 756 269 incommodas.
783 230 889 263 itaque

28 273 226 311 existimavi,
259 269 411 302 facturum
438 278 487 300 me
511 277 575 298 rem
607 265 747 310 studiosis
777 264 889 295 talium

26 327 90 349 non
111 317 275 357 ingratum:
289 310 371 352 (¹)si
391 310 538 342 tecumin
556 306 788 351 praesentiarum
801 313 887 336 com-

29 358 218 391 municarem
250 351 495 394 simplicissimain
534 349 689 381 Marciam
725 354 886 392 mentem:

29 409 125 442 prout
145 399 223 430 hanc
237 406 254 428 a
274 404 304 428 te
322 392 388 434 ipso
407 402 446 425 ex
464 400 521 424 tuo
542 389 750 422 Commentario
771 387 886 418 didici:

27 450 134 479 ratus,
165 439 229 480 ejus
251 433 545 469 demonstrationem
570 432 606 462 ad
625 428 796 462 refellenda
816 437 884 468 qua:

28 492 69 514 cx
101 479 227 514 adverso
248 475 376 510 confuse
399 473 469 506 sunt
492 472 650 514 disputata
675 480 692 501 a
707 478 885 514 memorato

30 525 110 556 Viro
137 520 326 563 Amplissimo
342 542 351 557 ,
387 515 583 556 summopere
599 511 766 558 pertinere.
810 509 884 541 Feci

31 573 134 597 autem
155 563 214 595 hoc
229 570 268 593 co
285 558 461 596 lubentius,
485 556 557 598 quia
572 553 711 592 credidi,
734 550 821 597 posse
830 560 885 582 rio-

32 616 80 638 vae
106 605 242 646 Operum
264 610 388 633 tuorum
411 598 543 630 editioni
571 605 661 637 quain
690 603 790 638 pai-ari
806 616 816 631 ‚
846 601 887 637 ex

31 647 112 679 fauna
130 644 292 684 intellexi,
315 642 368 683 (ι)
391 650 454 672 non
474 638 631 670 inutiliter
650 635 764 681 alicubi
783 632 885 666 inseri:

32 688 54 722 ii
73 687 195 730 quidem
217 685 310 718 libeat
328 684 386 715 tibi
407 683 436 714 in
456 681 515 713 hzie
535 687 628 711 aetate
653 686 706 722 tua
724 685 784 716 Jam
801 684 887 716 gran-

31 729 82 768 di,
111 727 293 770 respondere
316 722 545 764 objectionibus
570 719 702 751 Domini
735 718 888 759 ssynlters-

31 770 153 808 hockii,
181 770 210 800 <St
228 767 305 800 tanti
325 775 393 798 inc-„i
409 764 551 796 videatur
566 770 674 807 opera.
706 768 777 805 nuni
793 756 815 790 fi
830 765 890 799 pro

31 821 121 845 certo
138 810 341 847 conficiatur,
366 806 445 848 patri
470 804 614 842 Principe
635 801 794 847 Hadriano
813 807 889 843 noii—

32 854 106 886 dum
134 852 310 892 ademptum
334 848 426 880 fuill‘e
449 847 496 887 jus
520 842 649 888 necandi
673 843 729 874 lilii
744 852 757 887 ⁴:
789 840 891 871 decisa

57 894 163 927 uaestio
181 891 242 931 est,
268 892 297 923 &
317 889 481 922 confutata
504 885 673 930 sententia,
699 893 749 914 cui
768 881 891 913 fii-man-

33 905 83 970 3ae
98 937 155 969 Vir
173 932 379 975 Amplissiinus
406 931 510 971 ingens
533 926 588 958 sibi
604 934 644 956 ex
669 925 741 970 ‘l-s·
759 933 795 970 .5.·
816 921 888 969 pol-

35 979 150 1011 licetur
166 976 275 1012 robur;
298 983 369 1005 cum
384 972 420 1004 sit
431 970 560 1002 nullum.
605 965 891 1009 Constituiigitui·³

36 1019 121 1066 quod
137 1027 176 1050 ex
195 1026 230 1048 ea
245 1025 302 1057 pro
320 1013 349 1046 se
361 1010 528 1054 produxit,
550 1008 728 1039 examinare
748 1006 799 1037 hic
812 1005 888 1036 illic:

33 1064 174 1101 sperans,
198 1057 252 1098 (s)
272 1065 311 1087 ne
326 1054 429 1086 invito
442 1051 566 1093 quidem
584 1058 623 1081 eo
639 1049 690 1080 cui
711 1047 773 1080 sine
792 1046 890 1078 dubio

75 1100 177 1137 rinde,
210 1105 243 1129 ut
266 1096 356 1132 nobis
375 1092 421 1125 est
438 1091 655 1134 propositum,
677 1089 744 1135 veri
761 1088 890 1120 demori-

33 1111 182 1176 lsieratione
206 1138 350 1178 adjiivai·e
372 1134 599 1176 rempublicam
625 1132 793 1164 litei-ariam
809 1129 892 1161 bona

34 1183 104 1217 fide.
128 1180 181 1222 (⁴)
205 1178 304 1221 Igitur
326 1177 484 1209 Dominus
494 1184 553 1206 van
565 1172 791 1216 Bynkershoek
812 1172 840 1202 cl.
865 1179 891 1201 c.

31 1224 88 1259 IV.
140 1248 147 1254 .
172 1231 245 1263 ‘351-
276 1219 465 1262 probaturus
495 1216 580 1257 quod
609 1212 773 1256 proposuit
791 1235 801 1251 ‚
830 1212 892 1252 jam

29 1265 86 1300 sub
104 1229 263 1297 {quartiano
280 1262 310 1293 &
333 1268 405 1291 ante
427 1258 550 1290 nullum
568 1256 648 1298 patri
662 1254 754 1287 suiss'e
771 1255 819 1294 jus
840 1261 891 1284 ne-

32 1306 122 1340 candi
139 1305 216 1343 filii;
240 1303 303 1340 ait,
325 1301 388 1332 hoc
409 1309 450 1330 ex
469 1308 508 1330 eo
526 1297 660 1338 intelligi
680 1320 690 1336 ‚
715 1296 799 1337 quod
814 1294 893 1327 nihil

18 1348 183 1393 punitur,
215 1352 331 1386 praeter
353 1341 489 1373 vetitum
514 1339 734 1379 illicitumque.
768 1336 805 1368 ab
832 1334 894 1367 Ha-

32 1391 142 1424 driano
171 1394 276 1419 autem
307 1385 340 1416 in
371 1384 400 1414 d.
433 1382 454 1414 l.
484 1389 516 1421 5.
547 1379 676 1422 punitus
692 1377 792 1410 fertur
808 1384 894 1422 pater

33 1429 273 1473 deportatione,
297 1435 364 1467 qua:
382 1422 428 1455 est
444 1423 599 1454 ordinaria
619 1420 712 1461 Legis
735 1417 894 1451 CorneIiae

33 1474 72 1506 de
87 1471 201 1505 sicariis
224 1477 336 1511 poena,
370 1475 410 1497 eo
432 1464 516 1506 quod
534 1464 564 1495 in
582 1464 752 1494 venatione
768 1467 895 1505 necave-

34 1523 83 1549 rat
99 1513 200 1546 filium
220 1509 273 1552 qui
290 1515 460 1540 novercam
487 1503 690 1537 adulterabat.
721 1501 785 1533 fuit
799 1501 894 1543 igitur

33 1555 115 1600 patri
135 1560 278 1594 tempore
292 1547 442 1582 Hadriani
460 1546 657 1588 prohibitum
672 1543 895 1583 illicitumque,

34 1598 136 1631 filium
156 1594 243 1627 suum
260 1589 447 1623 interficere.
491 1587 567 1620 Hoc
583 1586 635 1618 ubi
650 1586 733 1618 dixit
750 1584 808 1616 Vir
822 1585 895 1615 Ain-

34 1637 204 1682 pliffimus3
228 1631 403 1673 subjungit,
429 1628 461 1661 se
477 1629 600 1668 mirari,
632 1637 688 1660 cos
706 1626 759 1668 qui
781 1626 893 1657 libero-

33 1689 104 1715 rum
133 1676 250 1709 caedem
272 1673 373 1706 adhue
400 1670 482 1713 patri
507 1669 562 1702 sub
584 1669 746 1701 Hadriano
764 1669 793 1698 ὅ(
810 1667 894 1698 dein-

35 1731 110 1763 ceps
139 1717 301 1758 indulgent
318 1737 328 1753 ,
359 1722 490 1755 putare,
520 1711 572 1743 vel
588 1711 619 1742 id
636 1710 722 1752 poss'e
737 1709 798 1740 hoc
815 1707 896 1739 obti-

22 1762 103 1796 'neri
133 1765 343 1800 argumento:
376 1755 459 1796 quod
489 1763 529 1784 cx
554 1752 712 1784 contraria
741 1748 896 1782 Marciani

34 1801 189 1839 sententia
205 1800 235 1831 in
257 1799 284 1830 d.
310 1798 330 1829 l.
355 1806 384 1837 5.
409 1795 538 1827 elicitur
552 1794 717 1825 nimirum:
742 1789 896 1836 quodi-la-

35 1845 159 1878 drianus
182 1841 299 1873 dicitur
325 1847 445 1881 patrem
471 1846 535 1869 non
559 1835 616 1866 hae
641 1844 681 1866 eit
706 1831 797 1865 causa
811 1841 898 1874 puni-

33 1885 132 1924 viss'e,
154 1881 238 1925 quod
257 1880 358 1913 filium
375 1878 514 1916 occidit3
539 1876 589 1907 scd
606 1876 692 1917 quod
708 1877 739 1907 in
758 1874 898 1905 venatio-

36 1937 94 1968 ne,
119 1926 149 1959 ἀ
165 1933 201 1957 ut
219 1931 297 1956 mox
326 1921 490 1964 sequitur,
519 1919 652 1953 latronis
667 1917 782 1960 inagis,
807 1924 899 1956 quain

27 2067 132 2095 mens
148 2087 156 2099 ,
187 2064 213 2094 δι
233 2073 298 2093 mox
313 2086 320 2098 ,
341 2062 444 2102 confuse
466 2070 510 2090 me
531 2059 686 2097 disputasse.
724 2059 753 2089 Si
769 2059 899 2088 accusare

39 2103 170 2137 sufficiat.
191 2105 253 2139 quis
271 2105 323 2132 erit
340 2101 496 2130 innocens?
517 2100 646 2136 eiiemplo
663 2099 782 2128 Nooiltii
799 2100 838 2126 tui
852 2107 898 2134 gc-

39 2142 145 2171 neralia
166 2142 293 2178 quaedam
312 2140 432 2169 effundis
447 2162 453 2172 ,
475 2138 501 2168 ἃ
521 2140 634 2171 eadem,
657 2146 712 2173 qua
729 2138 792 2170 ille,
815 2138 898 2165 incl:-

38 2181 145 2209 mentia
162 2179 223 2216 styli
240 2181 335 2208 uteris.
371 2179 432 2215 Ego
448 2186 518 2206 vero
540 2176 736 2214 probationem
754 2175 897 2209 desidero,

39 2220 67 2248 ἃ
79 2240 88 2252 ,
109 2218 127 2247 si
141 2219 185 2247 vel
201 2218 269 2246 nihil
284 2219 384 2255 probes
395 2239 402 2250 ‚
423 2223 454 2244 ut
469 2215 536 2243 nihil
559 2223 656 2243 eorum
679 2214 798 2251 probas,
821 2223 837 2241 a
854 2222 899 2242 me

39 2265 136 2287 tamen
151 2265 210 2285 non
227 2256 401 2292 impetrabis,
423 2262 451 2282 ut
468 2254 566 2290 stylum
589 2261 685 2280 acuam
696 2274 703 2285 ‚
723 2252 749 2281 c&
764 2253 840 2290 paria
857 2261 898 2281 re-

40 2296 138 2325 feram.
155 2296 222 2325 Non
231 2303 292 2323 eam
302 2294 376 2322 forte
387 2294 438 2321 tibi
448 2291 538 2320 debeo
547 2292 730 2320 reverentiam
740 2313 747 2325 ,
758 2299 840 2328 quam
854 2300 895 2319 ve-

37 2334 166 2364 nerando
187 2335 274 2366 Seni,
306 2333 352 2361 sed
372 2331 507 2363 dicteriis,
527 2330 596 2358 nihil
612 2329 789 2367 profuturus,
810 2329 898 2359 nolim

32 2375 169 2410 cuiquam
185 2373 331 2401 hominum
354 2369 484 2398 molestus
503 2368 565 2396 esse.

79 2420 104 2440 r.
126 2411 203 2450 Quid
231 2410 368 2438 attinebat
391 2416 454 2436 cum
471 2407 546 2435 Clar.
566 2406 698 2434 Noodtio
715 2407 903 2435 communica-

38 2457 196 2479 renientem
207 2449 448 2484 Marciani‚quam
459 2454 523 2474 mox
531 2446 586 2477 ais,
598 2452 625 2473 te
634 2453 668 2473 ex
685 2445 744 2481 ipso
759 2444 903 2474 didicisse?

78 2496 104 2517 2.
125 2489 252 2524 Dignum
267 2487 370 2516 scilicet
389 2490 620 2518 monumentum,
640 2485 718 2520 quod
735 2490 844 2512 aetatem
860 2483 900 2511 fe-

38 2533 98 2561 rat,
121 2527 146 2555 dt
160 2535 209 2564 per
223 2535 272 2554 ora
286 2526 375 2554 virum
392 2523 516 2552 volitet?

79 2571 105 2600 3.
123 2565 216 2594 Facile
231 2565 339 2602 patior,
361 2562 387 2590 ἃ.
401 2562 521 2598 benigne
537 2560 598 2589 fero
613 2559 814 2589 Diffentientes
824 2582 832 2595 ,
842 2567 901 2588 mo-

41 2603 80 2632 do
99 2602 168 2632 absit
180 2603 307 2631 acerbior
321 2602 429 2630 animus
444 2600 470 2629 dt
492 2599 584 2637 stylus.

79 2650 107 2677 4.
127 2641 222 2678 Pergis
243 2641 277 2669 ad
293 2649 351 2668 rem
367 2639 452 2677 ipsam
463 2661 470 2673 ,
491 2639 546 2666 hoc
561 2636 616 2670 est,
639 2636 674 2665 ad
689 2637 828 2665 Marciani
845 2638 862 2665 l.
875 2644 902 2671 5.

35 2678 76 2719 ff.
98 2679 128 2706 de
149 2679 183 2707 L.
211 2679 326 2715 Pompej.
352 2678 382 2706 de
402 2676 525 2709 parricid.
542 2676 568 2705 dt
582 2681 663 2712 putas
679 2675 833 2704 Adrianuin
856 2676 902 2704 de·

41 2716 163 2755 portasse
192 2723 296 2754 patrem
313 2736 322 2749 ‚
348 2717 424 2752 quod
440 2715 526 2744 silium
548 2716 577 2743 in
591 2715 726 2742 venatione
747 2715 901 2748 occiderit,

40 2764 96 2791 ego
116 2761 185 2792 puto
207 2754 382 2792 simpliciter.
409 2754 485 2791 quod
514 2753 644 2782 occiderit.
689 2753 842 2789 Utriusque
861 2761 903 2781 ra·

40 2795 133 2823 tiones
148 2793 286 2830 expendat
301 2793 415 2826 Lector,
443 2801 518 2821 meas
546 2792 606 2820 dixi
625 2790 721 2829 OpuJ'c.
756 2791 785 2819 C.
806 2792 856 2820 IV.
876 2798 902 2827 p.

42 2839 107 2866 351.
129 2830 231 2868 &seq
258 2830 283 2859 ά
305 2831 382 2866 supra
406 2830 440 2858 ad
468 2831 492 2868 §.
513 2831 619 2859 xxiv.
640 2839 667 2859 n.
690 2838 717 2858 2.
749 2836 811 2858 tuas
833 2830 904 2858 dixit

41 2871 117 2899 Clar.
135 2870 295 2902 Noodtius.
319 2868 344 2896 ἀ
362 2869 393 2896 iis
413 2869 468 2904 jam
484 2869 615 2905 respondi
635 2869 661 2896 d.
682 2877 713 2896 n.
731 2876 758 2897 2.

82 2916 107 2942 ς.
129 2907 214 2936 Casus
234 2915 291 2935 non
317 2905 459 2935 diremerit
484 2906 560 2935 litem
580 2928 587 2939 ‚
609 2906 653 2935 sed
668 2907 766 2937 causa.
788 2915 847 2943 quae
868 2907 904 2935 A·

45 2946 173 2974 drianuin
198 2946 287 2973 movit
302 2966 308 2977 ,
339 2950 369 2972 ut
399 2951 504 2980 patrem
527 2945 713 2981 deportaret,
747 2944 790 2979 &,
812 2945 831 2973 si
846 2947 905 2973 haec

43 2984 123 3012 causti
142 2983 194 3011 fuit
207 2983 284 3011 coedes
297 2981 369 3018 filii,
390 2990 447 3010 non
465 2984 533 3011 locus
552 2984 646 3017 scedis,
673 2989 703 3011 ut
720 2985 788 3012 milii
806 2984 905 3012 videor

42 3022 116 3050 reste
129 3021 273 3057 disputasse
295 3021 322 3048 d.
341 3029 367 3048 η.
389 3028 415 3048 2.
442 3022 551 3056 optimo
571 3023 631 3055 J'ure
647 3021 712 3049 inde
736 3021 836 3057 effeci,
858 3031 905 3059 pa-

43 3061 131 3088 tribus
146 3060 193 3087 sub
209 3060 333 3088 Adriano
347 3066 405 3086 non
421 3058 522 3086 licuisse
537 3058 607 3087 filios
624 3059 684 3087 suos
699 3060 814 3089 caedere.

81 3102 97 3125 6
129 3099 255 3133 Negavi,
284 3103 315 3124 ut
339 3096 410 3124 reste
432 3097 485 3128 ais,
515 3104 622 3132 patrem
637 3099 696 3132 iure
711 3098 760 3126 suo
775 3098 906 3127 occidisse

43 3136 147 3167 filium,
180 3136 259 3171 quia,
291 3134 370 3171 quod
395 3133 428 3161 ad
446 3135 608 3170 potestatem
625 3135 794 3170 occidendi,
815 3138 906 3174 patria

44 3173 170 3211 potestas
186 3182 222 3203 eo
237 3182 297 3203 aevo
312 3175 368 3209 jam
383 3172 549 3208 decoxerat,
569 3173 616 3203 sed
636 3174 710 3204 lianc
723 3175 860 3210 rationein
874 3181 905 3206 tu

818 101 1492 140 RESPONSIO.

1728 109 1797 147 307

932 181 1029 228 patris
1044 179 1113 227 jure
1134 180 1308 214 interfecit.
1334 183 1404 215 inde
1428 193 1467 216 ue
1483 183 1608 216 videtur
1626 180 1714 224 poss’e
1732 179 1802 212 col-

932 224 1009 264 ligi,
1045 232 1072 252 ei
1091 223 1209 268 salvum
1232 222 1376 256 futurum
1421 225 1559 264 urffejus
1575 224 1703 256 necandi
1724 221 1802 259 tilii3

931 263 953 296 fi
970 273 1034 294 non
1052 263 1160 295 fuislet
1178 264 1223 295 illi
1243 274 1330 295 inore
1345 265 1476 297 latronis
1495 266 1652 297 insidiatus
1673 274 1728 306 pez·
1744 272 1800 294 oc-

930 305 1084 336 casionem
1111 305 1300 337 venationis.
1357 306 1462 347 Atque
1487 307 1549 338 hoe
1573 316 1645 338 cum
1671 306 1714 337 ait
1743 304 1800 336 Vir

930 345 1160 391 Aniprliffiinus‚
1184 355 1245 387 ego
1263 348 1289 378 ei
1311 345 1411 378 facile
1423 347 1607 379 consentio:
1640 348 1670 378 «Sc
1688 357 1712 378 ae
1739 354 1799 384 ue,

929 387 991 418 else
1008 387 1038 418 id
1055 387 1166 418 doctos
1182 397 1237 419 eos
1254 389 1341 420 viros
1352 388 1505 421 verissime
1514 389 1692 420 arbitratos.
1750 396 1803 418 uin

929 438 1007 460 vero
1025 437 1136 460 contra
1154 429 1256 469 pergit
1271 428 1312 462 lic
1327 429 1451 469 dicere,
1478 431 1534 462 Seri
1557 435 1609 460 aut
1626 440 1677 471 ego
1689 428 1803 468 fuller,

928 476 979 501 ciart
1007 479 1102 501 omnes
1123 470 1178 501 <ilii
1196 470 1240 510 fic
1271 470 1464 502 Μινεὶαηαιη,
1488 473 1715 512 interpretantes
1734 468 1802 508 ful-

928 512 1049 550 limtiir,
1073 513 1130 543 liae
1145 520 1234 553 parte
1251 512 1296 544 illi
1315 512 1576 545 consentiendum
1598 521 1642 544 tzu
1657 512 1690 543 lo
1706 509 1805 541 motio

929 561 1019 594 puto.
1045 552 1098 599 (s)
1123 552 1227 585 Litem
1245 554 1371 586 tin-iwet
1381 553 1469 586 casus
1483 566 1499 586 a
1513 555 1682 587 Marciano
1700 552 1803 590 ct.l.5.

929 602 1119 640 propoiitus.
1144 595 1169 626 is
1184 594 1272 626 casus
1292 595 1354 628 est:
1383 596 1418 628 ln
1435 597 1592 628 venatione
1610 594 1801 634 silium-surm

930 638 1047 683 quatiant
1064 645 1222 667 necaverat
1237 639 1286 678 qul
1305 648 1458 670 novercam
1475 638 1683 669 adulterabat.-
1701 636 1731 667 id
1742 633 1802 671 est,

932 686 985 717 qui
1002 677 1122 708 10iebat
1139 678 1331 719 adulterare,
1358 679 1413 712 nisi
1431 679 1521 712 malis
1548 679 1652 722 legere
1667 700 1678 716 ,
1702 685 1760 709 nec
1780 675 1804 707 i-

932 726 1047 763 nepte,
1080 719 1271 751 adulterarat.
1319 721 1406 765 Quid
1433 721 1510 762 juris
1527 721 1544 752 ἱ)
1570 721 1646 753 Duo
1664 717 1806 751 conside-

933 767 980 790 rat
997 759 1054 790 Vir
1074 759 1303 805 Ainplillimus:
1335 763 1421 803 prius
1444 761 1508 801 est,
1533 773 1571 794 ari
1587 762 1687 793 videri
1710 759 1807 802 poffit:

933 800 1026 832 Putei·
1049 802 1119 832 ulus
1141 803 1223 848 jure·
1239 803 1342 835 mai-iti
1371 814 1412 835 ex
1439 804 1524 845 Lege
1539 803 1650 845 Julia‘?
1675 801 1725 834 sed
1741 800 1809 833 fru-

933 841 1010 873 stra:
1034 852 1105 874 nain
1125 842 1195 889 Lex.
1216 844 1269 889 illa
1293 845 1408 877 marito
1434 853 1555 877 tantum
1573 845 1750 886 pei-mittit,
1775 852 1808 874 a-

933 884 1092 929 dulterum
1110 884 1196 916 domi
1216 886 1278 917 iuae
1296 885 1521 928 deprehensum
1552 886 1720 923 occidere;
1745 893 1807 916 nee

934 925 976 956 lbi
995 925 1169 970 quemlibet
1193 926 1214 957 l.
1239 937 1289 958 22.
1316 927 1343 968 ᾗ.
1368 939 1400 969 4.
1425 927 1467 960 D.
1494 928 1546 960 Aa
1570 928 1649 970 Leg.
1675 927 1741 969 Jul.
1767 927 1803 957 [le

932 967 1024 997 adirlt.
1051 966 1101 998 led
1117 967 1270 1000 duntaxat
1286 971 1385 1008 viles,
1411 978 1611 1002 enumeratos
1634 970 1654 1001 l.
1681 979 1730 1010 24.
1757 968 1803 1000 D.

933 1009 960 1038 d.
986 1014 1007 1039 t.
1043 1008 1128 1049 quod
1155 1009 1192 1040 ad
1216 1010 1441 1051 expediendam
1472 1013 1499 1043 d.
1534 1012 1555 1043 l.
1577 1021 1609 1051 5.
1634 1011 1714 1043 nihil
1732 1019 1810 1042 con-

933 1048 1008 1094 fert.
1055 1049 1164 1081 Altera
1188 1051 1254 1091 ejus
1279 1052 1488 1084 consideratio
1516 1053 1580 1091 est,
1606 1062 1644 1084 ari
1664 1060 1751 1093 pater
1774 1051 1810 1083 fi-

934 1091 1012 1122 lium
1023 1091 1106 1122 reete
1115 1092 1269 1124 occiderit
1286 1093 1354 1133 jure
1365 1093 1672 1134 pati-iaepotestatis‘.)
1696 1093 1750 1135 (ὁ)
1764 1092 1809 1125 Ei:

934 1131 998 1163 hoe
1014 1140 1107 1177 negat
1125 1132 1215 1166 eausa
1230 1143 1319 1175 aeque
1336 1144 1432 1166 vana:
1444 1136 1529 1176 quod
1543 1136 1592 1176 jus
1603 1136 1808 1176 patris,quo-

935 1173 971 1204 ad
990 1172 1178 1219 potestatem
1198 1175 1362 1207 occidendi
1380 1175 1437 1208 filii
1455 1185 1522 1208 tum
1541 1177 1722 1208 decoxerat.
1751 1175 1810 1217 (⁷)

935 1215 1041 1260 addit,
1074 1224 1137 1262 non
1162 1217 1259 1258 magis
1276 1226 1374 1255 vere,
1396 1216 1457 1249 esse
1477 1218 1515 1249 ab
1535 1219 1592 1250 hae
1606 1217 1745 1257 factum,
1771 1226 1810 1249 ut:

936 1255 1158 1303 filucaedesyiu
1175 1257 1338 1300 proposito
1355 1260 1516 1291 atrocitati
1540 1260 1749 1299 tribueretur,
1775 1259 1808 1291 dc

936 1307 994 1370 {vro
1006 1303 1174 1343 latrocinio
1193 1307 1408 1341 reputaretur:
1423 1301 1516 1341 idque
1528 1301 1647 1343 liquere
1655 1311 1694 1333 ex
1712 1300 1760 1333 his
1777 1301 1809 1332 d.

949 1363 955 1370 .
974 1349 1005 1379 5.
1031 1339 1154 1386 verbis:
1180 1342 1265 1374 Nam
1274 1344 1378 1381 patria
1397 1341 1521 1384 potestas
1537 1345 1569 1374 in
1580 1346 1692 1384 ps'etate
1709 1344 1808 1382 debet,

936 1390 994 1412 ‘non
1011 1386 1164 1413 atrocitate
1185 1382 1341 1425 corifistere.
1367 1383 1421 1426 (ὅ)
1443 1385 1495 1417 διε
1509 1384 1809 1427 Bynkershoekius,

939 1421 989 1453 sed
1008 1429 1115 1453 utrum
1133 1432 1235 1464 eri-et,
1259 1435 1297 1457 an
1315 1425 1401 1457 ludat
1416 1449 1428 1464 ,
1450 1424 1568 1458 nescio.
1594 1427 1748 1468 primum,
1775 1435 1811 1458 u-

937 1463 969 1494 bi
986 1471 1133 1510 apparet‚
1155 1466 1294 1498 ablatum
1320 1467 1400 1507 patri
1426 1475 1499 1499 ante
1517 1467 1712 1500 Hadrianum
1729 1468 1811 1500 fuis-

939 1503 969 1550 se
984 1514 1033 1551 jus
1049 1506 1180 1538 necandi
1196 1506 1281 1540 filii?
1303 1508 1377 1549 quid
1394 1509 1427 1540 ni
1446 1510 1542 1551 igitur
1559 1517 1705 1550 putemus
1719 1533 1729 1549 ,
1754 1508 1814 1540 ob-

938 1545 1063 1592 tinuiffe
1084 1548 1169 1587 quod
1187 1558 1250 1581 non
1272 1549 1447 1582 ostenditur
1470 1550 1654 1583 mutatum?
1687 1550 1730 1583 At
1750 1559 1814 1583 nee:

937 1587 1120 1633 Marcianus
1143 1590 1172 1621 d.
1196 1590 1219 1636 l.
1241 1599 1271 1631 5.
1297 1591 1416 1632 patitur
1431 1592 1618 1624 credialiud.
1643 1602 1714 1624 nam
1733 1591 1753 1624 si
1773 1591 1813 1624 fi-

938 1628 982 1674 lll-
1000 1629 1101 1661 caedes
1128 1631 1288 1671 prohibita
1314 1639 1408 1673 atque
1429 1633 1543 1665 illicita
1564 1642 1630 1664 erat
1655 1642 1728 1666 ante
1743 1632 1813 1672 Ha-
1859 1666 1861 1670 ,

936 1669 1079 1701 drianum
1095 1681 1104 1709 3
1151 1681 1317 1717 poteratne
1338 1673 1451 1706 deinde
1478 1675 1545 1706 ullo
1563 1676 1674 1706 colore
1690 1675 1811 1716 ambigi

939 1720 993 1757 aut
1012 1711 1057 1757 ab.
1076 1710 1238 1744 Hadriano
1266 1723 1319 1745 aut
1346 1724 1363 1745 a
1386 1715 1572 1754 Mareiano3
1598 1723 1704 1748 utrum
1720 1725 1812 1757 patei:

939 1762 992 1798 qui
1013 1752 1113 1798 filium
1125 1776 1136 1793 ‚
1161 1754 1203 1785 ob
1218 1754 1423 1787 adulteratam
1446 1766 1636 1796 novercam,
1663 1758 1694 1790 in
1713 1766 1811 1788 vena-

940 1801 1028 1840 tione
1044 1795 1268 1840 interfecerat,
1292 1806 1309 1827 a
1327 1806 1419 1837 poena
1445 1797 1539 1839 Legis
1553 1797 1715 1830 Corneliae
1730 1797 1811 1830 esser:

940 1835 1020 1867 liber
1041 1844 1109 1875 Jure
1126 1837 1235 1878 pati-ite
1255 1837 1446 1879 pOtestatis‘?
1470 1840 1557 1880 atqui
1585 1847 1651 1871 erat
1669 1840 1809 1880 nullum,

941 1884 1094 1922 quatenus
1109 1878 1147 1910 ad
1164 1878 1292 1910 caedem.
1339 1879 1439 1921 igitur
1455 1882 1612 1912 amoveris
1637 1890 1753 1920 unuin,
1777 1891 1810 1913 a-

941 1927 1080 1950 moveris
1097 1927 1272 1961 utrumque.
1297 1919 1352 1963 (9)
1374 1921 1434 1953 Sed
1453 1921 1528 1962 quid
1551 1921 1730 1954 haeremus?
1753 1923 1810 1955 ubi

1751 1971 1812 2004 tu,

941 2069 1048 2093 vanam,
1074 2065 1126 2088 nec
1144 2060 1290 2097 probatam
1308 2059 1406 2088 credis.
1444 2059 1506 2095 Ego
1518 2080 1525 2092 ,
1547 2057 1628 2086 missis
1644 2066 1719 2087 nunc
1734 2056 1811 2092 aliis,

942 2108 978 2127 er
994 2099 1048 2135 ipsa
1069 2101 1086 2127 l.
1109 2108 1134 2134 5.
1158 2100 1184 2127 id
1200 2099 1327 2127 constare
1344 2105 1430 2134 puto;
1456 2107 1490 2126 an
1508 2107 1573 2125 vere
1590 2103 1685 2133 putem
1697 2117 1705 2130 ‚
1726 2099 1760 2125 ab
1778 2104 1809 2124 e·

940 2143 983 2173 jus
1000 2139 1230 2174 interpretatione
1256 2137 1369 2173 pendet.
1410 2136 1457 2164 Tu
1479 2143 1555 2164 tuam
1579 2135 1699 2172 sequeiis
1716 2157 1722 2165 .
1751 2142 1809 2170 ego

940 2177 1114 2208 lnean1‚utri
1124 2176 1254 2204 adsentiri
1269 2176 1373 2212 aequius
1390 2175 1488 2203 melius
1497 2174 1537 2208 fit,
1549 2174 1682 2203 decernet
1698 2174 1813 2203 Lector.

981 2222 1005 2250 7.
1027 2215 1091 2254 Qua
1113 2216 1224 2243 ratione
1245 2214 1273 2242 id
1297 2212 1452 2242 addiderim
1468 2235 1475 2245 ,
1497 2213 1523 2241 ὅ(
1540 2221 1624 2249 quam
1642 2221 1724 2246 vere,
1744 2219 1812 2249 pro·-

940 2253 995 2282 lixe
1009 2255 1175 2290 exsequutus
1194 2253 1251 2281 sum
1268 2251 1304 2281 ad
1325 2252 1350 2281 d.
1372 2253 1396 2289 ς.
1418 2252 1525 2281 XXIV.
1545 2261 1572 2280 n.
1594 2260 1622 2280 z.

979 2294 1004 2322 8.
1028 2293 1084 2321 Hic
1104 2301 1149 2320 me
1171 2292 1242 2321 serio
1263 2291 1422 2327 aggrederis
1438 2312 1445 2322 ‚
1466 2289 1492 2320 6<
1511 2299 1593 2326 rogas
1606 2311 1613 2322 ,
1634 2288 1710 2318 unde
1725 2291 1815 2325 appa*

939 2337 1016 2361 reat,
1042 2338 1108 2359 ante
1124 2330 1277 2359 Adrianum
1294 2330 1365 2366 patri
1390 2328 1512 2357 ablatum
1534 2328 1612 2356 fuisse
1631 2329 1673 2362 jus
1689 2327 1815 2355 necandi

940 2368 1011 2397 filii?
1037 2368 1056 2396 fi
1079 2369 1229 2406 expressam
1252 2368 1342 2404 legem
1365 2367 1502 2396 desideres
1519 2388 1526 2399 ‚
1556 2374 1586 2394 ut
1607 2365 1742 2394 desiderat
1763 2365 1813 2394 Cl.

945 2406 1091 2436 Noodtius
1106 2429 1113 2441 ,
1146 2416 1200 2443 ego
1221 2415 1279 2435 nori
1295 2406 1386 2440 dabo,
1408 2414 1461 2434 nec
1475 2406 1623 2442 quisquam
1639 2404 1718 2432 alius.
1757 2404 1811 2432 At-

946 2454 1001 2482 que
1024 2445 1090 2474 inde
1112 2445 1150 2474 est
1165 2467 1173 2480 ‚
1200 2445 1278 2482 quod
1300 2445 1467 2472 severiorem
1491 2443 1567 2471 illam
1588 2444 1614 2471 in
1631 2443 1735 2470 liberos
1753 2442 1815 2470 ani-

945 2484 1165 2513 madversionem
1191 2483 1316 2512 moribus
1338 2481 1522 2515 obsolevisse,
1554 2490 1586 2509 ac
1603 2482 1661 2516 ejus
1677 2488 1816 2516 tanquam.

944 2523 1000 2557 jam
1034 2523 1166 2551 obsoletat
1193 2522 1218 2550 v&
1246 2521 1348 2550 illicitae
1369 2542 1376 2553 ,
1408 2521 1455 2549 sub
1481 2521 1608 2555 'srajano
1637 2520 1816 2548 mentionem.

944 2562 1003 2590 fieri
1025 2561 1241 2590 observaverim.
1282 2560 1340 2589 Sub
1355 2559 1499 2592 Adriano,
1527 2559 1576 2587 nisi
1596 2568 1639 2586 ine
1655 2559 1732 2586 fallat
1749 2565 1813 2585 mea

946 2600 1155 2635 interpretatio,
1183 2608 1215 2627 ca
1235 2599 1342 2626 mentio
1364 2597 1404 2626 est
1427 2599 1454 2625 in
1482 2598 1507 2625 d.
1530 2599 1549 2625 l.
1571 2605 1596 2632 5.
1637 2597 1691 2626 Sed
1711 2602 1814 2624 contra

945 2640 1003 2668 haec
1019 2638 1152 2673 insurgis,
1171 2637 1199 2665 ἃ,
1214 2637 1268 2669 ais,
1283 2634 1377 2675 fifilii
1396 2637 1476 2665 credes
1492 2637 1620 2672 prohibita
1643 2642 1717 2672 atquc
1732 2635 1816 2662 illici-

945 2684 972 2706 ta
991 2683 1046 2704 erat
1060 2684 1120 2705 ante
1133 2676 1282 2705 Adrianum
1291 2697 1298 2709 ‚
1317 2681 1450 2711 poteratne
1464 2674 1556 2702 deinde
1569 2676 1621 2702 ullo
1635 2676 1714 2702 colore
1729 2672 1812 2700 ambi-

943 2718 976 2753 gi
1001 2722 1048 2744 aut
1069 2716 1101 2743 ab
1124 2715 1244 2743 Adriano
1266 2719 1312 2741 aut
1339 2723 1355 2741 a
1373 2713 1531 2746 Marciano,
1552 2719 1640 2740 utrum
1655 2718 1745 2747 pater,
1766 2712 1814 2746 qur:

939 2754 1049 2792 fitium,
1069 2755 1098 2781 ob
1113 2753 1287 2782 adulteratam
1308 2761 1458 2785 novercam,
1480 2752 1509 2779 in
1522 2752 1657 2778 venatione
1673 2747 1813 2785 interfece-

945 2799 996 2826 rat,
1012 2803 1027 2821 a
1042 2798 1113 2828 poena
1130 2792 1215 2829 Legis
1235 2791 1359 2819 Corneliae
1374 2789 1436 2828 effer
1451 2789 1585 2825 liberjure
1597 2789 1689 2823 patriae
1700 2785 1811 2823 potesta-

946 2831 1002 2860 tis?
1027 2831 1157 2864 Nescio,
1186 2838 1220 2858 an
1245 2831 1353 2865 capiam
1381 2835 1502 2856 mentem
1524 2834 1599 2854 tuam
1617 2847 1623 2856 ‚
1647 2824 1709 2858 sed,
1731 2825 1748 2853 fi
1764 2833 1814 2853 ca-

947 2871 1020 2907 piam
1031 2890 1040 2900 ..
1059 2870 1109 2898 ubi
1128 2868 1295 2896 deliberatio
1310 2867 1447 2902 Principis
1461 2865 1496 2892 de
1511 2863 1614 2900 poena?
1634 2870 1712 2899 pater
1722 2863 1814 2893 filium

946 2908 1052 2936 occidit
1096 2906 1173 2943 quod
1194 2915 1257 2934 cum
1281 2904 1316 2932 ad
1342 2903 1498 2932 Adrianum
1517 2901 1699 2938 pervenirier,
1719 2902 1816 2930 homi·

947 2955 1010 2976 nem
1035 2944 1240 2983 deportandum
1263 2942 1316 2970 csse
1337 2942 1460 2973 censuit,
1480 2941 1547 2977 quia
1563 2940 1608 2967 sua
1625 2947 1705 2968 :etate
1720 2941 1813 2978 patria.

946 2985 1069 3022 potestas
1093 2983 1290 3011 absolvebatur
1313 2979 1369 3007 sola
1385 2980 1490 3015 pietate
1505 2999 1512 3011 ,
1539 2986 1598 3006 non
1620 2979 1714 3013 etiam,
1731 2985 1760 3007 ut
1781 2987 1813 3006 ο-

948 3025 1018 3056 ]ῐιῃ,
1053 3021 1210 3049 atrocitate.
1255 3017 1412 3052 Arniiegilse
1441 3017 1599 3052 Principem
1623 3036 1632 3050 ‚
1665 3017 1816 3053 ainbegiffe

948 3062 1143 3090 Marcianum,
1164 3057 1239 3086 unde
1254 3056 1399 3090 collegeris
1416 3077 1423 3088 ‚
1452 3063 1509 3082 non
1526 3055 1589 3083 satis
1605 3055 1812 3085 animadverto.

986 3108 1012 3132 9.
1033 3098 1081 3135 Jns
1105 3097 1170 3124 vitae
1193 3095 1219 3123 δι
1246 3095 1321 3122 necis
1344 3095 1372 3132 in
1400 3093 1520 3126 liberos,
1548 3099 1629 3121 aetate
1643 3093 1788 3130 Papiniani
1803 3116 1812 3128 ‚

949 3136 1040 3166 adhuc
1055 3135 1169 3172 plenum
1189 3133 1216 3161 ὄι
1238 3134 1378 3168 integrum
1397 3131 1492 3166 fuisse,
1512 3132 1814 3168 plurimIcollegerunt

948 3183 984 3206 ex
1007 3171 1317 3240 Consultaltgordiedjuris
1345 3171 1490 3206 cujusdam
1510 3169 1638 3205 studiosi,
1661 3170 1687 3200 <St
1702 3172 1736 3201 ad
1752 3179 1816 3199 enm

1267 3217 1282 3245 3
1769 3210 1819 3239 Pa·
1839 3211 1844 3214 ’
