2008 3436
321 114 675 158 AMICA

33 212 84 243 t'us
112 207 252 241 mulieris
273 227 283 243 ,
313 195 600 244 medicamentoab
619 194 673 227 illa
688 193 800 238 sponte
819 190 900 238 sum-

33 262 110 293 pto,
136 252 167 282 in
185 249 295 280 eodem
322 245 405 277 Foro
425 251 484 284 pro
512 245 643 272 crimine
660 235 767 266 haberi
782 242 901 275 puniri-

24 300 358 376 ,qugflolszfstt'autem
373 327 513 359 evitetur
528 323 559 355 in
582 316 774 369 disputando⁴
785 315 897 348 confu-

31 376 92 415 sio,
121 373 278 407 observari
307 370 446 402 suadeam
464 390 474 405 ‚
498 363 582 406 quod
604 365 634 393 oc
653 360 746 406 yolul
767 368 799 390 in
818 359 897 389 Pm-

32 419 145 455 fotiono
166 415 245 451 &olii
267 411 375 451 Pauli,
407 408 472 450 (ι)
496 415 558 450 non
577 411 677 434 verti:
702 409 806 432 utrum
825 398 894 445 sue-

25 454 74 492 'rit
99 469 139 490 ex
155 449 272 489 decoro
290 451 401 494 Populi
421 449 552 482 Romam
561 467 573 490 3
597 443 713 475 foedam
729 450 895 487 atqtieym-

31 502 114 544 piam
141 499 213 530 tolli
241 491 520 528 consuetudinem:
551 485 602 517 led
630 493 693 526 quo
720 492 756 529 ea
771 483 897 529 desierit

32 550 186 584 tempore.
213 536 367 580 proinde,
396 531 480 574 quod
508 527 601 560 distat:
618 549 628 565 ,
657 534 719 571 non
747 534 778 556 m
799 533 868 564 Jure
885 547 895 562 ‚

24 575 83 617 'sed
108 584 138 615 in
168 581 251 613 fatto
268 601 278 617 ‚
308 574 468 612 consiltit3
494 572 523 603 &
542 579 576 601 ut
600 566 800 615 expediatur,
826 564 843 606 (
856 563 897 606 ι)

31 635 95 658 non
123 623 203 655 dabo
230 622 335 653 locum
359 622 546 659 argumento
572 620 589 642 a
614 619 687 655 pio,
708 606 815 649 Justo,
839 606 895 638 ho-

32 665 139 704 nesto3
177 671 235 696 nec
261 668 374 692 contra
399 669 416 690 a
443 664 526 696 turpi
543 661 596 684 aut
614 651 895 696 absurdozexper-

33 717 83 741 tus
129 705 234 737 omnia
258 703 312 734 illa
332 725 341 741 ,
392 699 494 731 uando
518 702 663 740 peraeque
684 698 798 732 reeipit
828 698 896 721 vita

29 731 224 785 communis,
248 744 370 786 privata
409 741 550 773 ominum
569 734 781 780 singulorum,
801 731 895 772 &pu-

27 790 111 824 blica
126 788 317 824 civitatum,
342 784 379 816 ad
394 781 468 814 faeti
489 780 786 811 demonstrationem
797 797 806 813 ,
819 781 897 804 tam-

30 840 122 874 quam
145 828 271 861 fallacia
290 851 299 866 ‚
331 824 409 858 nihil
435 822 549 854 valere.
585 825 706 850 tantum
731 815 895 856 petendam

27 871 109 917 'puto
124 871 191 911 ejus
209 868 429 912 probationem
445 864 515 896 inde
530 886 539 901 ,
563 859 642 907 unde
660 867 714 905 per
730 860 894 888 numanam

28 913 247 946 conditionem
265 909 370 942 haberi
395 905 499 949 potest
527 910 642 949 tutius:
668 899 698 930 id
717 897 763 930 est
786 896 857 938 (ε)
878 907 896 928 a

31 954 162 987 testibus
189 954 218 986 ὃ(
242 950 393 991 exemplis
420 952 569 987 temporis
597 950 640 973 rel
661 940 764 981 gcllae.
788 938 895 991 estque

29 997 151 1030 ideirco
168 995 234 1027 haec
262 989 434 1032 disputandi
453 987 555 1019 forma
578 983 615 1015 ad
632 991 723 1028 quam
739 989 821 1012 ratio
838 991 894 1025 uu·

31 1039 97 1077 cit,
131 1046 150 1068 a
172 1045 223 1068 me
250 1030 393 1074 religiose
420 1027 540 1061 servata
566 1025 596 1057 &
621 1022 693 1063 hic,
718 1023 748 1055 dt
766 1031 838 1053 ante
862 1032 894 1053 in

65 1153 83 1200 5
103 1155 138 1192 ῙῘ.
161 1168 184 1188 1.
206 1152 290 1187 Reae
306 1158 362 1189 ais.
385 1163 443 1184 non
458 1154 547 1185 verti,
569 1159 603 1179 an
631 1149 715 1187 impla
735 1148 820 1193 fuerit
838 1147 892 1182 lex,

33 1183 224 1242 qim-patribus
240 1196 349 1225 dederit
374 1196 519 1222 ἀνυπενᾱυνον
542 1192 570 1219 in
598 1190 700 1218 liberos
723 1189 869 1232 imperium
885 1208 892 1220 ,

33 1241 111 1270 etiam
127 1245 215 1274 usque
231 1236 265 1264 ad
283 1242 380 1263 necem
396 1233 421 1261 ἃ
440 1229 644 1267 expositionem
659 1227 758 1271 .(¹¹a.¹¹¹
781 1234 893 1262 impiam

30 1276 107 1313 {bisse
121 1276 210 1312 legem
226 1296 234 1309 ‚
263 1273 324 1310 plus
347 1272 430 1301 semel
453 1269 566 1306 ipsemet
584 1266 702 1302 fateris)
724 1265 768 1293 led
786 1273 846 1309 guo
861 1273 894 1292 ea

28 1315 137 1347 'deflerit
159 1320 302 1350 tempore,
325 1311 352 1339 id
375 1310 462 1348 ipsum
479 1308 572 1336 denuo
586 1306 709 1333 inculcas
731 1303 753 1340 5.
771 1303 892 1332 XXVM.

21 1349 52 1395 ᾇ
69 1354 96 1383 in
114 1354 187 1383 hanc
202 1361 258 1381 rem
274 1350 460 1388 pronuncias,
482 1345 558 1382 quod
575 1352 659 1373 nemo
675 1350 798 1380 unquam
812 1350 895 1383 nega

26 1394 84 1425 vit,
113 1392 268 1429 Papularum
292 1390 378 1427 Leges
397 1397 428 1416 ac
450 1393 530 1415 viores
554 1393 604 1412 non
627 1384 720 1418 ubique
740 1383 894 1424 necjemper

25 1434 84 1459 reni
101 1432 204 1467 eoquod
227 1430 258 1461 lit
279 1426 408 1465 honestum
429 1435 458 1453 ac
472 1426 554 1460 pium.
594 1421 695 1450 Laudo
716 1421 788 1448 hanc
804 1420 892 1448 obter-

24 1454 170 1499 vzi'rionem
184 1491 191 1501 .
213 1468 237 1496 dt
253 1466 329 1505 quod
347 1467 381 1494 ad
397 1473 458 1493 eam
476 1461 664 1490 illustrandam
681 1458 790 1488 adferas
803 1467 894 1487 erem-

22 1507 70 1546 plti
86 1508 202 1537 aliarum
219 1508 370 1538 Gentium,
398 1512 457 1539 quae
480 1501 599 1530 eandem
622 1499 794 1536 impietatem
811 1499 882 1534 patri

26 1548 78 1576 bus
96 1547 295 1583 permiserunt,
316 1544 365 1572 nisi
385 1543 433 1571 alli
456 1541 484 1570 id
511 1546 706 1576 argumentum
723 1536 827 1564 dudum
847 1545 893 1565 oc-

27 1585 180 1622 cupassent.
201 1583 307 1621 Lipsius
325 1584 351 1611 in
367 1581 497 1611 laudata,
520 1578 544 1607 ἃ
563 1579 658 1614 saepius
673 1576 764 1620 adbuc
781 1575 893 1619 laudan-

25 1616 62 1652 da
83 1622 164 1661 Epist.
182 1625 226 1658 85.
247 1622 352 1650 Cenrur.
374 1622 397 1649 l,
418 1619 452 1648 ad
475 1618 551 1655 Betg.
592 1617 622 1645 Si
640 1618 699 1649 vis,
724 1621 830 1650 inquit,
853 1615 892 1643 ho-

23 1664 108 1691 mines
127 1661 262 1701 accusare,
282 1663 326 1698 qui
350 1659 475 1688 bominem
487 1679 494 1690 ,
515 1655 657 1693 nonsolnm
671 1659 803 1691 parentem
817 1662 892 1681 exue-

22 1701 102 1734 bant,
135 1702 163 1730 ίη
186 1701 279 1729 teneila
301 1697 337 1734 &²
360 1697 467 1726 innoxia
479 1697 598 1732 plantula
615 1692 824 1731 exstinguenda,
845 1701 894 1721 non

22 1740 123 1774 ahino,
142 1745 227 1768 tecum
245 1741 295 1767 imo
316 1737 485 1775 accusavero,
504 1734 553 1772 sed
573 1734 602 1762 de
613 1733 702 1771 fam,
725 1740 774 1759 non
790 1731 819 1774 fle
834 1741 893 1775 qna-

22 1778 98 1813 litate
111 1775 212 1814 quaestio
227 1778 299 1807 nohis
312 1781 375 1805 erat.
416 1773 572 1804 Verissime.
613 1773 686 1800 Mox
714 1770 810 1814 transit
829 1772 886 1807 ωρ-

23 1815 75 1852 sius
91 1816 126 1850 ad
147 1816 241 1844 locum
269 1813 446 1848 Aristotelis,
477 1813 525 1849 qui
541 1810 580 1839 est
601 1811 636 1839 L.
658 1810 721 1839 VII.
743 1808 825 1837 Pom.
849 1813 892 1853 ¹.⁶·

22 1854 55 1893 ‘ut
69 1853 154 1883 simile
173 1855 326 1892 impietatis
345 1853 503 1889 exemplum
522 1851 586 1879 inde
601 1854 696 1882 eruat,
725 1856 809 1892 nam,
827 1848 893 1884 Llp-

22 1892 65 1923 fio
84 1893 211 1927 austere,
231 1893 375 1931 praecipit,
398 1891 543 1920 definitum
567 1889 620 1917 effe
637 1893 770 1926 oportere
793 1887 892 1915 libero-

21 1931 83 1961 rum
97 1933 263 1966 numerum,
290 1931 329 1960 sin
354 1936 447 1960 autem
468 1931 490 1958 is
512 1929 629 1957 nimium
645 1926 799 1959 escrescat,
820 1927 892 1953 abor-

25 1973 82 2004 tum
94 1969 145 2008 effe
157 1970 363 2008 procurandum,
393 1969 439 1997 sed
461 1976 532 1996 vero
548 1968 602 2000 ait,
624 1966 810 2001 conceptionem
829 1971 892 2007 tnnc

22 2006 74 2046 qffe
88 2009 276 2046 impediendam
291 2031 298 2042 ,
326 2014 472 2044 conceptum
494 2008 562 2034 enim
579 2005 674 2042 foetum
697 2005 801 2040 abigere
816 2005 892 2039 m’sas

25 2045 86 2084 effe.
107 2047 214 2080 ..Hunc
233 2048 335 2081 xlocum
351 2063 359 2081 ‚-
392 2054 474 2081 quem
491 2045 543 2074 tibi
559 2043 666 2081 Lipsius
683 2041 825 2079 suggessit,
847 2040 892 2069 vel

20 2081 183 2114 Schefferus
205 2086 241 2115 ad
260 2086 364 2114 AElian.
388 2086 494 2113 Variar.
520 2080 595 2119 Hist.
612 2083 647 2110 11.
667 2090 692 2116 7.
726 2080 843 2109 adducis
865 2079 891 2108 d.

20 2120 46 2159 §.
62 2123 182 2152 XXVH;
204 2122 229 2153 ἃ
245 2124 360 2153 adducis
378 2129 462 2159 atque
478 2130 581 2150 novam
598 2121 810 2153 auetoritatem,
825 2127 893 2156 pree-

20 2164 64 2190 ter
80 2161 259 2195 Plutarchum
275 2162 300 2190 δι
316 2162 479 2195 mianum,
501 2168 517 2189 a
540 2167 567 2189 te
583 2159 718 2196 allegatos
740 2158 769 2187 C.
791 2158 814 2186 1.
834 2156 880 2197 Ju

21 2201 56 2235 lii
71 2199 163 2228 Pauli.
200 2201 238 2229 At
261 2209 330 2229 vero
355 2201 381 2228 d.
403 2200 432 2227 C.
454 2201 475 2228 Ι.
505 2207 563 2227 non
589 2206 618 2227 es
641 2198 756 2226 oblitus¹⁴
769 2199 891 2225 eundem

22 2238 120 2267 locum
137 2238 311 2272 describere,
333 2238 446 2276 preffius
461 2239 499 2266 ibi
517 2237 660 2270 indicans,
682 2236 760 2273 quod
775 2241 833 2264 non
847 2236 894 2263 de-

20 2276 135 2306 finivisti
145 2277 169 2304 d.
179 2277 327 2314 §.XXVIL
338 2277 411 2314 apud
419 2277 531 2305 Graecos
540 2276 690 2304 nonnullos
698 2275 804 2304 licitam
814 2273 893 2304 fuisse

22 2309 175 2349 liberorum
189 2315 391 2353 expositionem
404 2337 411 2348 ‚
433 2315 498 2352 quia
508 2314 670 2343 Aristoteles
688 2314 776 2347 dixit,
788 2313 806 2342 fi
822 2315 893 2351 leges

21 2356 108 2387 veiens
123 2355 301 2392 expofic'ionem
312 2376 319 2387 ,
329 2354 355 2382 dt
363 2362 493 2382 numerus
504 2353 654 2381 liberorum
664 2353 782 2381 nimium
791 2361 891 2389 augea-

25 2398 87 2426 tur4
116 2395 334 2430 conceptionem
356 2392 409 2421 effe
432 2391 649 2428 impediendam.
699 2390 755 2420 Sed
770 2391 835 2419 inde
856 2399 892 2419 ne

23 2430 136 2468 quidem
161 2434 224 2460 tuto
251 2431 379 2460 effeceris
396 2452 405 2465 ‚
433 2430 511 2459 fuiss‘e
531 2430 604 2467 apud
628 2431 741 2458 Graecos
767 2431 890 2463 Gentes,

26 2469 30 2475 '
43 2474 84 2498 uas*
96 2470 298 2506 expositionem
313 2469 498 2506 permiserint.
520 2470 646 2498 Maxime
658 2467 772 2497 fiaddas
786 2469 892 2504 Legem

23 2477 208 2541 3hebanam,
229 2509 348 2538 AEliano
366 2515 548 2536 memoratam
576 2507 611 2535 L.
635 2508 671 2536 11.
701 2508 766 2536 Var.
787 2505 891 2542 Hzstor.

23 2538 54 2573 ὅ.
78 2546 102 2581 J.
123 2556 184 2583 quae
200 2548 272 2576 banc
293 2554 388 2584 aperte
414 2547 562 2583 prohibuit
579 2568 585 2579 ‚
606 2545 632 2574 δ(
651 2553 684 2574 ex
699 2553 753 2581 qua
770 2545 796 2573 d.
817 2545 846 2573 C.
868 2546 890 2574 Ι.

22 2581 115 2616 rursus
130 2592 324 2621 argumentum
347 2585 426 2614 ducis
451 2594 466 2613 a
487 2585 564 2614 sensu
589 2585 743 2613 contrario.
783 2584 839 2612 Sed
859 2592 890 2611 ο-

23 2620 179 2652 inittendus
194 2625 244 2652 tibi
259 2632 316 2652 non
332 2632 391 2653 erat
407 2625 485 2652 locus
501 2624 624 2655 AElianl.
648 2632 731 2659 quem
745 2629 800 2650 tarn
814 2630 890 2650 com·

24 2661 141 2690 modum
165 2662 216 2690 tibi
239 2662 403 2698 suggesserat
427 2662 623 2691 Gothosredus
638 2662 718 2690 Pater
735 2662 762 2689 in
779 2667 830 2689 noc.
854 2660 889 2689 ad

25 2701 44 2727 Ι.
67 2703 92 2728 2.
115 2699 145 2728 C.
171 2700 202 2727 de
229 2699 304 2729 Patr.
333 2702 376 2737 qui
397 2699 441 2737 fil.
463 2700 573 2738 distrax.
595 2709 648 2728 nec
662 2700 812 2728 omittendi
834 2700 889 2727 Ta-

25 2738 114 2771 citus,
136 2738 264 2770 Curtius,
284 2739 365 2772 Philo
378 2739 505 2776 Judaeus,
527 2740 645 2774 aliique,
668 2748 682 2767 a
697 2738 806 2775 Lipsio,
831 2739 890 2766 Go-

25 2776 175 2809 umfredo,
207 2776 353 2805 Scheffero
379 2778 487 2814 prolixe
511 2778 635 2812 laudati,
664 2776 690 2806 &
705 2778 760 2805 sine
779 2777 834 2805 ulla
852 2777 889 2805 ul-

25 2813 79 2842 lius
95 2815 240 2843 mentione
256 2823 270 2842 a
287 2820 314 2843 te
329 2814 466 2852 descripti.
512 2817 579 2855 Quo
598 2815 702 2844 bonum
717 2817 775 2844 haec
789 2817 888 2844 recita-

23 2853 78 2881 †e?
98 2853 238 2889 agnosco,
259 2851 285 2881 ἂ
299 2854 372 2889 apud
394 2854 538 2883 Romanos
565 2855 714 2883 obtinuisse
731 2855 889 2891 improbum

26 2884 117 2925 segem
141 2890 276 2928 perdendi
299 2890 418 2924 liberos,
446 2893 490 2921 sed
511 2893 646 2930 quamdiu
668 2894 838 2927 obtinuerit,
863 2893 890 2921 id

27 2929 84 2962 est,
107 2929 142 2957 de
159 2937 218 2965 quo
234 2929 412 2966 disputamus.

65 2977 91 2996 2.
116 2969 145 2995 ln
161 2967 360 3002 questionibus
373 2967 436 2996 facti
452 2967 630 2998 discutiendis
647 2969 893 2998 testes&testi1no·

26 3006 75 3034 nia
91 3007 211 3044 primum
233 3005 326 3034 locum
348 3005 398 3034 sibi
419 3006 580 3039 vindicant,
601 3007 626 3036 ἃ
643 3009 675 3036 iis
690 3009 774 3037 etiam
793 3009 820 3036 in
837 3010 890 3045 pri·

28 3047 81 3073 mis
104 3044 167 3072 usus
192 3043 249 3072 sum
277 3045 304 3072 in
327 3045 381 3072 hac
396 3065 404 3077 ,
431 3053 513 3080 quam
531 3045 692 3080 traftamus,
713 3047 866 3083 quaestione
883 3069 890 3080 ,

29 3083 77 3116 {ed
100 3081 168 3118 quid
193 3088 272 3110 vetat
290 3082 394 3111 addere
416 3081 508 3111 locum
526 3093 541 3111 a
553 3086 693 3119 probabili,
715 3087 761 3121 qui
778 3087 804 3114 in
819 3094 891 3121 quae-

28 3121 166 3150 stionibus
187 3119 249 3148 faeti
269 3119 326 3150 fere
347 3128 488 3156 nunquam
513 3121 581 3149 solet
596 3123 727 3158 negligis
750 3124 822 3152 Cum
838 3124 893 3152 alia

29 3162 94 3188 setas
109 3160 178 3188 alios
199 3166 292 3187 mores
309 3159 448 3195 postulat,
469 3159 564 3195 quidni
586 3160 667 3188 liceat
691 3161 800 3194 dicere,
821 3164 893 3190 veri-

30 3198 117 3226 simile
138 3204 196 3225 non
212 3197 281 3231 esse,-
303 3196 450 3226 Romanos
461 3219 468 3230 ,
481 3206 516 3226 ex
530 3205 587 3233 quo
603 3199 686 3226 rudes
700 3199 725 3226 ἃ
742 3200 827 3228 saevos
837 3209 896 3228 mo-

31 3237 81 3266 tes·
89 3238 146 3273 jam
171 3235 256 3274 plane
283 3236 470 3274 deposuerant
485 3257 494 3270 ‚
521 3236 612 3265 adhuc
628 3237 741 3274 impune
753 3238 897 3267 centrali-

801 108 1148 149 RESPO

921 655 923 658 ·
938 649 990 695 ad·
1011 652 1186 691 propositas
1215 650 1413 691 quaestiones.

1199 105 1240 149 N
1291 116 1313 150 s
1364 117 1379 150 1
1432 118 1479 153 o.
1743 128 1811 164 375

944 191 1030 233 Julio
1052 191 1157 223 Panlo.
1203 191 1355 224 Eamdem
1372 194 1509 228 formam
1524 196 1628 237 postea
1647 197 1742 229 etiam
1759 195 1815 229 sibl

942 233 1129 275 pratscripfit
1153 232 1313 266 Dominus
1348 244 1409 266 van
1438 237 1665 273 ankerslioek
1688 249 1713 270 ε.
1744 239 1814 270 111'..

945 275 1054 316 Opns'c.
1076 281 1110 315 p.
1134 274 1296 321 34831'ed
1321 273 1536 323 prael'crip'tam
1559 281 1700 319 neglexit
1727 280 1813 321 peni-

941 327 1007 349 tus:
1041 315 1160 358 semper
1188 318 1258 348 ulus
1281 326 1474 359 argumentis
1496 328 1532 350 ac
1548 320 1782 361 consequentiis
1805 331 1813 352 ε

940 367 1109 400 numquam
1134 358 1266 390 testibus
1291 366 1346 390 aut
1371 361 1525 401 exemplis
1556 364 1707 402 temporis
1725 363 1815 402 cujus

941 400 1029 432 usum
1050 399 1285 441 investigamus.
1331 399 1436 442 Quam
1457 402 1602 433 habuerit
1621 402 1743 434 causam
1760 412 1813 434 va-

938 442 1036 473 riandi
1049 466 1058 481 ,
1083 440 1207 481 nescio,
1226 441 1374 482 variasse,
1397 444 1538 484 quisquis
1556 444 1586 476 in
1606 452 1671 476 rem
1683 443 1813 485 tarteson--

941 491 1004 530 tem
1029 485 1153 515 venerit
1171 506 1182 523 ‚
1215 484 1427 530 deprehendet
1460 485 1572 517 statim.
1597 486 1731 527 proinde
1754 494 1814 516 nee

939 535 1054 557 mirum
1066 549 1075 564 ,
1100 535 1160 557 nos
1175 535 1229 567 qul
1245 529 1435 559 contrariam
1459 535 1601 560 tenemus
1619 528 1703 559 viam
1716 551 1726 567 ,
1748 536 1813 558 non

939 568 1050 598 eodem
1070 567 1168 599 exire.

982 607 1010 649 ὃ.
1032 607 1089 639 Ill.
1114 609 1167 650 (4)
1190 607 1289 640 Hisce
1314 610 1496 651 praemiffis,
1520 610 1605 644 nune
1622 610 1672 643 me
1693 609 1812 642 moveo

1128 650 1133 655 '
1464 652 1499 684 ln
1532 654 1631 685 ariore
1659 652 1724 685 fert
1745 658 1814 684 mea

939 693 1071 732 opinio,
1095 690 1187 733 fuisse
1208 694 1390 733 parentibus
1418 694 1499 736 apud
1516 695 1527 727 l
1545 705 1696 735 omanOS,
1722 702 1812 726 more

938 733 1069 764 aliarum
1097 732 1249 766 Gentium
1266 757 1275 773 ,
1308 735 1451 777 alioquin
1471 746 1488 768 a
1506 737 1632 769 cultura
1650 737 1728 768 vitae
1748 735 1812 766 ele-

938 774 1090 815 gantioris
1106 784 1170 807 non
1185 776 1423 808 abhorrentium
1434 801 1443 815 ‚
1476 773 1666 818 ver-missum,
1692 777 1760 820 (5)
1777 776 1813 808 li-

939 821 1031 847 beros
1058 826 1171 856 natos,
1202 826 1238 848 ae
1259 818 1398 850 nondum
1425 787 1608 862 susceptos,
1632 820 1736 862 alique
1751 819 1813 860 ius-⁴

938 857 1009 895 sos,
1043 867 1102 898 pro
1126 859 1259 890 arbitrio
1288 860 1402 891 tollere
1421 884 1430 900 ‚
1462 870 1650 904 exponere,
1679 870 1812 899 necare3

937 898 1010 938 Jure
1028 899 1253 932 Pandettarum
1280 900 1309 932 ὃ(
1336 901 1487 943 Codicis,
1520 914 1555 936 us
1580 914 1618 936 ue
1635 903 1672 935 ad
1692 902 1812 935 Princi-

937 949 1046 980 patum
1074 940 1311 980 Valentiniani,
1348 943 1491 976 Valentis
1508 946 1538 978 ὅ(
1575 944 1718 977 ιτιιῖὶεῃίε
1744 943 1811 985 qui—⁴

941 991 997 1013 nus
1014 981 1135 1020 visum,
1159 983 1345 1015 inveteratae
1362 986 1543 1018 crudelitati
1560 996 1650 1019 extra
1665 986 1810 1018 ordinem

939 1023 1067 1064 capitali
1081 1022 1239 1065 supplicio
1263 1034 1433 1057 occurrere
1463 1028 1494 1059 in
1518 1029 1539 1061 l,
1561 1035 1589 1064 8.
1617 1029 1650 1060 Ca
1672 1028 1724 1060 Au
1747 1027 1808 1059 Le-

1741 1079 1809 1112 gem

938 1149 1022 1177 beros
1045 1148 1156 1178 saeviisse
1171 1172 1178 1184 ‚
1208 1150 1355 1180 interdicta
1379 1152 1464 1181 etiarn
1481 1158 1548 1181 tunc
1569 1153 1699 1182 adversus
1717 1153 1811 1182 servos

938 1188 1041 1217 saevitia
1054 1189 1068 1216 ⁴?
1096 1189 1251 1218 Verisimile
1270 1198 1327 1218 non
1347 1192 1419 1222 esse.
1449 1193 1521 1220 hanc
1539 1193 1731 1229 impietatem,
1752 1192 1811 1220 haec

937 1226 1109 1262 homicidia,
1130 1227 1185 1256 fine
1204 1238 1286 1264 poena
1303 1229 1477 1259 transmisisse
1492 1231 1653 1269 Principes,
1675 1239 1747 1259 reae
1762 1239 1814 1258 no-

937 1267 1013 1295 mine
1037 1266 1103 1294 Pios
1125 1275 1158 1294 ac
1177 1267 1365 1305 Pliilosophos
1380 1269 1394 1298 ,Ρ
1423 1269 1580 1298 Verisimile
1601 1279 1660 1298 non
1682 1270 1751 1301 esse,
1774 1268 1812 1298 ad

938 1305 996 1333 haec
1011 1305 1184 1340 aliquamdiu
1200 1307 1355 1336 connivisse
1374 1308 1448 1345 ipsos
1467 1309 1719 1346 P1⁴incipes‚sacris
1730 1308 1812 1337 Chri-

938 1342 1032 1372 stianis
1049 1344 1196 1373 imbutos?
1216 1346 1466 1384 Quemadmodum
1490 1348 1518 1376 in
1539 1350 1623 1376 rebus
1644 1348 1705 1376 faeti
1725 1356 1811 1384 opor-

939 1389 995 1411 teat
1010 1383 1133 1417 verlari,
1162 1384 1293 1419 magistro
1318 1386 1379 1414 usus
1403 1386 1462 1414 sum
1485 1387 1667 1424 Quintiliano
1688 1386 1724 1415 L.
1746 1387 1812 1415 Vll,

937 1420 1002 1458 Inst.
1021 1421 1126 1450 Orator.
1149 1421 1179 1450 C.
1198 1431 1223 1450 2.
1245 1424 1267 1451 is
1283 1432 1327 1451 me
1346 1424 1462 1458 docuit,
1497 1424 1532 1453 ad
1549 1424 1741 1454 amoliendum
1758 1425 1813 1453 cri-

936 1469 1019 1492 men,
1038 1463 1127 1496 probos
1140 1470 1221 1488 mores
1233 1471 1363 1498 nunquam
1388 1473 1438 1492 non
1455 1464 1599 1500 plurimum
1612 1463 1756 1502 profuzffe,
1777 1461 1811 1491 us:

936 1500 1054 1537 prosunt
1069 1500 1128 1527 aliae
1145 1499 1391 1538 praesumptiones,
1419 1502 1445 1531 &
1465 1511 1481 1530 a
1497 1503 1639 1540 probabili
1654 1505 1747 1540 petitze
1770 1502 1811 1530 su-

938 1539 1093 1575 spiciones‚
1116 1546 1184 1575 quas
1214 1539 1252 1567 ibi
1274 1540 1413 1576 prolixius
1439 1548 1559 1571 enarrat.
1600 1541 1661 1570 Nec
1678 1542 1809 1578 (inquit,

937 1577 972 1605 L.
988 1578 1038 1606 lV.
1060 1576 1090 1606 C.
1107 1577 1157 1613 2.)
1178 1578 1243 1606 mihi
1256 1587 1371 1615 unquam
1385 1585 1457 1608 canta
1466 1579 1557 1618 fuerit
1574 1589 1637 1609 cura
1654 1581 1809 1614 brevitatis,

935 1622 965 1644 ut
982 1625 1030 1644 non
1055 1624 1084 1644 ea
1099 1636 1108 1650 ‚
1134 1624 1188 1652 qnoe
1208 1618 1357 1646 credibilem
1374 1618 1486 1656 faciunt
1508 1619 1707 1657 expositionem,
1731 1618 1811 1658 inseri

934 1655 1025 1683 velim.
1055 1654 1089 1683 Et
1106 1662 1188 1687 mox.
1209 1662 1240 1683 ut
1255 1657 1321 1693 quid
1336 1657 1471 1686 credibile
1487 1657 1533 1692 sit,
1557 1657 1727 1686 considerari
1744 1666 1811 1695 prae-

935 1694 1021 1731 cipit,
1041 1694 1115 1727 loca,
1136 1699 1266 1729 tempora,
1288 1693 1325 1729 ὅ)
1338 1695 1443 1732 similia.
1483 1698 1636 1734 Quumque
1651 1698 1686 1725 ab
1709 1695 1812 1730 hiejuc'

935 1731 1059 1767 novisti,
1086 1740 1138 1760 nec
1158 1732 1222 1770 JCti
1245 1732 1333 1762 nostri
1356 1734 1536 1770 dissentiant,
1557 1736 1668 1767 nescio,
1691 1744 1738 1764 cur
1758 1737 1812 1764 ira-

935 1771 1017 1800 scaris
1028 1793 1037 1804 .
1056 1772 1134 1807 quod
1159 1772 1230 1799 veris
1247 1772 1406 1801 ‘verisimilia
1422 1774 1578 1802 miscuerim
1589 1796 1597 1807 ‚
1619 1782 1683 1802 nam
1698 1776 1811 1803 rnnlrnrn

934 1809 1034 1848 confert
1058 1810 1156 1847 aajena
1181 1811 1251 1837 veris
1273 1811 1405 1840 credibilis
1428 1822 1515 1841 rernm
1534 1814 1639 1851 imago,
1662 1819 1692 1841 ut
1712 1813 1811 1851 accepi

935 1849 970 1877 ab
986 1847 1087 1877 eodem
1110 1848 1288 1886 Quintiliano
1309 1850 1332 1877 d.
1358 1851 1391 1879 L.
1413 1851 1464 1880 IV.
1488 1851 1517 1879 C.
1541 1860 1567 1880 2.
1777 1882 1779 1887 ,

974 1895 1000 1922 3.
1022 1887 1107 1915 Κεέὶε
1125 1888 1165 1915 ais
1177 1909 1184 1921 ‚
1206 1887 1302 1921 testes,
1326 1888 1350 1917 dt
1366 1889 1495 1926 exempla
1512 1890 1557 1917 lii'c
1571 1889 1720 1926 plurimum
1735 1890 1812 1919 vale-

934 1934 981 1960 re,
1003 1933 1056 1953 nee
1077 1926 1153 1953 aliud
1178 1927 1246 1954 milii
1268 1926 1362 1955 sedisse
1390 1927 1486 1966 Opusc.
1512 1928 1541 1956 C.
1562 1930 1611 1956 Ill.
1643 1937 1671 1965 p.
1689 1932 1754 1964 348.
1779 1937 1809 1959 at

934 1972 1033 2002 parum
1049 1965 1140 1992 amice
1153 1964 1285 2001 &parurn
1297 1974 1361 1993 vere
1376 1974 1443 1994 mox
1460 1966 1556 1995 addis:
1569 1966 1618 2004 sed
1633 1967 1813 2005 proescriptam

933 2003 1074 2040 (formam
1083 2009 1096 2039 )
1124 2004 1242 2040 neglexit
1265 2005 1386 2040 penitus.
1407 2004 1509 2043 semper
1529 2004 1591 2043 nsns
1609 2007 1772 2042 argumentis
1791 2017 1808 2036 a

933 2042 1115 2079 consequentiis
1131 2062 1139 2075 ‚
1167 2047 1254 2078 nunqu
1265 2051 1296 2070 zm
1322 2041 1428 2079 testibus
1452 2050 1497 2072 aut
1518 2045 1642 2081 exemplis
1669 2047 1808 2082 temporis,

932 2081 1007 2117 cujus
1021 2080 1094 2117 ustam
1108 2079 1305 2118 investigamus.
1338 2082 1427 2121 Quam
1446 2082 1566 2111 habuerit
1582 2081 1685 2120 causam
1698 2085 1809 2113 varian-

934 2118 978 2152 di,
1002 2119 1099 2155 nescio,
1120 2118 1253 2157 ‘traria-[sb
1275 2121 1390 2156 quisquis
1407 2122 1435 2148 in
1456 2130 1509 2149 rem
1528 2121 1676 2160 praesentem
1694 2122 1809 2158 venerii,-

934 2157 1102 2194 deprehendet
1109 2155 1211 2193 statim.
1251 2159 1288 2186 Et
1303 2159 1360 2195 ipse
1380 2159 1511 2188 lectorem
1526 2161 1555 2188 in
1571 2168 1630 2188 rem
1646 2161 1809 2197 praesentem

935 2197 976 2224 ire
993 2196 1095 2230 velim,
1117 2195 1142 2224 δι
1155 2195 1246 2225 statim
1263 2196 1472 2233 deprehendet,
1494 2206 1557 2232 me,
1577 2207 1640 2227 cum
1660 2199 1808 2236 Capinllh

935 2234 1145 2272 praescripserim
1161 2255 1170 2269 ,
1198 2235 1243 2269 jus
1266 2236 1332 2264 vitae
1353 2236 1379 2264 dt
1395 2238 1471 2265 necis
1484 2237 1512 2265 in
1529 2235 1634 2266 liberos
1650 2238 1744 2266 adhuc
1758 2239 1809 2268 du-

936 2273 1004 2302 rass‘e
1024 2273 1111 2302 videri
1129 2273 1191 2310 post
1213 2274 1318 2310 Legem
1339 2275 1502 2304 Corneliam
1524 2275 1558 2304 de
1574 2276 1705 2310 sicariis,
1726 2277 1810 2306 Pom-

935 2313 1029 2350 pejam
1046 2311 1081 2340 de
1098 2312 1273 2346 Parricidiis,
1295 2312 1321 2341 ἃ
1335 2313 1437 2350 juliam
1452 2313 1487 2342 de
1502 2313 1656 2342 Adulteriis
1671 2335 1681 2349 ‚
1705 2314 1734 2342 id
1752 2316 1809 2352 pri·

935 2359 1011 2380 mum
1027 2351 1179 2387 exemplis,
1199 2350 1302 2379 deinde
1318 2352 1531 2381 auetoritatibus
1550 2353 1739 2388 confirmasse,
1762 2354 1810 2389 ἀ,-

935 2397 998 2417 cum
1027 2388 1115 2425 Capiti
1135 2390 1185 2417 IV.
1212 2389 1422 2426 praescripserim
1440 2413 1448 2425 ‚
1478 2389 1506 2418 id
1525 2392 1568 2425 J‘us
1591 2391 1700 2420 cessasse
1716 2392 1808 2422 videri

936 2429 1110 2465 temporibus
1125 2428 1258 2462 Traiani,
1279 2428 1419 2463 Adriani,
1447 2429 1587 2458 Antonini
1604 2430 1662 2464 Pii,
1684 2430 1807 2467 reliquo-

932 2474 1049 2502 rumque
1076 2466 1208 2503 deinceps
1235 2467 1396 2503 Principum
1413 2489 1420 2502 ,
1461 2468 1653 2504 deprehendet
1682 2470 1808 2506 Lestor,

931 2510 977 2533 me
994 2505 1020 2533 dt
1034 2505 1168 2542 exemplis
1191 2504 1216 2532 dt
1233 2504 1417 2540 testimoniis,
1440 2515 1472 2536 ex
1494 2515 1592 2536 eorum
1608 2509 1688 2537 aetate
1702 2510 1813 2545 petitis,-

933 2544 962 2572 in
984 2552 1045 2572 eam
1068 2552 1126 2572 rem
1148 2543 1228 2571 fuisse
1251 2544 1338 2574 usum.
1379 2545 1425 2574 An
1449 2545 1554 2574 idonea
1575 2545 1642 2580 sint,
1666 2547 1739 2576 inter
1753 2556 1805 2576 nos

933 2583 1154 2611 controvertitur
1166 2602 1175 2615 ‚
1196 2587 1226 2610 tn
1241 2590 1299 2611 non
1315 2582 1369 2612 effe
1392 2582 1531 2618 affirmas,
1554 2584 1580 2613 ἂ
1603 2591 1633 2614 ut
1647 2585 1783 2614 refutares
1797 2600 1807 2618 ,

931 2621 1006 2649 hanc
1026 2622 1138 2650 amicum
1156 2619 1348 2659 Rffonfionem
1370 2622 1532 2657 adornasti,
1554 2632 1609 2659 ego
1627 2623 1729 2653 idonea
1751 2624 1806 2653 esi‘ev

933 2659 1043 2692 censui,
1074 2659 1100 2688 &
1123 2659 1216 2687 adhue
1231 2660 1350 2695 censeo,
1373 2666 1405 2689 ut
1428 2662 1539 2690 videbis
1555 2662 1603 2690 suo
1619 2662 1696 2691 loeo.
1737 2663 1804 2691 Vel-

932 2697 987 2726 lem
1003 2699 1089 2734 igitur
1111 2698 1283 2735 explicuiffes
1306 2698 1332 2727 &
1352 2700 1509 2736 probasses,
1540 2700 1616 2737 quod
1635 2709 1692 2728 non
1709 2700 1777 2729 facis
1794 2712 1804 2736 ‚<

932 2737 980 2765 ubi
1009 2738 1037 2765 in
1060 2745 1163 2773 genere
1184 2738 1401 2773 probationum,
1428 2747 1497 2776 quas
1511 2740 1557 2767 hic
1572 2738 1700 2767 adhiberi
1721 2747 1806 2774 opor·

932 2778 1004 2808 teat,
1037 2776 1224 2810 variaverim‚
1251 2784 1344 2812 neque
1368 2777 1442 2805 enim
1463 2777 1583 2805 solemus
1604 2776 1699 2804 amicis
1716 2779 1806 2806 varia-

934 2816 1016 2843 tiones
1032 2815 1172 2850 objicere,
1195 2813 1246 2843 nisi
1261 2815 1599 2852 explicatas&probatas.
1637 2811 1715 2845 Λόγοι
1731 2815 1803 2842 20:02⁴-

933 2859 967 2879 λκ
984 2857 1117 2888 ›cs-mapa,
1144 2854 1238 2889 inquit
1259 2853 1434 2882 Aristoteles.
1477 2854 1554 2891 Quin
1579 2858 1686 2880 tantum
1704 2853 1781 2882 abest
1796 2876 1804 2888 ,

935 2897 965 2920 ut
987 2900 1044 2919 non
1069 2891 1288 2928 deprompserim
1317 2890 1476 2919 testimonia
1506 2891 1531 2919 ἃ
1553 2891 1678 2927 exempla
1693 2912 1700 2924 ‚
1722 2898 1753 2921 ut
1768 2901 1805 2921 ne

934 2936 963 2959 tu
979 2930 1093 2967 quidem
1111 2932 1206 2957 omnia
1223 2929 1433 2962 sollicitaveris‚
1456 2929 1500 2957 sed
1522 2938 1554 2957 ea
1578 2929 1728 2963 duntaxat,
1745 2932 1806 2966 quae'

935 2969 1029 3004 aliqua
1050 2969 1140 3005 specie
1154 2966 1295 2996 videbaris
1312 2967 1387 3002 posse
1408 2966 1553 3001 lacessere,
1575 2969 1720 3004 praeteritis
1736 2969 1806 3004 aliis,

935 3016 998 3044 quae
1019 3006 1164 3034 fortissima
1187 3013 1283 3037 erant,
1306 3005 1331 3033 ἃ
1348 3004 1383 3033 de
1408 3007 1510 3041 quibus
1531 3005 1693 3035 lacesse-ndis
1711 3007 1806 3046 despe-

934 3049 1015 3074 rabas
1028 3066 1037 3078 ,
1061 3051 1092 3072 ut
1108 3044 1134 3071 ἃ
1150 3045 1208 3072 haec
1228 3045 1277 3072 suo
1292 3043 1358 3071 loco
1377 3043 1485 3072 audies.
1657 3074 1659 3076 ,

971 3084 994 3120 5.
1009 3084 1059 3111 111.
1082 3090 1108 3116 4.
1137 3081 1218 3110 Nihil
1245 3082 1303 3109 fere
1325 3081 1379 3115 est,
1406 3082 1483 3117 quod
1497 3081 1531 3109 ad
1549 3082 1624 3110 hunc
1644 3082 1668 3118 §-
1691 3091 1806 3120 notem,

935 3122 1055 3158 exponis
1077 3121 1139 3153 hic,
1162 3119 1230 3156 quid
1246 3121 1315 3153 tibi,
1339 3119 1364 3148 ὅ(
1383 3119 1470 3157 §.tw
1492 3122 1560 3157 quid
1579 3122 1648 3150 mihi
1663 3122 1808 3160 videatur,

939 3160 964 3189 ἃ
981 3159 1064 3192 dicis,
1087 3158 1164 3194 quod
1181 3168 1224 3187 res
1243 3158 1290 3187 est.
1850 3193 1854 3195 -

981 3207 1005 3233 5.
1023 3197 1120 3226 Hah-„s
1135 3199 1181 3225 hic
1202 3198 1302 3225 iterum
1318 3196 1436 3225 eandem
1453 3197 1600 3231 formulam
1616 3197 1646 3226 de
1658 3199 1747 3228 liberis
1760 3209 1806 3230 na-

939 3238 973 3266 tis
984 3258 992 3271 ,
1012 3246 1043 3265 ac
1056 3236 1170 3265 nondum
1175 3234 1302 3274 sujceptis
1313 3237 1396 3273 alique
1405 3236 1494 3275 jttffis,
1518 3237 1553 3266 de
1568 3246 1624 3274 qua
1641 3237 1721 3276 supra
1736 3247 1808 3283 non.-

1769 3285 1812 3306 m-
