2008 3436
174 125 243 160 340
425 116 829 154 ‘CORNELII
900 124 1009 155 vasi

807 230 1167 267 CAPUT

1080 112 1679 158 BYNKERSHOEK

1267 232 1312 268 X.

218 320 292 370 Qvo
318 322 380 357 loco
406 319 531 366 fuerint
559 337 611 359 res
636 326 797 371 mancipi,
824 337 885 359 non
909 328 998 368 rite,
1036 337 1092 360 nec
1116 337 1136 360 a
1162 328 1273 372 quibus
1299 335 1441 372 oportet,
1466 329 1626 374 mancipio
1651 328 1734 364 datm
1758 332 1812 366 vel
1831 345 1886 369 ac·

372 389 481 426 ceptae.
533 381 717 427 Explicuere
743 383 783 417 L.
812 392 843 426 3.
870 379 907 416 ἃ
933 383 973 416 1..
999 392 1034 425 9.

254 482 301 514 ¹'iia
318 485 508 526 mancipatio
528 496 589 518 non
613 485 820 526 intelligitur,
844 483 919 528 nist,
936 491 969 516 ut
982 487 1028 517 de-

272 526 332 555 bias
344 550 353 565 ‚
376 529 520 566 mancipio
537 539 572 557 (ω
588 538 617 557 eu
633 530 745 566 accepit
755 549 766 565 ,
790 538 808 557 a
827 536 877 567 quo
891 526 967 566 Jiire
979 522 1026 558 Ci—

269 567 325 597 viis
342 570 460 608 posint,
481 569 575 599 verba
599 567 668 598 sunt
692 567 841 599 Varronis
863 568 904 599 L.
928 567 966 600 ll.
992 571 1026 600 de

159 605 199 637 R.
224 607 264 638 R.
294 608 324 638 C.
354 619 398 640 10.
435 608 519 639 rofi:
544 618 637 649 atque
658 609 767 641 ordine
782 609 948 648 fecerunt,
973 610 1026 651 qui

157 648 399 688 mancipationis
424 648 591 688 sole-sunia,
648 650 740 690 nique
767 651 843 681 item
863 650 1026 691 personas,

156 689 239 720 inter
267 698 341 729 quas
359 690 408 729 jas
432 691 582 731 mancipii
608 692 637 722 el
662 714 670 729 ‚
700 700 773 723 cum
791 701 865 723 cura
877 691 1028 732 exposue-

159 739 244 761 runt.
289 729 386 774 Q-iod
410 730 446 761 ad
474 730 623 764 solemnia
650 732 765 764 attinet
782 756 792 772 ,
824 733 861 763 ab
876 734 944 764 aliis
961 732 1027 764 fere

157 771 397 811 pi·ae:ci·niiil“um
420 771 465 803 cst
481 796 490 811 ,
524 773 786 814 quemadmodum
809 775 911 815 accipi
933 784 1026 815 opor·

159 821 223 842 teit
239 836 247 851 ,
273 813 357 853 quod
370 813 521 854 Ulpianus
538 814 620 846 dixit
643 814 764 858 Fragn.
794 815 827 846 T.
840 815 934 847 XlX.
957 815 1025 857 §.6.

156 852 188 883 in
211 855 277 884 neec
299 855 412 886 verba:
437 865 483 886 res
497 857 613 887 mobiles
633 866 689 887 non
707 855 763 895 nifi
776 857 927 898 praesentes
943 867 1024 888 inan-

157 896 251 934 czffari
272 895 402 935 pastioni,
426 896 462 931 δέ’
477 907 534 927 non
549 898 665 938 plures,
691 908 777 940 quam
791 908 850 939 quae
868 909 957 930 maizu
978 909 1024 930 ca-

153 937 188 975 ]12‘
201 935 332 976 PQi‘lei:
367 938 523 977 immobiles
545 945 641 970 antem
658 961 669 977 ,
699 941 789 970 etiam
800 940 899 980 plures
909 939 997 979 fimus
1013 963 1023 979 ,

156 976 193 1010 ᾧ)
209 987 269 1018 qaae
285 977 406 1017 diversis
419 980 570 1021 boolsfiifzt
581 1004 590 1019 ,
602 982 767 1021 mancipari
781 981 905 1021 poffunt.
928 981 1024 1029 Quod

154 1018 193 1049 de
210 1018 302 1050 rebus
315 1020 487 1052 mobilibus
503 1021 603 1060 dixit,
628 1022 667 1053 de
686 1022 750 1054 illis
766 1022 929 1064 intelligo,
953 1032 1023 1063 quae

155 1068 248 1092 manu
268 1061 355 1102 capi,
380 1061 411 1092 id
429 1061 492 1101 est,
516 1062 704 1103 apprehendi
718 1071 885 1104 poterant,
910 1064 1022 1095 necin-

155 1101 284 1132 tercedo
298 1124 307 1138 ‚
327 1104 495 1141 quominus
513 1103 593 1135 lei-vi
609 1105 705 1136 etiam
722 1104 759 1136 ad
773 1104 947 1136 Praetorem
957 1104 1024 1136 fue-

152 1143 218 1173 rint
236 1142 359 1175 deducli
371 1168 380 1183 ,
404 1153 535 1185 propter
553 1144 742 1184 formulam,
771 1146 847 1176 hunc
869 1156 919 1187 ego
934 1146 1023 1176 homi-

153 1193 220 1214 nem
240 1185 299 1216 ecc,
321 1194 386 1217 non
405 1186 491 1226 quod
511 1186 661 1227 libripens
680 1186 840 1218 hominem
859 1186 946 1218 librae
966 1186 1023 1217 im—

153 1224 316 1267 posuerit,
342 1225 393 1258 sed
413 1227 499 1268 quod
517 1226 605 1258 forte
627 1228 730 1268 digito
749 1227 900 1268 tetigerit.
917 1226 1025 1273 ‘Valde

157 1275 260 1297 tamen
276 1266 407 1307 dubito,
420 1278 457 1299 an
474 1268 592 1307 boves,
611 1269 709 1307 muli,
729 1269 818 1309 equi,
832 1267 903 1300 afini
916 1277 1023 1299 mrem

153 1306 341 1348 praesentem
352 1309 515 1347 venerint,
527 1310 597 1350 plus
615 1309 699 1341 enim
708 1309 776 1341 haec
788 1309 933 1340 animalia
941 1308 1021 1340 Prae-

156 1357 259 1380 torem
274 1349 492 1387 offendissent,
512 1359 604 1390 quam
622 1350 700 1381 olim
719 1349 755 1382 C.
766 1349 897 1382 Afrania
911 1350 943 1382 in
961 1350 982 1382 l.
994 1359 1020 1382 1.

152 1389 182 1432 §.
203 1400 235 1430 5.
254 1389 295 1431 ff.
319 1392 353 1421 de
373 1389 484 1431 Postul.
509 1392 539 1422 ὅ(
557 1391 601 1422 ita
627 1390 694 1422 haec
716 1391 915 1433 interpretari
929 1400 1024 1433 opor-

146 1440 201 1465 ,tet
214 1455 223 1471 ,
251 1441 290 1462 ne
305 1441 353 1462 res
372 1431 409 1463 ad
436 1431 645 1464 deridiculum
668 1441 787 1474 vergat.
833 1432 950 1472 Forte,
970 1442 1021 1464 an-

150 1480 278 1514 tequam
298 1472 335 1503 ad
353 1472 527 1505 Praetooem
546 1474 663 1513 iretur,
685 1474 794 1514 potuit
812 1474 916 1516 digito
933 1483 1023 1506 mon-

145 1514 294 1552 strarier,
314 1513 362 1544 hic
376 1511 437 1555 est,
460 1513 548 1546 foi-te
568 1515 597 1547 &
615 1513 795 1558 symbolum
815 1516 957 1548 succeffit
975 1516 1022 1547 lo-

151 1565 192 1587 co
207 1554 262 1586 rei.
308 1555 372 1587 Res
390 1555 460 1588 sane
476 1555 677 1595 immobiles,
701 1566 791 1598 quae,
814 1564 850 1588 ut
867 1557 1022 1598 Ulpianus

148 1597 215 1634 ait,
238 1596 344 1637 plures
370 1596 479 1637 simul,
510 1597 628 1630 etiamsi
651 1597 780 1630 diversis
799 1598 880 1631 locis
895 1598 993 1632 effent
1012 1621 1023 1637 ‚

150 1638 320 1679 mancipari
339 1646 504 1679 poterant,
540 1639 688 1681 symbolo
712 1638 806 1672 fuiffe
822 1639 1023 1681 repraesenta-

152 1688 216 1719 tas,
243 1680 273 1711 ὃς
294 1680 420 1720 quidem
443 1680 534 1722 gleba
552 1705 561 1720 ,
594 1690 635 1713 ex
651 1681 732 1722 agris
749 1679 933 1722 desumpta,
953 1681 1025 1713 inde

144 1729 230 1762 ,puto
250 1729 379 1761 verum,
405 1722 490 1762 quod
512 1722 544 1754 in
564 1721 656 1755 simili
685 1730 892 1763 argumento,
916 1723 948 1755 in
967 1723 1025 1754 lite

149 1771 263 1803 nempe
284 1763 494 1795 vindiciarum
507 1787 516 1802 ‚
543 1763 595 1795 ubi
617 1773 743 1805 quoque
762 1764 794 1796 in
812 1773 877 1796 rem
895 1763 1024 1805 praesen-

152 1813 217 1835 tem
237 1804 374 1835 eundum
393 1813 478 1845 erat,
502 1806 566 1838 hoc
579 1807 741 1841 εὐρημαιτικὶν
755 1805 928 1837 narraverit
946 1804 1022 1837 Gel-

151 1845 212 1877 lius
236 1844 275 1876 L.
299 1845 378 1877 XX.
415 1845 460 1877 N.
486 1846 555 1878 An.
593 1848 624 1878 C.
650 1857 678 1884 9.
704 1847 796 1888 plane
814 1854 849 1878 ut
865 1847 897 1879 in
913 1848 1022 1880 Scota·

150 1887 239 1918 tione
255 1885 392 1926 Dacica,
416 1887 455 1918 de
470 1897 530 1929 qua
545 1887 591 1919 est
618 1889 650 1920 C.
674 1898 704 1921 2.
728 1888 770 1920 X.
795 1889 828 1919 de
856 1888 986 1930 Confitet.

192 1928 246 1959 Sin
265 1935 369 1959 autem
390 1939 438 1960 res
457 1930 594 1970 mancipi
613 1929 665 1961 vel
682 1929 813 1961 omnino
831 1939 894 1962 non
914 1929 1023 1962 fuisset

150 1969 344 2009 mancipata,
366 1979 447 2001 neve
463 1980 499 2002 ea
519 1971 550 2003 in
565 1971 634 2011 jure
650 1970 785 2009 cessum,
816 1969 961 2007 fiveynon
985 1979 1021 2003 ut

150 2010 340 2051 oportebat„
366 2010 477 2042 omiss‘a
499 2011 586 2043 forte
614 2011 813 2044 solemnitate
826 2012 993 2045 necess'aria
1009 2036 1019 2051 ,

150 2051 328 2082 dominiirn
362 2053 427 2092 ejus
455 2052 666 2098 Quiritarium
691 2062 755 2085 non
784 2053 956 2093 transibat,
989 2061 1022 2085 at

150 2091 343 2123 bon-{tarium
359 2094 512 2124 duntaxat
531 2103 604 2126 cum
620 2093 710 2126 causa
727 2089 942 2134 usucapiendi,
953 2093 1024 2136 post

152 2133 375 2174 usucapionem
404 2135 500 2166 etiam
531 2134 753 2181 Quiritarium.
797 2136 914 2175 Unde,
949 2145 1023 2167 cum

151 2173 305 2214 usucapio·
319 2184 423 2206 rerum
447 2175 613 2208 mobilium
641 2177 719 2208 olim
738 2176 835 2208 fuerit
852 2178 942 2215 anni,
967 2178 1021 2210 im·

151 2216 319 2247 mobilium
335 2216 473 2255 biennii,
501 2217 539 2248 de
565 2216 677 2255 servo,
702 2227 735 2248 rc
758 2219 888 2256 mobili,
911 2219 1018 2259 Ulpia-

151 2267 209 2288 nus
227 2257 310 2288 dixit
331 2257 450 2300 Fragsn.
479 2258 513 2290 T.
536 2260 559 2291 Ι.
585 2259 613 2300 §.
640 2262 686 2290 16.
713 2268 783 2291 eum
802 2269 842 2291 ex
861 2260 928 2300 jure
942 2260 1019 2306 Qui-

152 2299 261 2329 titium
281 2299 434 2339 emptoris
450 2309 513 2332 non
529 2300 609 2339 esse,
635 2302 772 2342 quamdiu
789 2311 878 2342 neq-ize
894 2303 920 2332 ei
934 2311 1018 2333 man·

153 2341 284 2378 στ’]ῑῑῑῑις,
310 2350 399 2381 neque
424 2342 457 2372 in
483 2342 551 2383 jure
568 2341 655 2382 ceffus
671 2363 682 2379 ,
705 2351 793 2383 neque
813 2344 849 2374 ab
866 2343 922 2384 ipſs>
943 2352 1019 2374 anno

149 2378 274 2421 pqffiffiaes
289 2381 339 2418 siit.
386 2382 467 2426 Quae
489 2383 586 2424 igitur
603 2384 669 2415 haec
694 2382 739 2415 est
755 2383 1021 2425 Jurispmdentia,

153 2432 223 2463 quc
246 2430 286 2452 cx
312 2422 495 2454 lN'lode'dino
525 2424 662 2456 refertur
686 2424 718 2456 in
750 2425 770 2456 ἰ.
796 2435 825 2467 3.
851 2425 891 2466 ff.
913 2427 947 2457 de
966 2425 1022 2457 Di-

153 2463 227 2504 ewy}
250 2469 365 2503 tempsi:
389 2465 572 2506 prayer-ips?
594 2466 726 2508 Longa»,
747 2466 872 2507 inquit,
888 2466 962 2508 poffe
984 2476 1021 2498 to-

154 2506 200 2535 nis
215 2504 462 2544 *pi-<ascriptionem
487 2511 547 2537 tam
573 2508 605 2538 in
622 2508 763 2547 proediis,
785 2518 870 2549 quam
890 2511 922 2540 in
939 2518 1021 2540 num·

154 2548 259 2586 cipiir,
283 2545 373 2576 lucian
389 2547 492 2577 hahere
511 2546 698 2588 manifestum
722 2548 770 2590 est.
825 2549 944 2582 Praedia
962 2549 1023 2581 uti-

154 2597 215 2628 que
240 2589 269 2618 ὅτ.
293 2587 448 2628 mancipia
472 2587 542 2619 sunt
564 2589 633 2620 duce
657 2591 824 2630 praecipuae
844 2590 961 2632 species
978 2600 1023 2622 re—

154 2638 223 2659 rum
240 2628 394 2669 mancipi,
415 2638 486 2660 nam
511 2628 549 2659 de
578 2630 702 2670 praediis
718 2630 838 2662 Italicis
859 2633 921 2663 hoc
940 2632 1021 2664 acci-

155 2669 301 2710 piendum
327 2668 388 2701 eise
414 2679 508 2701 nemo
528 2671 682 2711 ambigat;
707 2671 790 2712 quod
811 2681 883 2704 cum
901 2673 955 2712 fit,
978 2673 1023 2705 ni-

155 2711 199 2742 hil
233 2710 335 2742 minus
360 2709 558 2743 manifestum
588 2711 687 2744 videri
705 2721 853 2753 poterat,
875 2723 967 2754 quam
991 2715 1022 2746 in

157 2752 222 2790 niz,
248 2761 316 2792 qua:
332 2762 414 2783 anno
433 2753 483 2784 vcl
507 2752 633 2784 biennio
659 2751 940 2794 usucapiebantur,
967 2757 1023 2787 ob-

157 2793 257 2824 tinere
274 2792 542 2833 praescriptionem
561 2794 647 2835 longi
673 2795 824 2836 temporis
843 2795 874 2827 id
898 2804 937 2827 ue
953 2807 1024 2828 aevo

158 2833 329 2865 lxlodestini
352 2858 360 2873 ,
392 2835 455 2867 sive
479 2835 547 2874 jure
582 2835 812 2868 Pandeetarum.
908 2837 1025 2877 ujacius

162 2875 317 2906 Cufixizeiit.
342 2876 378 2907 ad
402 2877 486 2907 [ἠὺν.
513 2876 568 2908 Vi.
593 2876 830 2917 differentiarum
850 2877 1024 2920 Modestini‚

159 2925 198 2945 ex
217 2926 280 2957 quo
296 2915 340 2948 est
362 2918 388 2948 ii.
414 2918 435 2948 l.
458 2928 488 2959 3.
521 2927 588 2949 eam
613 2918 676 2951 fine
693 2919 907 2959 explicatione
927 2927 1022 2951 trans-

160 2955 260 2994 mitit,
283 2967 340 2988 nec
361 2968 547 3000 quemquam
577 2959 662 2998 vidi,
692 2961 746 3001 qui
766 2960 888 3001 qualem
903 2961 1026 3002 qualem

161 2995 262 3040 lucem
284 2998 438 3030 effuderit.
485 2999 554 3040 Ego
587 3008 690 3032 autem
717 3001 905 3033 verissimum
926 3010 1025 3043 puto,

160 3045 253 3080 ctiam
272 3039 348 3069 olim
367 3040 467 3081 longae
481 3040 673 3081 pofl'effionis
689 3041 958 3083 praescriptionem
976 3053 1027 3075 va-

165 3075 251 3120 lunle
264 3078 294 3108 in
312 3079 359 3111 his
381 3082 491 3120 rebus,
515 3091 582 3122 quae
598 3082 640 3113 ob
657 3082 814 3115 defectum
828 3084 904 3124 juris
922 3083 1027 3116 usuca-

175 3125 195 3160 χι
212 3125 277 3161 non
300 3127 446 3158 poterant
464 3145 473 3160 ‚
507 3130 570 3154 tam
587 3123 820 3164 immobilibus,
845 3133 937 3166 quam
957 3134 1023 3156 mo-

186 3155 287 3188 ilibus.
333 3159 365 3190 Si
385 3161 532 3203 usucapio
552 3164 755 3205 procederet,
778 3165 892 3198 frustra
904 3166 1025 3199 labora-

1061 380 1100 416 ff.
1128 382 1172 417 de
1198 384 1336 419 Divers.
1366 393 1515 431 tempor.
1539 383 1728 433 praescript.

1070 485 1161 517 batur
1187 485 1226 518 de
1249 485 1512 528 praescriptione,
1541 497 1577 521 ut
1606 488 1652 521 est
1678 490 1710 524 in
1739 491 1759 523 l.
1786 502 1815 524 2.
1840 494 1874 526 C.
1898 494 1936 526 In
1968 484 1973 493 ³

1088 528 1148 558 uili.
1169 528 1245 568 caus.
1269 527 1330 568 ceſjl
1343 528 1421 570 long.
1436 535 1522 570 temp.
1541 531 1639 572 praese.
1663 532 1849 573 &quamvis
1858 545 1935 576 prae-

1068 537 1256 608 scriptiones
1285 578 1325 600 ex
1351 568 1641 605 Constitutionibus
1664 572 1845 616 Principum
1866 576 1936 608 fue-

1068 609 1132 641 rint
1149 609 1300 650 profe'clae
1311 634 1321 649 ‚
1345 620 1356 640 t
1367 620 1440 642 uum
1456 619 1559 645 tamen
1574 613 1613 645 de
1627 614 1696 654 jure
1713 614 1936 650 Pandectarum

1069 650 1170 682 sermo
1185 649 1249 689 est,
1270 661 1325 682 eos
1369 651 1505 693 rincipes
1526 655 1750 696 intelligimus,
1774 658 1827 698 qui
1848 658 1939 699 JCtis

1069 692 1188 733 priores
1218 693 1270 723 vel
1294 692 1428 733 aequales
1458 693 1550 733 sunt,
1580 697 1661 727 unde
1678 697 1708 728 (Sc
1723 698 1837 730 Paulus
1857 700 1938 741 ejus-

1069 732 1153 765 modi
1178 731 1412 773 constitutionum
1434 736 1578 767 meminit
1603 736 1634 768 in
1669 738 1690 768 l.
1713 743 1763 778 76.
1788 740 1815 782 §.
1845 751 1870 774 1.
1892 741 1933 782 ff.

1069 775 1103 806 de
1127 774 1227 806 Contr.
1247 780 1333 815 empt.
1357 774 1392 808 &³
1412 777 1501 807 vend.
1525 777 1555 809 δι
1575 785 1681 818 aperte
1700 779 1882 814 Marcianus
1901 784 1936 815 in

1069 816 1089 847 l.
1114 825 1143 852 9.
1163 815 1204 856 ff.
1227 816 1260 846 de
1285 815 1406 856 Divers.
1428 822 1546 858 tempor.
1566 818 1726 860 praescript.
1770 821 1937 864 Rescriptis

1068 858 1237 898 quibusdam
1263 855 1342 888 Divi
1369 857 1484 900 Alagni
1510 858 1661 891 Antonini
1683 867 1824 901 cavetur,
1845 871 1879 895 ut
1901 866 1936 896 in.

1067 899 1150 929 rebus
1176 898 1326 930 mobilibus
1350 899 1426 930 locas
1445 898 1487 938 fit
1503 900 1717 942 praescriptioni
1736 904 1857 935 diutinae
1871 911 1934 946 pos-

1059 938 1197 981 sqffionis.
1245 939 1339 971 Varia
1364 948 1510 981 poterant
1540 942 1704 982 incidere,
1754 954 1801 976 uae
1830 945 1937 979 usuca-

1067 982 1195 1022 pionem
1211 979 1439 1020 prohibebant,
1464 983 1560 1014 etiam
1583 984 1615 1016 in
1635 984 1727 1017 rebus
1759 986 1882 1027 calicis,
1904 988 1937 1022 in

1067 1022 1181 1062 quibus
1210 1029 1312 1053 tamen
1336 1023 1461 1054 valebat
1486 1024 1684 1066 praescriptio
1700 1027 1805 1068 longae
1821 1028 1936 1069 poffes-

1067 1063 1171 1096 fionis.
1217 1063 1351 1103 Aliquot
1378 1064 1530 1105 ejusmodi
1559 1067 1704 1108 exempla
1720 1068 1888 1109 diligenter
1905 1071 1938 1102 δε

1067 1104 1189 1136 erudite
1220 1104 1372 1145 congeffit
1399 1106 1491 1145 janus
1512 1116 1529 1137 a
1551 1107 1647 1139 Costa
1667 1110 1706 1140 aci
1720 1116 1768 1150 pr.
1792 1109 1828 1145 &³
1872 1135 1880 1143 .
1905 1121 1936 1153 7.

1069 1144 1143 1185 Infi.
1168 1146 1201 1176 de
1229 1144 1355 1185 Usucap.
1382 1146 1412 1178 ἃ
1432 1146 1513 1178 haud
1527 1147 1622 1180 dubie
1641 1150 1737 1182 etiam
1754 1151 1843 1192 plura
1866 1161 1938 1192 unt;

1066 1185 1119 1217 fac
1139 1186 1222 1217 enim
1234 1185 1416 1217 dedititium
1431 1189 1590 1229 mancipio
1617 1191 1769 1232 accepiffe
1784 1215 1795 1231 ,
1828 1193 1911 1225 hunc
1926 1216 1941 1233 ,

1068 1227 1143 1268 quia
1159 1226 1240 1266 Juris
1257 1225 1371 1258 Civilis
1386 1227 1542 1269 particeps
1555 1239 1620 1262 non
1636 1230 1703 1269 est,
1748 1233 1868 1266 offeffio
1884 1244 1937 1267 an-

1067 1268 1100 1299 ni
1128 1267 1182 1298 vel
1203 1266 1321 1299 biennii
1351 1276 1415 1300 non
1444 1269 1609 1310 tuebitur,
1639 1270 1690 1304 sed
1712 1242 1776 1305 sgla
1795 1273 1936 1316 praescri-

1067 1308 1147 1350 ptio.
1192 1308 1298 1349 Atque
1328 1307 1373 1340 ita
1399 1309 1430 1342 dc
1454 1309 1486 1342 in
1507 1311 1578 1343 aliis
1592 1335 1604 1352 ,
1637 1313 1693 1354 qui
1716 1313 1799 1354 Juris
1821 1314 1938 1349 Civilis

1066 1350 1325 1382 communionem
1339 1359 1404 1382 non
1419 1350 1546 1385 habent.

1108 1391 1141 1423 Si
1160 1390 1275 1423 vitium
1293 1390 1331 1423 fit
1344 1391 1376 1424 in
1393 1391 1546 1433 persona,
1570 1403 1607 1426 ut
1624 1395 1658 1428 in
1674 1398 1823 1439 exemplo
1829 1399 1943 1441 ‚quod

1065 1431 1164 1465 modo
1179 1432 1415 1475 proponebam,
1438 1433 1469 1466 &
1485 1434 1518 1467 in
1532 1436 1598 1468 alio
1614 1437 1696 1478 apud
1713 1437 1824 1478 Janum
1838 1450 1857 1472 a
1872 1439 1940 1473 Co-

1067 1472 1112 1506 sta
1127 1473 1166 1505 ad
1188 1474 1216 1506 d.
1234 1481 1282 1515 pr.
1307 1483 1348 1506 ne
1367 1474 1494 1516 quidem
1514 1476 1710 1511 distinxerim
1735 1479 1819 1512 inter
1837 1481 1941 1520 mobi-

1067 1515 1110 1547 lia
1125 1515 1155 1547 &
1169 1515 1365 1556 immobilia,
1388 1525 1447 1548 nec
1465 1517 1530 1550 ulla
1558 1527 1634 1553 tunc
1658 1519 1868 1555 distinetionis
1890 1532 1938 1555 ra·

1066 1557 1135 1596 tio,
1159 1557 1231 1598 quia
1245 1557 1407 1600 utriusque
1420 1558 1467 1590 rei
1484 1559 1600 1593 vitium
1617 1562 1813 1603 purgandum
1829 1564 1876 1597 est
1889 1563 1940 1596 so-

1065 1597 1096 1630 la
1112 1598 1199 1641 longi
1215 1600 1366 1641 temporis
1384 1599 1633 1642 praescriptione.
1664 1603 1853 1647 Plerumque
1868 1605 1938 1648 qui-

1067 1639 1139 1672 dem
1158 1639 1274 1673 vitium
1289 1641 1382 1674 rebus
1397 1641 1477 1674 inest
1493 1666 1504 1682 ,
1536 1651 1573 1675 ut
1591 1645 1737 1686 exempla
1751 1655 1831 1679 cumr
1846 1647 1939 1689 plura

1067 1681 1149 1722 apud
1164 1680 1275 1722 Janum
1288 1692 1307 1714 a
1325 1681 1421 1715 Costa
1435 1684 1590 1725 probant,
1614 1686 1644 1719 ὅ(
1660 1686 1732 1719 inde
1746 1686 1836 1720 forte
1853 1689 1940 1722 dixit

1067 1722 1096 1765 §.
1120 1732 1149 1763 7.
1173 1721 1247 1765 Inst.
1280 1725 1314 1756 de
1352 1724 1480 1766 Usticap.
1505 1736 1600 1759 eorum
1614 1751 1625 1767 ,
1649 1729 1699 1770 qui
1718 1729 1832 1771 rei-stili
1847 1729 1939 1771 pqffe-

1067 1766 1186 1803 derint,
1213 1765 1436 1805 Principalihus
1465 1766 1724 1809 Constitutionibus
1758 1769 1938 1813 aspicitur,

1067 1816 1103 1838 ne
1128 1807 1176 1838 cui
1198 1806 1287 1849 longa
1312 1806 1348 1843 &²
1369 1809 1538 1841 indubitata
1543 1809 1667 1882 Ipoffi’ffio
1684 1820 1722 1842 au
1740 1814 1799 1844 em'
1819 1813 1935 1846 debeat.

1066 1847 1127 1880 Sed
1154 1847 1176 1880 fi
1201 1848 1317 1880 vitium
1342 1849 1487 1890 personas
1508 1851 1540 1892 ip
1555 1862 1587 1884 as
1608 1852 1744 1892 afficiat,
1764 1862 1814 1885 res
1831 1853 1934 1886 mobi-

1065 1888 1124 1927 lis,
1147 1888 1339 1928 immobilis,
1363 1900 1454 1933 aequo
1469 1892 1538 1932 J'ure
1551 1893 1690 1925 habenda
1704 1894 1770 1934 est,
1791 1895 1822 1927 <Sc
1839 1895 1934 1937 origo

1065 1930 1132 1970 ejus
1151 1930 1194 1961 rei
1210 1929 1298 1962 forte
1324 1931 1369 1963 est
1394 1934 1432 1964 ab
1448 1932 1614 1967 Antonino
1629 1957 1639 1973 ,
1663 1935 1751 1975 cujus
1767 1935 1934 1978 Rescripta

1064 1971 1229 2003 laudantur
1245 1974 1278 2004 in
1300 1973 1329 2005 d.
1351 1974 1371 2005 l.
1393 1984 1424 2011 9.
1449 1975 1563 2016 quibus
1580 1985 1694 2014 cavet,
1717 1984 1753 2008 ut
1781 1977 1811 2009 ἀ
1829 1977 1861 2010 in
1884 1986 1935 2010 re-

1064 2013 1123 2044 bus
1158 2013 1329 2046 mobilibus
1360 2015 1450 2047 locus
1473 2015 1511 2048 fit
1534 2015 1766 2059 praescriptioni
1800 2018 1938 2051 diutinae

1064 2053 1267 2096 poss'effionis.
1318 2055 1392 2087 Scio
1408 2080 1418 2096 ,
1457 2056 1572 2089 Libros
1599 2057 1775 2099 Vulgatos‚
1804 2060 1835 2093 ἀ
1857 2059 1932 2093 MS.

1067 2104 1190 2133 meum,
1216 2095 1277 2127 fine
1291 2094 1429 2137 Gloffis,
1452 2098 1484 2129 in
1507 2099 1534 2129 d.
1560 2098 1618 2136 l,9.
1644 2109 1702 2140 pro
1721 2102 1806 2132 rebus
1821 2101 1935 2132 mobili·

1066 2137 1116 2167 hus
1130 2136 1280 2174 eithibere
1294 2138 1461 2178 rebussbli,
1481 2138 1511 2171 δε
1535 2138 1602 2171 scio
1618 2140 1649 2172 id
1666 2140 1771 2182 passim
1786 2141 1904 2174 laudari
1920 2163 1938 2181 2

1066 2178 1160 2208 etiam
1176 2186 1192 2208 a
1213 2177 1344 2218 Cujacio
1365 2179 1471 2212 Parcit.
1492 2181 1523 2211 C.
1545 2182 1577 2212 in
1592 2183 1668 2222 quib.
1686 2182 1761 2223 0⁴12!st
1778 2182 1897 2224 ceffilon
1921 2207 1932 2215 .
1966 2189 1970 2193 ·

1066 2224 1151 2264 temp:
1168 2221 1327 2260 praescript.
1370 2220 1526 2254 osthabita
1554 2221 1685 2255 Codicis
1702 2222 1878 2257 Florentini

1063 2260 1266 2293 Basilicorum
1292 2262 1347 2293 aut
1364 2263 1480 2294 oritate
1495 2286 1504 2302 ,
1538 2262 1588 2295 sed
1620 2272 1656 2295 ut
1678 2264 1710 2297 in
1729 2265 1935 2298 Marcianum

1065 2309 1128 2332 tam
1147 2301 1286 2342 graviter
1302 2302 1522 2343 decernerem,
1533 2305 1671 2336 nondum
1689 2315 1706 2337 a
1720 2315 1770 2338 me
1784 2306 1934 2347 impetra-

1064 2352 1097 2373 re
1115 2342 1224 2383 potui,
1248 2344 1384 2375 maxime
1398 2355 1494 2387 quum
1513 2345 1543 2377 &
1560 2345 1759 2379 Modestinus
1776 2346 1809 2379 in
1828 2347 1856 2378 d.
1869 2347 1932 2389 Lg.

1063 2384 1167 2424 longa:
1190 2383 1381 2424 poffeffionis
1409 2386 1682 2428 praescriptionem
1707 2387 1745 2419 ad
1758 2389 1857 2419 manci
1879 2389 1931 2427 ia,

1066 2423 1251 2464 transferat,
1282 2427 1311 2458 ἃ
1337 2428 1525 2468 mancipium
1553 2428 1662 2468 utique
1682 2427 1718 2460 fit
1734 2438 1783 2460 res
1803 2438 1856 2460 mo
1880 2429 1933 2462 ilis

1065 2467 1119 2498 vel
1143 2465 1173 2498 se
1196 2476 1338 2500 movens.
1383 2468 1439 2499 Ait
1469 2467 1595 2509 quidem
1612 2467 1759 2509 CuJacius
1775 2471 1805 2502 d.
1823 2470 1875 2502 loc.
1899 2471 1931 2505 δε

1064 2507 1158 2548 Janus
1181 2517 1198 2538 a
1223 2507 1318 2540 Costa
1345 2509 1382 2540 ad
1405 2510 1434 2541 d.
1480 2534 1486 2540 .
1511 2517 1541 2549 7.
1556 2507 1638 2550 inst.
1670 2511 1704 2541 de
1732 2510 1857 2553 Usucap.
1882 2512 1932 2545 in-

1066 2549 1167 2590 telligi
1186 2548 1229 2580 ibi
1253 2551 1403 2590 mancipia
1424 2560 1458 2581 ru
1486 2551 1553 2588 ica,
1581 2559 1651 2591 quae
1669 2560 1727 2592 pro
1746 2561 1834 2594 parte
1850 2553 1932 2586 ruris

1066 2590 1238 2629 habentur,
1258 2591 1376 2631 praedio
1391 2591 1572 2629 cohaerent,
1596 2592 1625 2623 &
1641 2592 1849 2626 immobilium
1862 2594 1934 2634 jure

1066 2629 1251 2669 censentur,
1281 2630 1331 2663 sed
1355 2632 1436 2664 unde
1455 2631 1486 2663 id
1502 2631 1571 2663 sciri
1591 2633 1683 2673 poffit
1695 2657 1705 2673 ,
1729 2633 1801 2667 satis
1818 2645 1882 2668 non
1899 2645 1931 2668 a·

1046 2706 1049 2709 K
1065 2671 1283 2710 nimadvcrt03
1306 2672 1393 2704 forte
1410 2673 1495 2714 quod
1506 2674 1862 2720 paedia-praecesserint,
1880 2676 1936 2712 sed

1065 2713 1198 2750 rustica,
1222 2722 1260 2745 an
1281 2714 1416 2754 urbana,
1438 2714 1507 2755 quis
1527 2715 1672 2747 dixerit?
1694 2717 1745 2754 &‚
1766 2717 1788 2750 fi
1805 2718 1934 2759 rustica,

1067 2754 1137 2795 quis
1156 2761 1228 2785 tuto
1246 2763 1321 2786 mox
1338 2755 1375 2787 iis
1391 2755 1586 2796 adscripserit
1602 2758 1776 2804 mancipia,
1799 2768 1868 2800 quae
1878 2769 1935 2792 ne-

1066 2793 1196 2826 cessario
1216 2793 1386 2836 sequuntur
1411 2797 1479 2837 jure
1505 2795 1621 2829 fundi?
1646 2798 1730 2845 Quia
1747 2807 1852 2833 autem
1868 2802 1933 2843 pla-

1066 2836 1155 2874 cuit,
1175 2835 1214 2867 de
1236 2835 1311 2869 solis
1337 2837 1553 2870 immobilibus
1581 2839 1797 2872 Modestinum
1815 2841 1932 2875 intelli-

1065 2887 1160 2918 gere,
1183 2876 1308 2917 nescio,
1332 2888 1387 2910 cur
1404 2888 1466 2911 non
1486 2880 1657 2920 placuerit,
1679 2881 1711 2913 in
1731 2883 1759 2913 d.
1782 2881 1802 2914 l.
1819 2892 1849 2920 9.
1872 2892 1932 2926 pro

1065 2920 1148 2950 rebus
1166 2919 1315 2951 mobilibus
1332 2918 1501 2952 rescribere
1518 2922 1602 2952 rebus
1615 2925 1765 2964 mancipi,
1787 2923 1870 2956 vitio
1879 2934 1930 2958 na·
1980 2935 1982 2938 ·

1071 2968 1105 2991 to
1119 2968 1158 2991 ex
1175 2960 1260 2992 notis
1284 2961 1324 2993 R.
1347 2961 1397 2993 M.
1429 2972 1499 2993 nam
1529 2962 1576 2993 his
1592 2961 1733 2995 ludibriis
1753 2963 1834 3005 saepe
1847 2965 1931 2997 dele-

1068 3001 1210 3039 dantur,
1231 3002 1326 3034 etiam
1345 3002 1589 3035 dostihomines
1606 3013 1615 3041 ;
1646 3004 1677 3035 &
1694 3004 1736 3037 fic
1759 3005 1869 3038 liceret
1883 3007 1931 3038 in-

1069 3041 1211 3082 telligere
1237 3053 1286 3075 res
1314 3044 1468 3085 mancipi,
1500 3053 1569 3085 quae
1587 3044 1765 3078 immobiles
1780 3045 1850 3078 sunt
1864 3069 1876 3086 ,
1898 3048 1931 3080 ὄῡ

1068 3091 1143 3124 quas
1163 3082 1326 3123 significari
1345 3093 1456 3125 putant
1477 3085 1508 3117 in
1541 3086 1568 3116 d.
1593 3085 1614 3116 l.
1637 3095 1669 3126 3.·
1711 3086 1848 3125 Nescio,
1872 3097 1929 3120 cur

1067 3133 1130 3156 non
1148 3126 1242 3156 etiam
1261 3125 1340 3165 lint,
1359 3127 1411 3166 qui
1430 3125 1660 3158 Tribonianum
1688 3127 1930 3169 interpolantem

1067 3163 1212 3198 accusent
1240 3166 1270 3198 in
1303 3168 1330 3199 α’.
1363 3168 1384 3198 1.
1405 3177 1433 3206 9.
1467 3175 1561 3209 atque
1586 3166 1630 3206 fi,
1652 3165 1770 3202 sublata
1783 3177 1865 3204 nunc
1882 3178 1929 3201 re-

1856 3217 1927 3243 rum
