2008 3436
188 116 475 166 QUAEST.
525 116 751 165 JURIS
801 116 1158 160 PRIVATI,

32 207 121 239 1703.
147 196 176 228 δε
201 195 369 229 inferiores
391 197 525 229 Senatus
550 197 728 235 militares,
751 196 781 228 δι
803 196 891 237 supe-

28 249 112 276 rior,
134 239 163 269 ὅε
183 247 239 269 cur
256 239 299 270 illi
322 239 373 280 ipsi
398 238 575 270 Confiliarii
594 237 769 269 sexcenties
787 237 817 269 se
835 239 890 270 iin-

25 278 227 317 miscuerint,
251 281 279 311 ἃ
301 281 402 312 adbuc
420 279 614 312 immisceant
631 278 726 311 causis
744 280 892 312 civilibus

25 321 237 361 cujuscunque
260 320 326 353 fere
353 321 478 353 indolis.
530 321 578 353 An
603 330 668 353 non
698 321 891 353 animadver-

27 371 115 398 tunt,
139 362 263 402 Juijccs
291 363 461 400 militares,
485 363 514 395 se
540 361 726 401 inferiores,
751 362 792 394 fic
816 363 892 402 juffa

24 403 76 436 sua
100 404 244 445 spernere
259 404 276 436 ἱ)
316 404 359 436 Et
385 404 458 445 quid
481 407 513 436 in
537 404 607 436 aliis
636 404 863 445 reprehendant
881 427 892 443 ,

643 502 1004 540 CAPUT

1211 118 1296 152 Llss.
1317 120 1339 153 l.
1371 120 1628 159 C.X1V.XV.
1735 132 1807 170 333

935 195 1020 238 quod
1046 195 1099 238 ipsi
1119 194 1292 228 faftitant?
1317 195 1473 238 Exspecto
1499 201 1592 241 igitur
1607 202 1680 234 alias
1697 203 1802 235 auf-toa

935 240 1064 276 mutes,
1090 247 1183 278 quam
1207 238 1308 269 adbuc
1327 240 1413 277 vidi,
1436 250 1487 272 aut
1503 242 1625 282 judit-cs
1643 245 1803 283 militares,

935 278 1104 311 inferiores
1129 280 1159 310 dc
1191 278 1366 320 superiores
1396 283 1549 320 pomoeriu
1580 285 1804 323 jurisdictionis

936 319 996 352 sua:
1016 320 1110 366 longe
1127 320 1220 353 latius
1237 323 1433 361 extendunt,
1460 332 1552 363 quam
1572 334 1626 364 pur
1644 326 1689 357 cil
1714 329 1743 358 ὁ.
1762 327 1802 357 lc-

935 372 988 404 gcs
1005 370 1206 403 permittunt.

1103 500 1198 539 XV.

73 591 277 638 [Magnarum
306 590 441 626 Urbium
469 592 503 626 in
529 589 702 629 Hellandia
729 592 850 636 Cives,
878 603 1042 638 eorumque
1068 592 1170 635 hona,
1198 594 1298 629 etiam
1325 596 1358 629 in
1383 605 1460 640 agro
1485 593 1640 641 arrestari
1661 592 1754 640 prgffi.

133 729 209 761 resta
228 730 282 761 usu
299 730 398 770 palam
415 738 541 772 recepta
557 730 640 763 sunt.
685 730 770 777 Quia
785 740 890 764 autem

135 781 174 803 ex
194 771 326 803 Arrcstis
341 770 445 803 forum
463 771 627 811 sortimur,
647 774 779 805 omnino
795 774 889 805 inter-

20 814 68 847 est
95 813 173 847 scire
192 837 201 852 ,
231 823 268 845 an
292 822 402 844 verum
428 813 486 851 iit,
507 813 591 854 quod
616 814 715 856 vulgo
735 815 888 855 jactatur,

20 865 202 898 magnarum
223 855 354 887 Urbium
379 855 410 886 in
427 854 599 887 Hollandia
625 854 741 896 Cives,
765 865 888 888 eorum-

20 906 82 940 que
101 898 180 928 bona
193 921 202 935 ,
227 897 258 928 in
275 906 350 938 agro
366 895 504 927 arrestari
521 906 584 928 non
602 896 698 937 poss'e.
731 896 888 929 Ari-estun-

19 941 51 971 di
78 939 214 971 facultas
238 948 276 970 ex
304 937 426 969 ratione
455 937 654 978 subjectionis
674 939 807 979 petenda
824 938 888 978 est,

22 981 177 1021 ideoque,
199 981 272 1020 quia
297 980 472 1021 ubicunque
501 982 568 1020 quis
587 979 767 1020 invenitur,
793 980 835 1012 ibi
860 981 891 1012 &

22 1021 177 1062 subjectus
203 1021 391 1062 inteiligitur
411 1044 421 1060 ,
453 1021 568 1052 ibidem
596 1030 724 1094 quoque
749 1020 890 1053 arrestari

20 1064 208 1095 auctoritate
231 1063 356 1104 publica
371 1061 495 1103 potest,
517 1062 572 1093 nisi
616 1062 733 1103 peciale
762 1062 889 1103 privile-

22 1115 110 1146 glum
141 1103 262 1135 habeat.
309 1103 364 1135 Est
395 1110 496 1134 tamen
516 1102 814 1144 Hollandus·(1),
836 1103 891 1144 qui

23 1147 81 1179 soli
108 1145 213 1177 Curice
236 1145 286 1185 jus
303 1143 466 1176 ari-estandi
493 1143 626 1182 tribuit,
648 1153 711 1176 non
728 1144 866 1177 Urbibus
880 1167 891 1183 ,

17 1187 78 1225 nili
106 1195 147 1218 ex
174 1186 344 1228 privilegio
372 1185 576 1226 Principum,
599 1185 690 1226 Pagis
713 1195 791 1219 vero
814 1196 891 1218 nun-

20 1238 117 1271 quam
139 1252 149 1265 ,
181 1227 254 1268 quia
287 1227 490 1268 privilegium
523 1236 588 1259 non
626 1227 752 1260 habent.
807 1227 890 1274 Quae

22 1280 77 1303 aut
101 1280 165 1302 non
189 1269 336 1310 intelligo
356 1292 366 1307 ,
399 1276 452 1300 aut
478 1269 582 1300 valide
607 1268 701 1301 stulta
723 1268 812 1308 sunt,
840 1269 890 1301 sed

21 1313 117 1345 latius
136 1312 204 1343 haec
227 1310 365 1342 refutavi
377 1310 468 1342 Libro
486 1310 643 1352 Singulari
657 1311 690 1342 de
707 1309 779 1342 Foro
790 1311 889 1353 Legu-

21 1362 76 1386 tor.
91 1354 124 1385 C.
135 1363 165 1385 2.
181 1352 333 1396 Quisquis
348 1351 558 1392 jurisdictiom
577 1351 890 1393 praecst‚rectea1·1·e-

22 1396 82 1429 ssat
99 1393 403 1436 quemcunque‚nisi
420 1402 481 1434 qua
491 1394 540 1425 lex
559 1393 608 1424 vel
617 1393 890 1434 paffioimpediat.

67 1436 265 1469 Arrestorum
293 1445 372 1466 vcro
401 1433 554 1467 molestiis
574 1435 729 1467 variarum
755 1435 890 1468 Urbium

22 1477 198 1522 privilegiis
213 1476 379 1509 occursum
393 1475 457 1515 est,
484 1476 513 1508 &
531 1476 598 1508 haec
617 1477 748 1508 omnino
768 1476 890 1509 servan-

21 1521 62 1553 da
77 1519 168 1558 sunt,
191 1518 243 1550 sed
265 1528 338 1550 cum
360 1517 446 1550 nulla
469 1517 528 1549 fint
548 1517 731 1560 privilegia,
753 1520 806 1551 *rel
827 1528 891 1552 non

64 1562 200 1594 rtineant
215 1560 252 1592 ad
267 1569 374 1601 agrum
384 1581 395 1598 ,
417 1559 505 1599 cujus
521 1559 580 1591 Ma
605 1558 726 1592 istratus
741 1561 891 1594 arrestum

17 1604 154 1646 -argitus
179 1601 224 1634 est
240 1624 252 1641 ‚
283 1610 363 1642 puto
387 1600 525 1633 fabulam
547 1611 565 1632 e
592 1610 609 1632 e
628 1625 638 1640 ‚
674 1611 766 1642 quam
791 1603 890 1645 vulgo

23 1652 168 1683 narrant,
189 1652 367 1685 magnarum
390 1642 524 1674 Urbium
544 1643 576 1675 in
592 1642 764 1676 Hollandia
780 1644 887 1684 Cives,

23 1695 197 1727 eorumque
217 1685 301 1716 bona
321 1708 329 1718 .
364 1684 395 1716 in
431 1693 506 1725 agro
531 1685 671 1716 ari-ellari
698 1695 762 1717 non
789 1685 886 1727 poss'e.

22 1728 130 1770 Vulgo
156 1727 265 1768 utique
290 1725 414 1757 arrestis
443 1726 578 1766 utimur,
604 1726 634 1759 &
658 1736 753 1759 nemo
779 1728 817 1759 ab
842 1728 890 1759 his

21 1770 191 1808 immunis,
210 1767 267 1800 nisi
295 1768 348 1809 qui
368 1768 600 1799 immunitatem
624 1769 748 1809 probet.
793 1768 890 1816 Quae-

17 1821 59 1845 so
85 1812 203 1853 igitur,
224 1819 284 1851 qua
307 1809 495 1841 auum-itate
520 1808 551 1841 se
570 1809 741 1842 defendant
766 1819 890 1852 magna-

22 1863 93 1886 rum
111 1852 244 1885 Urbium
261 1850 385 1883 Cives?
409 1851 581 1883 Audiamus
599 1861 708 1884 eorum
725 1851 891 1884 Patronos.

23 1894 98 1934 Est,
120 1894 173 1936 qui
190 1893 220 1925 id
236 1892 334 1924 efficit
348 1901 386 1924 ex
403 1892 518 1924 Edicto
535 1893 690 1925 Ordinum
707 1893 890 1926 Hollandiae

28 1946 76 1978 17.
109 1935 175 1976 Jan.
209 1938 298 1975 1647.
331 1933 418 1975 (2).
448 1934 509 1965 Sed
533 1934 564 1965 id
594 1935 741 1966 Edictum
763 1959 772 1975 ,
807 1935 890 1977 post-

23 1987 117 2019 quam
142 1976 290 2008 mulftam
315 1975 471 2007 indixisset
495 1975 553 2013 iis,
578 1977 633 2017 qui
654 1976 686 2008 in
711 1986 786 2018 agro
812 1977 890 2010 ceri-

23 2019 146 2052 monias
165 2017 350 2049 Pontificius
367 2018 495 2055 colunt,
510 2016 589 2049 nihil
609 2018 694 2049 aliud
710 2020 773 2058 ait,
796 2028 890 2060 quam

21 2061 240 2101 delinquentes
256 2083 265 2097 ,
296 2058 399 2090 donec
426 2058 538 2090 mulera
563 2058 726 2100 solvatur,
750 2061 782 2092 in
810 2061 891 2101 agi-is

23 2101 140 2135 arresto
156 2098 290 2132 detineri
306 2099 391 2141 poffe
402 2122 414 2138 ,
437 2098 530 2132 salvis
546 2100 720 2142 privilegiis
736 2101 890 2140 Urbium,

47 2153 153 2175 uarum
180 2143 266 2174 cives
293 2142 324 2173 in
351 2151 426 2182 agro
456 2140 603 2174 arrestare
629 2151 694 2174 non
722 2143 798 2174 licet
817 2165 828 2182 ,
861 2143 890 2175 δε

23 2153 97 2217 sunt
120 2183 272 2224 ejusmodi
306 2183 506 2224 quarumdam
535 2183 668 2216 Urbium
702 2185 889 2226 privilegia,

25 2225 77 2258 sed
97 2235 166 2267 quae
184 2234 257 2256 cum
285 2225 423 2256 maxime
450 2225 611 2265 pertinent
635 2225 672 2257 ad
688 2234 792 2258 certas
817 2235 889 2257 cau-

25 2267 89 2306 sas,
111 2267 162 2298 vel
177 2267 212 2296 ad
229 2274 315 2297 certa
333 2266 421 2303 loca,
439 2267 562 2298 nullum
577 2276 656 2298 vero
673 2268 816 2309 generale
833 2265 890 2307 est,

25 2309 197 2349 majoribus
220 2299 358 2338 Urbibus
380 2306 556 2339 indistinfte
573 2308 701 2348 datum,
723 2317 766 2341 ne
781 2318 892 2341 eorum

25 2351 113 2382 cives
129 2349 218 2380 ullibi
237 2350 268 2379 in
286 2358 361 2390 agro
375 2347 523 2380 arrestare
543 2349 662 2382 liceret.

70 2390 188 2424 Nullus
204 2398 305 2421 autezn
325 2390 459 2427 dubito,
482 2391 557 2432 quin
576 2391 651 2423 huic
665 2390 783 2425 fabulae
800 2392 894 2435 origi-

27 2443 98 2466 nem
117 2432 287 2474 praebuerit
307 2430 500 2472 Responsum
521 2432 675 2473 quoddam
690 2434 787 2476 juris,
810 2433 897 2475 quod

27 2475 163 2518 quinque
180 2473 337 2505 Advocati
358 2472 501 2513 Hagani,
527 2483 562 2505 ea
586 2474 625 2505 de
649 2484 682 2506 re
711 2474 897 2507 sententiam

25 2518 148 2558 rogati,
165 2515 316 2547 dederunt
344 2515 483 2556 23.Ap1·.
504 2519 593 2557 1638.
617 2516 676 2558 (3)
699 2517 834 2550 rotunde
851 2516 898 2549 illi

26 2559 136 2599 ajunt,
176 2565 358 2598 magnarum
389 2557 420 2588 in
445 2555 617 2590 Hollandia
650 2558 780 2590 Urbium
811 2559 900 2590 cives

26 2608 180 2632 eorumve
206 2599 310 2637 bona,
334 2598 364 2629 in
392 2607 467 2639 agro
495 2607 557 2631 non
580 2598 664 2630 recte
687 2599 842 2637 arrestari,
869 2602 899 2633 ὕῑ

29 2650 68 2674 ex
87 2650 126 2672 eo
149 2639 309 2681 Responso
331 2640 414 2671 idem
437 2639 550 2671 deinde
573 2640 625 2671 alii
642 2663 652 2679 ,
685 2648 828 2681 tanquam
853 2641 899 2681 jus

29 2691 150 2716 certum
174 2681 326 2713 tradidere
347 2680 431 2722 (4).
464 2681 516 2713 Sic
532 2691 606 2723 grus
645 2691 730 2717 ruem
749 2681 897 2722 sequitur.

22 2724 91 2759 ,Sed
108 2723 179 2763 quin
197 2721 377 2757 nostrorum
389 2722 545 2762 thorum
564 2723 611 2755 Re
629 2722 723 2763 ponsa
739 2725 824 2756 nulla
848 2733 898 2755 au-

29 2765 176 2807 steritate
190 2763 266 2803 juris
284 2763 469 2801 censentur,
493 2764 662 2796 videndum
677 2765 790 2806 quibus
807 2765 901 2796 ratio-

30 2807 122 2838 nibus
152 2806 232 2836 hanc
255 2803 442 2836 sententiam
459 2804 641 2838 defendant.
686 2805 741 2837 Ait
763 2806 899 2847 Respon-

27 2847 97 2886 sum
115 2847 191 2888 juris
209 2869 218 2884 ,
251 2855 293 2877 ex
316 2845 344 2886 §.
364 2855 395 2883 9.
417 2845 489 2880 LL.
512 2856 586 2888 quas
609 2847 714 2881 Maria
732 2847 899 2888 Bur-gunda

30 2887 201 2931 Islollandis
222 2887 253 2920 ἃ
276 2886 421 2923 Zelaudis
448 2887 536 2921 dedit
557 2897 607 2929 14.
630 2889 728 2924 Mart.
753 2898 844 2929 1474.
870 2889 900 2923 ἀ

24 687 358 790 Quemadmodum
375 687 474 727 alibi,
496 687 538 720 fic
552 689 627 721 &in
645 688 816 722 Hollandia
836 691 892 722 Ar-

74 3022 135 3058 (ῐ)
154 3020 292 3051 Neostad.
314 3019 401 3057 Deris.
421 3019 498 3058 Supr.
519 3020 581 3051 Cur.
599 3025 644 3058 83.

73 3063 135 3098 (2)
159 3062 221 3089 Van
248 3061 320 3089 e‘urk
347 3059 407 3087 Cod.
432 3059 530 3088 Batav.
551 3061 585 3089 V.
599 3058 703 3098 Arrest.
724 3061 748 3098 §-
767 3069 792 3097 ς.
814 3061 903 3099 ipsum

35 3099 162 3133 Etliehum
178 3098 264 3128 exstat
281 3099 355 3126 Pa'ac.
373 3099 394 3126 l.
421 3106 444 3126 x.
467 3107 496 3132 4.
521 3107 544 3126 1.
565 3108 594 3134 4.

934 698 975 721 cx
992 687 1020 730 §.
1043 699 1115 722 220.
1131 689 1236 722 Form.
1257 689 1361 723 Curiae
1380 690 1559 724 Hollnndiae
1574 700 1730 732 quemque
1747 690 1808 722 esse

934 731 1113 763 vocandum
1131 732 1168 763 ad
1189 731 1275 764 suum
1291 732 1431 773 judicem
1448 734 1640 765 ordinarium
1652 756 1661 771 ,
1685 735 1714 765 ὅ(
1736 734 1808 764 inde

934 771 1095 812 efficiunt,
1121 782 1185 805 non
1210 774 1292 805 rcc‘te
1316 775 1347 806 in
1370 784 1446 816 agro
1465 775 1623 815 arrestari,
1647 775 1699 816 qui
1719 775 1808 806 cives

934 813 1067 846 Urbium
1088 813 1178 854 sunt,
1202 814 1314 846 habere
1333 817 1417 848 cuim
1438 817 1607 855 Scabinos,
1632 817 1682 858 qui
1699 817 1738 847 de
1756 825 1807 846 co-

933 865 1002 887 rum
1021 855 1117 888 caufis
1138 856 1288 896 judicant.
1327 856 1451 889 Deinde
1465 858 1527 897 ait,
1552 858 1663 891 arrcsta
1678 866 1808 889 catenus

935 903 1058 929 tantum
1083 898 1208 938 valere,
1243 906 1395 939 quatenus
1413 899 1532 939 judicio
1561 898 1809 931 contradictorio

933 947 1059 979 recepta
1085 937 1173 978 sunt,
1196 939 1310 971 arresta
1330 940 1449 972 civium
1472 950 1650 982 magnarum
1673 941 1807 972 Urbium

934 979 966 1011 in
987 989 1062 1020 agro
1083 979 1204 1019 judicio
1222 981 1469 1013 conti-adierorio
1494 992 1649 1024 nunquam
1675 982 1737 1013 ess'c
1759 991 1807 1013 rea

933 1028 1046 1061 cepta,
1068 1031 1127 1062 pro
1151 1022 1219 1062 jure
1246 1022 1341 1063 igitur
1353 1023 1403 1054 vel
1429 1022 1657 1056 consuetudine
1673 1024 1735 1056 esse
1758 1023 1809 1055 ha-

933 1061 1086 1099 bendum,
1112 1072 1151 1093 nc
1168 1063 1321 1103 ejusmodi
1339 1064 1462 1095 ari-eliis
1481 1074 1614 1097 uramur.

977 1101 1037 1134 Sed
1064 1102 1134 1134 fere
1158 1104 1318 1144 indignum
1344 1104 1389 1136 cst
1415 1105 1444 1136 id
1470 1105 1664 1146 Consilium,
1696 1115 1808 1138 contra

933 1144 1018 1184 quod
1035 1143 1186 1185 disputes.
1233 1145 1266 1177 Si
1289 1145 1391 1177 valeat
1409 1156 1443 1177 ea
1465 1147 1565 1186 ratio,
1592 1157 1745 1189 quemque
1761 1158 1807 1180 esa

932 1185 964 1218 se
979 1185 1157 1218 vocandum
1183 1186 1221 1218 ad
1236 1186 1378 1227 judicem
1407 1187 1494 1219 suum
1517 1189 1729 1227 ordinarium,
1754 1199 1807 1221 nc-

933 1235 987 1258 mo
1006 1236 1070 1259 non
1089 1234 1211 1260 tantum
1228 1237 1267 1260 ex
1293 1228 1482 1269 majoribus,
1509 1230 1559 1262 sed
1586 1230 1616 1262 ὃ(
1634 1231 1809 1263 minoribus

933 1267 1074 1300 Urbibus
1092 1292 1101 1305 ,
1131 1270 1208 1309 quin
1235 1279 1294 1301 nec
1320 1279 1360 1302 ex
1382 1270 1472 1312 Pagis
1494 1272 1566 1304 alibi
1590 1271 1727 1304 arrestari
1754 1273 1807 1304 vel

934 1310 1102 1342 conveniri
1118 1310 1240 1351 poss'et,
1263 1311 1318 1343 nisi
1338 1312 1551 1354 cogitaverint
1567 1313 1612 1345 illi
1635 1313 1805 1346 Consulto*

933 1360 983 1384 res
1002 1373 1013 1389 ,
1043 1352 1154 1383 nullibi
1185 1353 1360 1386 ordinarios
1381 1353 1443 1386 ess‘e
1468 1354 1592 1395 judices
1609 1376 1620 1393 ,
1651 1365 1740 1397 quam
1773 1356 1805 1387 iu

933 1393 1053 1434 magnis
1080 1393 1238 1433 Urbibus,
1261 1394 1283 1427 fi
1307 1395 1391 1427 enim
1419 1395 1448 1427 lii
1476 1397 1506 1428 ὃς
1523 1395 1599 1427 alibi
1621 1396 1699 1436 sint,
1723 1397 1806 1428 unde

933 1443 1113 1476 magnarum
1137 1435 1269 1468 Urbium
1293 1436 1380 1468 cives
1406 1437 1436 1468 id
1452 1438 1642 1479 praecipuum
1663 1438 1805 1470 liabent?

933 1475 1018 1508 Nam
1045 1477 1155 1518 utique
1180 1478 1371 1518 generaliter
1393 1479 1565 1519 loquuntur
1592 1480 1621 1511 cl.
1644 1479 1691 1553 ἧς,
1716 1490 1745 1517 9.
1771 1480 1808 1515 ἐξ

935 1527 1008 1550 220.
1032 1527 1072 1550 ne
1095 1518 1163 1559 quis
1190 1528 1283 1560 quem
1310 1520 1343 1552 in
1369 1519 1541 1552 Hollaudia
1560 1544 1569 1560 ‚
1603 1521 1648 1553 Ze
1663 1521 1752 1553 antlia
1776 1524 1809 1554 &

934 1559 959 1591 F
962 1559 1029 1591 rifia
1052 1559 1088 1591 ad
1113 1560 1227 1598 alium,
1250 1570 1342 1602 quam
1368 1562 1560 1594 ordinarium
1583 1561 1725 1603 Judicem
1752 1573 1808 1595 vo⁴

934 1610 1006 1632 care
1033 1601 1123 1633 velit.
1170 1601 1289 1634 Vetant
1316 1603 1345 1635 d.
1377 1602 1424 1645 §§.
1451 1613 1543 1645 quem
1569 1605 1719 1645 evocari,
1741 1613 1806 1637 non

933 1642 1005 1681 ibi,
1036 1643 1090 1674 ubi
1114 1642 1160 1674 est
1175 1666 1185 1683 ‚
1221 1644 1355 1676 detineri
1379 1646 1594 1678 convenirive.
1641 1645 1693 1678 De
1716 1646 1808 1679 causa

933 1683 1040 1716 arresti
1057 1683 1136 1716 nihil
1152 1685 1318 1727 quicquam
1333 1685 1486 1719 sancitum
1503 1686 1567 1727 est,
1592 1687 1623 1718 id
1639 1689 1668 1719 d.
1680 1687 1729 1729 §§.
1747 1697 1807 1720 nec

934 1725 1053 1758 sancire
1080 1726 1289 1759 constitutum
1316 1737 1394 1760 erat.
1439 1728 1519 1761 Rem
1543 1728 1639 1770 ipsam
1662 1729 1810 1774 expreffit

934 1767 962 1809 §.
986 1777 1035 1808 15.
1056 1767 1250 1800 Consuetud.
1272 1768 1427 1802 Amsterd.
1449 1779 1540 1812 1570.
1567 1771 1632 1802 Dat
1656 1781 1722 1802 men
1745 1773 1806 1802 πίε·

933 1811 1023 1841 mand
1045 1820 1107 1841 van
1131 1811 1165 1841 de
1190 1811 1359 1852 ondersaten
1387 1822 1449 1843 van
1474 1812 1611 1844 Hollarzd
1639 1817 1683 1843 ter
1704 1811 1813 1854 ecrster

934 1848 1075 1893 instantie
1095 1862 1164 1895 mag
1192 1862 1328 1884 evoceren
1348 1855 1448 1884 buiten
1472 1855 1529 1885 den
1554 1854 1657 1885 zelven
1680 1854 1806 1895 Laude,

933 1903 969 1924 en
992 1894 1044 1924 dat
1062 1903 1127 1924 men
1152 1894 1197 1926 elk
1217 1900 1291 1926 φησει
1313 1894 1494 1936 aanspreken
1516 1905 1585 1927 voor
1601 1906 1695 1937 zynen
1715 1898 1803 1939 elage-

934 1934 1032 1976 lyksen
1059 1934 1176 1978 Regter
1191 1959 1201 1976 ,
1237 1937 1443 1979 uytgejbndert
1471 1938 1504 1968 in
1528 1947 1577 1969 cas
1604 1947 1665 1969 van
1688 1936 1805 1979 Arrest.

933 1976 1030 2008 Vides
1045 1978 1202 2019 regulam,
1226 1977 1256 2009 ἀ
1273 1978 1362 2010 simul
1380 1978 1466 2010 vides
1481 1979 1714 2020 exceptionem.
1755 1980 1807 2012 De

933 2018 1041 2059 regula
1068 2019 1242 2060 accipiendi
1272 2019 1318 2051 illi
1347 2018 1396 2061 ἕξ.
1422 2030 1452 2058 9.
1476 2020 1511 2055 &³
1535 2030 1607 2052 220.
1650 2020 1710 2052 Sed
1734 2022 1811 2062 quia

933 2058 1081 2091 arrestum
1109 2060 1219 2092 tribuit
1240 2060 1346 2092 forum
1375 2063 1406 2093 in
1432 2062 1531 2102 patria
1555 2061 1660 2094 ari-esti
1680 2085 1689 2100 ‚
1723 2063 1809 2094 refie

933 2101 1057 2133 additur
1077 2103 1230 2142 exceptio
1248 2103 1278 2134 in
1296 2103 1323 2134 d.
1346 2102 1374 2144 ἓ.
1399 2111 1446 2142 15.
1493 2102 1589 2147 Quod
1606 2113 1702 2144 porro
1721 2105 1808 2144 ajunt

932 2142 1140 2176 Consultores
1169 2143 1208 2175 de
1229 2144 1349 2184 judicio
1372 2145 1623 2176 contradictorio
1638 2168 1650 2183 ,
1688 2145 1743 2178 vix
1767 2146 1809 2177 se-

933 2185 1011 2216 riam
1037 2184 1267 2225 responsionem
1297 2195 1445 2217 meretur.
1492 2186 1556 2218 Ubi
1572 2186 1733 2227 quaefitum
1752 2197 1807 2218 un-

933 2235 1045 2265 quam,
1069 2235 1106 2257 an
1126 2236 1307 2267 magnarum
1322 2227 1456 2260 Urbium
1476 2228 1561 2259 cives
1582 2228 1613 2259 in
1633 2237 1708 2269 agro
1731 2237 1811 2260 arre-

934 2267 1005 2299 stari
1024 2267 1162 2309 poliint?
1180 2269 1223 2300 Et
1242 2269 1312 2308 ubi,
1339 2268 1402 2302 sine
1419 2269 1606 2311 privilegio,
1625 2269 1811 2309 judicatum,

933 2319 998 2341 non
1025 2308 1113 2352 poffe
1130 2309 1147 2341 ἰ)
1180 2310 1212 2342 Si
1238 2319 1340 2342 rerum
1364 2318 1521 2352 perpetuo
1547 2310 1753 2351 judicatarum
1778 2311 1811 2343 in

936 2351 1016 2382 lianc
1034 2360 1099 2382 rem
1114 2350 1251 2383 exstaret
1267 2352 1457 2390 aquritas,
1479 2353 1555 2384 licet
1578 2361 1626 2384 res
1647 2362 1686 2384 ex
1705 2351 1811 2384 subula

938 2392 1040 2425 trahat
1067 2393 1240 2434 originem,
1266 2402 1301 2424 ea
1316 2393 1404 2426 forte
1421 2394 1452 2425 in
1475 2394 1667 2425 contrarium
1687 2404 1736 2426 me
1752 2404 1808 2425 vo-

938 2442 1048 2471 caret,
1071 2433 1123 2465 sed
1140 2444 1212 2466 cum
1232 2444 1295 2466 non
1316 2435 1434 2472 exstat,
1458 2444 1498 2466 ne
1513 2435 1666 2476 patiamur
1684 2445 1741 2467 nos
1763 2445 1808 2466 ra-

943 2475 1101 2514 tionibus,
1126 2476 1204 2507 adeo
1218 2475 1367 2514 frivolis,
1392 2475 1604 2507 transvorsum
1625 2477 1687 2516 agi,

984 2516 1135 2548 Ceterum
1161 2525 1417 2558 quarumcunque
1440 2516 1572 2549 Urbium
1597 2518 1706 2556 cives,
1742 2527 1813 2559 quae

943 2556 1076 2598 speciale
1092 2558 1295 2599 privilegium
1312 2567 1375 2590 non
1391 2557 1524 2598 liabent,
1551 2559 1580 2591 ἃ
1599 2559 1628 2590 in
1644 2569 1740 2600 agro,
1759 2560 1810 2590 ubi

943 2599 1165 2637 inveniuntur,
1189 2599 1322 2631 detineri
1340 2600 1370 2631 ἃ
1388 2600 1418 2631 in
1435 2600 1484 2640 ius
1500 2601 1608 2632 vocari
1627 2600 1732 2641 poss‘e,
1758 2600 1811 2631 vel

941 2649 982 2671 ex
1003 2640 1073 2681 ipsis
1091 2640 1283 2679 quarundam
1311 2641 1445 2673 Urbium
1467 2642 1639 2683 privilegiis
1666 2641 1738 2675 satis
1763 2651 1814 2681 ap-

941 2689 1041 2723 paret.
1087 2680 1148 2713 Cui
1172 2681 1258 2714 bono
1287 2682 1469 2724 privilegia,
1494 2682 1515 2715 si
1544 2683 1574 2714 id
1592 2684 1621 2715 in
1640 2682 1812 2717 Houanuia

941 2724 988 2764 ius
1004 2732 1172 2755 commune
1188 2723 1253 2756 sit?
1276 2723 1319 2755 Et
1337 2725 1412 2765 quid
1432 2724 1451 2756 fi
1470 2733 1510 2756 ne
1527 2724 1590 2765 ipsa
1607 2725 1730 2765 quidem
1749 2724 1810 2764 pri-

941 2764 1077 2805 vilegia,
1101 2765 1211 2805 utique
1236 2765 1402 2806 pleraque,
1438 2773 1559 2797 tantum
1586 2775 1650 2797 non
1677 2766 1811 2796 tribuum

937 2806 1089 2844 civibus,
1113 2814 1264 2847 quantum
1293 2807 1435 2838 tribuunt
1459 2806 1607 2838 Auuorcs
1629 2806 1696 2845 ejus
1721 2806 1813 2846 juris-

942 2848 1118 2888 prudentiae
1133 2848 1150 2879 ἱ)
1181 2848 1282 2889 Jgitur
1304 2848 1460 2879 beatiores
1486 2855 1577 2878 erunt
1597 2846 1719 2885 Urbes,
1745 2857 1813 2888 quae

943 2889 1146 2931 privilegium
1159 2899 1222 2921 nou
1241 2888 1375 2928 habent,
1390 2898 1481 2930 quam
1497 2898 1566 2930 quae
1584 2887 1722 2920 habent?
1737 2889 1810 2928 Sed,

1711 2939 1810 2972 prius-

939 3023 972 3053 -ᾱ
994 3024 1023 3052 in
1043 3023 1108 3052 Nor.
1130 3022 1165 3052 ad
1183 3022 1316 3051 Peckium
1337 3021 1367 3050 de
1386 3018 1488 3057 Arrest.
1510 3020 1586 3049 Part.
1604 3019 1654 3049 IV.
1674 3029 1701 3048 n.
1719 3028 1763 3050 21.
1785 3029 1813 3059 p.

949 3066 1013 3098 136.
1036 3061 1072 3097 δ’
1092 3062 1169 3090 Part.
1187 3062 1266 3089 Vlll.
1288 3070 1315 3088 n.
1332 3069 1355 3088 1.
1379 3069 1406 3096 p.
1424 3067 1488 3093 215.
1518 3059 1543 3087 ἃ
1568 3059 1705 3095 Inleiding
1727 3067 1763 3088 zor
1784 3058 1815 3088 cte

947 3100 1094 3136 Costuimen
1113 3109 1166 3128 van
1182 3098 1305 3135 Ryn-land
1323 3108 1350 3127 n.
1370 3105 1416 3132 23.
1436 3097 1474 3135 vs.
1498 3096 1553 3126 Ten
1572 3098 1701 3129 anderen,
1724 3097 1760 3136 &j
1781 3098 1815 3126 ad

74 3138 136 3173 (3)
158 3137 251 3166 Exstat
266 3139 294 3165 in
310 3137 467 3165 Fermulario
486 3135 518 3164 T.
533 3139 555 3165 1.
577 3137 606 3165 C.
626 3146 672 3173 24.
693 3145 722 3174 p.
737 3145 774 3167 m.
793 3146 857 3173 350.
878 3136 904 3166 ὅῑ
947 3140 971 3176 §.
988 3147 1033 3174 44.
1056 3147 1109 3166 van
1130 3138 1161 3165 de
1182 3140 1255 3165 zetve
1275 3135 1429 3173 Coflut'men.
1451 3138 1520 3164 nort
1537 3135 1561 3164 ἂ
1578 3145 1631 3164 van
1647 3135 1723 3165 Zurk
1741 3137 1766 3164 d.
1782 3138 1809 3164 lo
1829 3152 1839 3160 -

39 3177 110 3213 apud
129 3178 196 3203 Bort
211 3176 241 3202 de
259 3173 358 3212 Arrest.
381 3174 457 3202 Pan.
472 3176 520 3202 IV.
540 3185 568 3203 η.
585 3183 631 3210 39.
751 3191 755 3194 ⁴

76 3216 134 3250 (4)
156 3215 217 3246 Van
236 3214 378 3244 Leeuwen
395 3212 429 3241 R.
443 3213 485 3242 H.
500 3212 537 3242 R.
557 3213 593 3243 L.
610 3215 646 3244 V.
667 3212 747 3243 Pan.
765 3221 791 3248 7.
812 3224 839 3245 n.
857 3218 902 3245 16.

946 3179 993 3204 cis.
1016 3175 1127 3205 Manier
1150 3185 1203 3205 van
1223 3175 1333 3204 Proced.
1353 3183 1414 3204 voor
1428 3175 1448 3208 'c
1464 3173 1527 3212 Hof
1545 3173 1576 3204 T.
1594 3175 1629 3206 V.
1651 3174 1681 3204 C.
1697 3178 1724 3204 6.
1746 3186 1772 3203 n.
1791 3182 1816 3210 5.

947 3213 1064 3255 &seqq-

1086 3258 1141 3290 Tt
1163 3269 1182 3301 3
