2008 3436
154 118 230 153 484.
766 106 781 140 Ι

160 198 333 238 Affecuratus
355 198 372 226 si
397 197 505 225 sciverit
521 206 563 226 re:
585 197 749 225 affectu-atas
769 196 890 231 periisse,
912 204 946 223 an
969 203 1015 223 va-

199 240 255 266 leat
278 237 458 268 arl'ecuratio,
478 236 504 264 &
528 245 563 263 an
585 243 673 264 metus
695 234 719 262 ἃ
738 234 854 271 suspicio
869 233 1013 263 sufficiant.

904 276 968 306 456.
990 282 1014 300 α.

160 314 379 352 Affectio-ararum
395 321 483 341 rerum
507 312 650 341 aeslimatio
668 311 702 339 ab
726 310 879 339 ass‘ocurato
896 313 1014 346 pzoban-

201 353 249 386 da,
271 352 295 380 δι
313 353 468 388 quomodo.
904 357 968 382 459.
990 359 1013 376 a.

160 390 328 429 Affeturatis
349 391 486 418 mercibus
503 411 509 421 ,
532 390 612 416 variae
635 387 696 415 sunt
722 387 824 423 species
844 407 853 419 ‚
875 396 934 422 quae
959 395 1016 413 non

198 430 355 458 assecuratae
381 428 591 464 intelliguntur,
612 426 661 454 nisi
682 427 849 454 nominatim
877 426 927 453 sint
951 424 1016 452 defi-

197 476 295 504 gnatae.
907 466 973 497 476.
994 464 1018 491 b.

160 506 283 535 Asterius
297 528 304 538 ,
325 504 466 534 Hasterius
480 525 487 537 ‚
511 503 658 536 Ostorius,
682 501 844 537 Austertus,
866 501 1014 533 Aulterus.

199 545 323 573 confusa.
884 541 905 567 l.
929 547 972 574 77.
995 541 1019 567 b.

160 583 273 620 Asylum
293 591 325 609 an
343 581 481 617 praebeant
496 580 567 607 aedes
585 579 677 616 legati.
807 579 843 606 11.
870 586 932 613 177.
957 580 1018 612 178.

292 618 424 655 Exempla
442 627 473 646 ea
490 619 522 646 de
539 627 577 646 re.
955 616 1019 643 ibid.

295 668 328 687 an
343 659 484 694 psaebeant
499 656 586 689 aedes,
603 664 672 692 quas
688 655 774 684 scriba
790 656 955 692 Legationis
973 655 1020 681 ha-

198 699 279 726 bitat.
954 692 1018 720 ibid.

160 738 288 767 Aterius,
310 734 413 761 nobilis
430 733 602 768 heredipeta.
864 733 886 760 1.
908 739 971 766 431.
993 732 1017 758 h.

160 775 334 803 Atlanticum
353 781 427 801 mare
444 772 567 800 Lusitani
582 770 631 799 fibi
647 769 799 799 vindicant.
849 771 886 799 11.
909 778 971 805 134.
994 771 1018 796 b.

160 814 274 842 Avaria.
951 815 1018 842 470.

269 867 271 869 -
295 849 460 878 communis.
955 846 1019 874 ibid.

160 889 340 918 Auditoriuin
356 888 434 924 quid.
930 892 973 912 11.
994 894 1019 912 α.

295 928 322 954 in
347 928 403 956 iure
426 926 556 955 omnibus
577 925 742 954 adscribitur
759 945 766 958 ,
795 925 844 961 qui
867 923 953 951 causae
975 931 1020 950 co-

197 966 352 1002 gnitionem
369 964 482 992 habent.
956 961 1020 989 ibid.

293 1003 547 1032 Pr‘aefeetiPraetoris
559 1001 673 1039 &ipsius
685 1002 821 1038 Principis
832 1008 916 1029 unum
935 1000 1019 1065 ideml-

219 1051 253 1070 ue
268 1042 329 1070 fuit.
953 1040 990 1065 ibi
1012 1059 1017 1065 .

160 1052 287 1109 Autiiclius
302 1079 424 1108 Namusa
438 1080 500 1108 osto
515 1080 617 1110 libros.
633 1087 703 1114 quos
721 1078 816 1105 decem
833 1076 948 1105 illustres
960 1076 1020 1104 Ser-

203 1120 240 1147 vii
258 1119 400 1147 auditores
421 1116 659 1153 conscripserunt,
682 1117 708 1143 in
732 1116 817 1143 CXL.
841 1115 927 1143 libros
944 1115 1019 1142 rede·

201 1159 257 1193 git.
269 1158 314 1185 cui
329 1157 407 1194 operi
422 1156 502 1184 forte.
513 1154 645 1191 inscripsit
656 1154 833 1183 Colleetanea
849 1153 903 1181 sive
919 1153 1022 1187 ConJe-

198 1196 303 1224 stanea.
865 1192 887 1219 l.
910 1198 975 1224 247.
990 1191 1021 1230 ,b-

159 1233 310 1268 Ἀυγισ-μιὶς,
934 1236 976 1263 71.
998 1229 1022 1257 b.

160 1273 277 1308 Augusti
298 1270 449 1307 appellatio
465 1277 545 1304 quem
562 1268 687 1298 denotet.
724 1269 760 1297 11.
784 1275 844 1302 115.
866 1268 888 1295 b.
913 1270 974 1296 116.
996 1275 1022 1296 a.

160 1312 233 1340 Aula
249 1311 296 1339 ubi
312 1311 397 1344 Hagae
412 1307 545 1335 exstrutta
563 1306 625 1334 fuit.
780 1314 842 1341 ¹301.
864 1307 887 1332 b.
910 1312 975 1339 302.
995 1314 1022 1333 a.

162 1351 254 1378 Aurea
277 1353 384 1375 veteres
406 1345 585 1382 appellabant
600 1343 698 1380 flores,
720 1344 746 1372 ἀ
768 1344 911 1377 eleganter
933 1343 1022 1377 dieta,

201 1395 236 1415 ex
253 1386 371 1414 aliorum
381 1384 503 1420 scriptis,
517 1383 664 1419 praesertim
683 1383 899 1411 orationibus.1.
918 1389 983 1416 324.
997 1383 1022 1411 b.

162 1427 253 1455 Aurea
262 1423 352 1461 statua
370 1422 464 1450 differt
482 1430 498 1449 a
514 1421 602 1449 statua
619 1422 761 1449 deaurata.
913 1429 974 1454 193.
996 1422 1020 1448 h.

161 1465 319 1494 Aureorum
335 1461 510 1497 computatio
526 1466 605 1488 aetate
622 1466 749 1489 veterum
765 1459 899 1497 JCtorutn
913 1458 947 1486 ad
964 1467 1021 1492 rein

199 1502 353 1538 numatiarn
371 1500 515 1536 pertinuit.
909 1505 974 1532 274.
995 1507 1020 1526 a.

161 1540 271 1570 Aureus
289 1539 314 1568 ἃ
331 1538 432 1566 sestert.
455 1545 522 1566 num
539 1536 681 1566 differant.
873 1536 910 1564 11.
934 1545 976 1571 14.
995 1545 1023 1564 a.

162 1580 260 1608 Autem
276 1579 360 1606 etiarn
376 1575 516 1605 transitiva
532 1576 677 1612 particula.
886 1576 908 1602 Ι.
931 1582 976 1608 30.
997 1575 1021 1602 b.

161 1617 332 1647 Authentica
346 1615 433 1644 Hodie
448 1614 477 1642 C.
497 1614 526 1642 de
540 1614 638 1652 Judic.
657 1613 695 1641 est
712 1613 838 1642 conficta.
852 1613 888 1642 11.
911 1616 976 1646 269.
997 1622 1021 1641 a.

162 1656 342 1685 Authenticae
359 1655 385 1682 in
403 1653 510 1683 Codice
527 1653 600 1681 unde
618 1651 653 1680 sic
670 1652 755 1680 dietae.
885 1655 930 1687 56.
951 1662 975 1679 a.
997 1652 1021 1679 b.

297 1694 331 1721 de
348 1694 379 1721 iis
395 1691 511 1719 ridicula
526 1699 583 1719 non
600 1691 717 1718 neminis
735 1691 843 1728 opinio.
928 1693 972 1724 65.
994 1700 1019 1718 a.

296 1740 350 1768 qua
367 1731 401 1759 de
418 1730 496 1759 causa
516 1730 616 1758 Codici
633 1728 748 1758 insertae.
956 1728 1019 1758 ibid.

297 1779 313 1798 a
328 1771 411 1797 variis
428 1769 584 1797 auetoribus
602 1767 731 1796 colleftae.
887 1766 952 1796 ibid.
973 1771 1020 1796 66.

163 1824 276 1832 -—

298 1808 365 1845 quid
384 1808 432 1836 sub
453 1808 483 1835 iis
500 1807 679 1843 intelligatur.
957 1806 1022 1834 ibid.

298 1846 427 1884 Gloffellae
447 1852 564 1873 vocatae.
802 1844 865 1872 ibid.
886 1845 909 1872 b.
932 1846 976 1878 87.
999 1855 1024 1873 a.

165 1886 332 1915 Authemz'cae
349 1884 553 1914 Fridericorutn
571 1885 660 1921 Itnpp.
683 1892 698 1911 a
715 1891 773 1920 quo
790 1883 890 1911 Codici
906 1882 1024 1916 adjcsftae.

167 1963 332 1992 Anthenticae
349 1971 365 1991 a
382 1970 440 1999 quo
457 1961 578 1990 collettae
595 1961 618 1989 Β(
637 1961 685 1989 suo
700 1960 765 1988 loco
776 1959 903 1996 digestae,
918 1923 1025 1988 &firmis

202 2002 229 2029 id
238 2002 371 2030 mandato
382 2000 803 2035 <StconstitutioneImperatoris
817 1999 926 2026 fastum.
943 2005 987 2032 72.
1000 2000 1024 2026 h.

301 2048 358 2067 non
374 2047 471 2067 omnes
487 2041 521 2066 ab
540 2041 646 2066 lrnerio
663 2038 791 2065 collectae.
819 2039 864 2065 68.
887 2038 910 2064 b.
934 2038 977 2065 86.
999 2046 1023 2065 a.

301 2075 446 2106 eae'tainen
458 2099 465 2110 ,
479 2086 541 2114 quae
557 2077 653 2106 lrnerii
668 2084 724 2104 non
741 2076 801 2103 sunt
812 2096 819 2109 ,
829 2076 854 2102 ei
867 2074 1024 2103 adscribun-

166 2122 280 2176 -Ξῗί-
300 2159 426 2180 veterum
440 2153 522 2180 nobis
540 2153 689 2188 incognitae
704 2151 729 2179 δ(
747 2157 854 2179 contra.
913 2114 1023 2185 7597}

169 2191 388 2221 Authencicarum
409 2190 503 2218 auctor
527 2200 585 2228 quo
606 2192 667 2226 jure
687 2190 807 2218 lrnerius
827 2189 880 2217 effe
901 2196 1027 2225 negetur.

841 2236 869 2255 0.
889 2238 914 2256 (l.
976 2249 981 2255 ι
1003 2238 1028 2256 a.

265 2284 282 2290 ·
304 2277 369 2297 num
385 2267 457 2296 idem
481 2268 576 2296 auster
588 2288 596 2302 ‚
611 2267 660 2304 qui
681 2235 891 2295 translatio⁷nem
908 2235 1029 2294 migrem

205 2307 394 2336 Novellarum
414 2306 501 2334 dedit.
739 2316 743 2321 ·
936 2311 980 2338 74.
1003 2307 1027 2332 b.

305 2346 427 2373 incertus
442 2352 593 2377 numerus,
613 2343 719 2371 incerta
735 2342 825 2376 sedes,
848 2342 873 2370 ἃ.
889 2343 1028 2371 variantes

208 2383 351 2412 leffiones.
878 2388 942 2415 471.
963 2389 1027 2415 472.

301 2419 484 2457 quarumdam
506 2419 658 2455 antiquitas
680 2418 765 2455 usque
786 2418 820 2446 ad
843 2418 1028 2456 Justinianum

205 2459 339 2488 ascendit.
935 2460 980 2491 67.
1003 2459 1027 2485 I).

171 2499 389 2527 Authemicarum
407 2497 515 2532 Corpus
531 2495 608 2531 quid.
667 2502 711 2530 70.
731 2504 755 2523 α.
777 2497 801 2523 b.
824 2497 869 2529 84.
888 2504 913 2522 α.
937 2498 980 2529 85.
1003 2497 1028 2523 b.

171 2536 332 2566 Autbentica
353 2543 408 2564 una
431 2535 586 2571 eademque
609 2533 780 2571 quandoque
801 2542 817 2561 a
841 2534 924 2562 variis
946 2533 1028 2562 fabri-

210 2580 281 2602 cata.
939 2579 983 2606 70.
1003 2582 1029 2600 a.

175 2612 340 2641 Authentici
349 2610 502 2648 appellatio
511 2610 566 2645 jam
576 2611 672 2638 Irnerii
682 2618 742 2638 aevo
752 2609 937 2645 frequentata.
949 2614 994 2643 65.
1005 2612 1028 2638 Ia.

173 2650 362 2679 Authenticum
379 2649 405 2677 &
421 2649 597 2677 Anthenticae
611 2649 678 2684 quid
694 2649 834 2676 veteribus
849 2654 975 2683 tempore
991 2658 1030 2676 re·

212 2688 348 2716 nascentis
365 2686 598 2723 jurisprudentiae.
854 2686 917 2714 ibid.
940 2688 984 2721 85.
1006 2688 1030 2715 b.

174 2724 317 2761 Ἀυτονόμιιι
334 2726 483 2754 Civitates.
521 2723 595 2752 Vide
615 2723 761 2752 Civitates.

174 2765 322 2799 Αντοχειρίκ.
347 2764 410 2800 Jure
435 2763 571 2791 Romano
595 2770 651 2789 non
673 2762 815 2798 prohibita
831 2782 838 2793 ,
860 2770 912 2790 nec
935 2764 1031 2798 punita

211 2802 281 2835 fuit,
301 2801 351 2830 nifi
366 2802 394 2830 in
418 2802 476 2835 his,
496 2801 544 2837 qui
563 2801 601 2828 ob
621 2806 726 2828 metum
742 2801 863 2829 criminis
884 2800 909 2828 se
923 2802 1032 2829 occide·

211 2847 287 2869 runt.
832 2839 854 2866 1.
879 2846 940 2872 103.
961 2849 986 2867 a.
1007 2841 1031 2868 b.

309 2877 500 2914 publicatione
520 2877 659 2905 bonorum
681 2877 814 2912 punitur,
844 2882 900 2904 non
923 2878 948 2904 in
972 2878 1032 2913 qui-

211 2916 304 2945 busvis
317 2915 480 2944 facinorosis
495 2924 510 2943 e
530 2915 585 2944 sola
604 2915 665 2943 faeti
683 2914 850 2946 sceleritate,
872 2914 916 2942 sed
934 2915 961 2943 in
979 2916 1031 2948 bis,

211 2955 259 2990 qui
279 2955 320 2983 rei
341 2953 471 2990 postulati
485 2974 491 2985 .
514 2954 558 2981 vel
586 2955 613 2982 iu
635 2952 734 2982 scelere
753 2951 914 2989 deprehensi
928 2974 935 2986 ‚
956 2960 1033 2982 metu

211 2992 388 3021 conscientiae
404 2992 430 3020 se
445 2992 619 3020 occiderunt.
920 2999 982 3026 104.
1005 3001 1030 3019 a.

309 3036 431 3064 tentata,
452 3037 509 3059 non
527 3029 663 3068 perfecta,
685 3031 712 3058 in
730 3028 864 3058 militibus
880 3037 928 3057 cur
951 3031 1030 3066 puni-

209 3074 237 3096 ta
252 3068 345 3097 fuerit.
786 3074 847 3101 103.
868 3068 891 3094 h.
916 3075 979 3101 104.
1000 3078 1016 3096 a

306 3106 389 3135 servis
402 3106 565 3136 naturaliter
578 3106 672 3141 ficita,
692 3113 751 3135 non
765 3105 895 3134 civiliter.
920 3113 982 3140 103.
1003 3116 1027 3133 a.

171 3143 305 3174 Annium
322 3144 459 3174 Indicum.
919 3151 982 3178 105.
1002 3153 1027 3173 a.

878 104 916 140 N
1018 105 1050 140 D

1145 105 1174 140 E
1274 105 1306 139 X

1473 196 1504 224 B.

1059 234 1112 303 R
1132 271 1156 299 ὅτ.
1171 271 1196 299 V
1216 271 1281 307 saepe
1301 278 1504 308 permutantur.
1778 275 1800 303 1.
1822 277 1865 304 82.
1885 285 1912 304 a.

1059 310 1230 345 Babylonica
1246 319 1315 345 quae.
1804 321 1865 346 105.
1886 324 1912 342 a.

1058 347 1274 384 Babylonienses
1291 348 1407 376 Soldani
1425 350 1451 377 in
1468 348 1552 377 titulis
1568 348 1792 379 laxuriantur.11.
1809 359 1871 384 109.
1885 354 1911 379 11.

1060 387 1250 417 Bacchanalia.
1271 394 1426 423 eorumque
1442 389 1521 421 origo
1540 388 1590 415 &a
1755 390 1778 416 1.
1800 398 1863 423 4¹7·
1884 399 1910 417 a.

1198 424 1300 451 sublata
1317 426 1463 453 Marciano
1479 427 1566 454 SC10.
1756 428 1819 455 ibid.
1841 437 1866 455 α.
1885 429 1910 455 11.

1063 463 1180 494 Bachas,
1202 470 1253 497 pro
1270 470 1321 494 ec,
1342 465 1386 498 qui
1401 466 1468 491 iuter
1485 465 1642 492 Bacchantes
1656 461 1699 500 eft.
1803 473 1866 499 419.
1886 475 1913 494 a.

1062 501 1166 529 Bacchi
1183 500 1262 527 sacris
1279 501 1396 534 initiati,
1410 510 1442 529 ex
1460 503 1602 530 horrendo
1618 504 1757 535 carmine,
1771 511 1827 538 quo
1843 505 1914 531 Pon-

1101 538 1169 566 tifex
1185 540 1317 574 prae'ibat‚
1339 541 1522 574 conjurabant
1542 544 1568 568 in
1586 549 1669 568 omne
1687 540 1792 568 facinus
1807 549 1838 568 ac
1855 541 1914 570 libi-

1101 578 1203 605 dinem.
1807 579 1869 607 ibid.
1888 581 1914 608 h.

1062 616 1176 643 Barbari
1193 616 1220 642 in
1237 614 1330 643 Africa
1346 624 1403 644 non
1423 615 1482 644 sunt
1498 617 1605 645 Piratae.
1746 617 1783 645 11.
1804 626 1866 651 223.
1887 628 1912 647 α.

1062 657 1146 687 Βαριωι
1169 654 1276 689 scapha.
1807 664 1871 690 47¹1.
1890 657 1914 685 l*-

1061 692 1279 724 Bnrneveldius‚
1303 692 1541 729 Hoogerbeetsius
1557 693 1581 721 ἃ
1600 694 1714 723 Grotius
1733 695 1914 730 quamobzem

1101 730 1152 758 sint
1175 730 1308 758 damnati.
1676 740 1738 766 243.
1761 743 1784 760 a.
1807 740 1869 766 273.
1888 742 1914 761 a.

1062 784 1173 790 ——
1196 769 1321 797 Obtorto
1330 769 1405 797 collo
1415 769 1449 797 ad
1458 769 1564 803 judices
1575 769 1716 804 delegatos
1725 772 1804 807 rupti.
1817 774 1871 805 284
1888 771 1912 800 b.

1061 806 1169 835 Basilici
1187 816 1220 834 ex
1240 808 1300 840 jure
1321 808 1504 843 posteriorum
1526 809 1684 844 Principum
1705 808 1822 844 plurima
1841 808 1916 838 addi-

1098 845 1198 873 derunt
1217 845 1268 872 suae
1285 846 1328 872 vel
1346 849 1470 878 Kampe-2.
1488 847 1531 873 vel
1548 852 1725 882 πκςαφξαιο-ιι.
1763 848 1786 875 l.
1808 855 1870 881 271.
1889 858 1914 877 a.

1063 882 1200 919 Bastaen:
1222 884 1387 911 Pam—mium
1409 884 1442 912 de
1459 886 1522 912 nuc.
1752 886 1787 913 ll.
1809 894 1870 920 413.
1890 896 1917 915 a.

1063 923 1154 957 Belgae
1163 924 1245 958 quale
1261 922 1437 958 privilegium
1455 923 1633 951 abAclimete
1645 925 1810 958 acceperint.
1823 932 1872 959 125
1890 934 1920 954 a.

1198 960 1246 987 usu
1263 962 1343 989 maris
1360 960 1385 989 ἃ
1404 961 1491 989 nuent
1507 962 1634 990 contenti
1653 961 1754 990 nullius
1775 963 1918 998 imperium

1099 998 1147 1026 fibi
1168 998 1324 1027 vindicant.

1196 1038 1241 1072 qui
1252 1036 1277 1064 &
1286 1045 1371 1073 quare
1381 1038 1448 1064 mari
1462 1037 1579 1066 Australi
1593 1037 1780 1066 dominentur.
1789 1008 1919 1068 diffidi·

1119 1114 1124 1119 ι
1198 1076 1289 1103 servos
1305 1084 1361 1103 non
1379 1076 1482 1104 habent
1499 1076 1546 1104 nifi
1563 1078 1589 1104 in
1605 1075 1685 1110 Afra,
1708 1076 1818 1110 Africa,
1839 1080 1920 1106 Ame-

1065 1121 1309 1185 Bciitciiaioederati
1324 1150 1447 1187 Respubl
1477 1151 1505 1179 in
1520 1151 1612 1180 multis
1628 1151 1666 1180 esi
1683 1152 1773 1181 similis
1788 1119 1921 1190 Rlc‘igubal.

1103 1189 1279 1216 Achaeorum.
1807 1200 1871 1226 245.
1894 1203 1920 1222 a.

1201 1225 1312 1262 singulae
1327 1225 1407 1254 urbes
1418 1225 1465 1254 suo
1478 1234 1528 1253 aere
1543 1225 1610 1255 oiim
1626 1227 1671 1256 sua
1686 1228 1758 1256 bella
1773 1231 1922 1265 gell'vvunt.

1809 1275 1873 1302 232.
1894 1269 1920 1299 b.

1066 1318 1178 1325 ———
1199 1311 1297 1339 pacem
1313 1302 1446 1331 fecerunt.
1814 1314 1875 1341 235.
1894 1317 1920 1337 a.

1201 1341 1311 1378 singulis
1335 1342 1492 1370 Provinciis
1521 1349 1555 1369 an
1577 1341 1619 1376 jus
1651 1341 1681 1370 sit
1703 1342 1769 1371 belli
1796 1346 1920 1379 gerendi.

1767 1390 1831 1417 232.
1850 1393 1875 1412 a.
1895 1385 1920 1412 b.

1199 1417 1272 1446 Vide
1290 1418 1407 1455 amplius
1424 1418 1505 1456 ian.
1526 1417 1657 1446 Ordines.

1064 1456 1649 1494 BelgisFoederatisexpediuntLegationes
1658 1457 1813 1487 ordinariae.
1827 1461 1921 1495 147.Ῑι.

1064 1494 1172 1523 Bellum
1189 1495 1255 1531 quid
1273 1494 1314 1522 sit.
1768 1505 1828 1531 19¹·
1849 1508 1874 1526 a.
1895 1499 1922 1528 b.

1067 1548 1177 1556 —-—
1198 1542 1294 1569 gerere
1312 1532 1390 1569 quid.
1816 1544 1877 1570 195.
1895 1537 1922 1565 b.

1200 1578 1231 1601 ut
1247 1571 1277 1600 sit
1293 1571 1447 1607 legitimum
1459 1593 1466 1606 ,
1488 1571 1602 1600 indistio
1619 1571 1684 1601 belli
1702 1580 1758 1602 non
1774 1573 1812 1602 est
1829 1583 1922 1603 neces-

1104 1608 1182 1639 saria.
1858 1620 1922 1647 192.

1199 1649 1271 1678 reete
1295 1649 1392 1685 incipit
1408 1657 1423 1676 a
1445 1648 1471 1675 vi
1493 1655 1597 1677 mutua.
1815 1658 1875 1686 193.
1896 1653 1922 1681 b.

1202 1688 1389 1724 Hispanorum
1414 1693 1511 1713 contra
1532 1687 1631 1723 Belgas
1656 1687 1743 1724 usque
1760 1687 1795 1715 ad
1820 1697 1923 1718 annum

1105 1728 1186 1761 1648.
1204 1726 1308 1761 gestum
1320 1726 1424 1761 ‚coepit
1439 1724 1492 1752 sine
1508 1726 1666 1754 indiffione.
1728 1727 1792 1754 ibid.
1817 1735 1879 1763 194.
1897 1736 1924 1756 a.

1064 1764 1135 1796 Belli
1152 1764 1292 1793 indicendi
1309 1772 1369 1791 mos
1384 1764 1561 1791 Achaeorum.
1593 1763 1665 1792 Vide
1680 1764 1782 1792 Achaei.

1067 1818 1179 1826 --—
1198 1804 1240 1838 ius
1257 1804 1284 1831 in
1305 1802 1425 1831 aetiones
1448 1801 1473 1829 &
1490 1802 1598 1830 credita
1617 1802 1751 1833 bostium.
1773 1811 1833 1839 qnae
1848 1802 1923 1840 apud

1105 1850 1156 1870 nos
1173 1841 1362 1869 inveniuntur.
1403 1840 1478 1868 Vide
1494 1841 1624 1869 Aetiones
1640 1840 1665 1869 ὄπ
1681 1841 1785 1869 credita
1803 1841 1853 1871 &a

1203 1879 1286 1908 status
1306 1880 1378 1907 inter
1399 1877 1498 1907 hostes.

1201 1918 1286 1948 status
1308 1919 1378 1947 inter
1397 1926 1452 1945 non
1472 1916 1573 1946 hostes.
1857 1921 1923 1948 208.

1068 1957 1174 1986 Bellum
1193 1957 1210 1985 fi
1226 1959 1347 1989 oriatur,
1369 1965 1435 1984 num
1453 1956 1536 1992 legati
1553 1957 1605 1984 tuti
1620 1955 1680 1984 fint.
1811 1957 1872 1985 180.
1893 1965 1921 1984 a.

1067 1995 1148 2024 Bello
1165 1995 1256 2024 subito
1274 1996 1383 2023 oriente
1402 2003 1459 2022 non
1484 1994 1571 2022 solent
1596 1994 1765 2022 denunciare
1780 1993 1923 2030 Principes

1102 2033 1222 2062 hostium
1242 2034 1372 2067 subditis,
1386 2039 1415 2060 ut
1433 2041 1474 2060 res
1492 2033 1565 2064 suas,
1581 2033 1703 2067 alioquin
1722 2031 1922 2069 publicandas,

1106 2073 1242 2105 avebant,
1263 2072 1311 2100 nisi
1326 2070 1448 2108 expresse
1464 2070 1831 2108 aliterfueritpat‘turn.1942
1850 2080 1875 2098 a.
1895 2071 1921 2099 17.

1066 2111 1098 2138 In
1115 2110 1193 2138 Bello
1210 2112 1299 2139 ornnis
1315 2111 1357 2138 vis
1376 2111 1402 2137 in
1420 2108 1526 2138 bostem
1547 2109 1625 2144 justa.
1912 2129 1921 2137 .

1203 2149 1271 2177 dolo
1293 2150 1332 2177 uti
1354 2149 1428 2176 licet.
1858 2146 1923 2175 ibid.

1205 2187 1321 2224 perfidia
1341 2187 1445 2215 illicita.
1857 2184 1924 2212 ibid.

1205 2224 1273 2261 quid
1295 2225 1394 2260 iustum
1412 2223 1443 2252 sit
1465 2224 1491 2252 in
1507 2224 1582 2252 bona
1598 2224 1751 2253 amicorum
1768 2221 1812 2251 vel
1829 2222 1924 2252 hostis.

1108 2263 1181 2292 Vide
1196 2265 1283 2292 Bona.
1791 2266 1794 2270 '

1205 2311 1262 2330 non
1279 2300 1426 2329 necessaria
1437 2299 1474 2328 est
1484 2299 1687 2328 condiffioloci
1704 2308 1808 2336 pugnae.
1825 2307 1886 2336 193.
1897 2309 1923 2328 a.

1860 1886 1923 1914 195-

1727 2117 1788 2143 191.
1811 2115 1873 2141 192.
1894 2117 1911 2137 a

1191 2340 1269 2384 'quid
1284 2341 1352 2375 juris
1368 2340 1488 2376 respettu
1498 2340 1737 2367 commerciorum.
1759 2338 1826 2369 Vid.
1841 2340 1923 2368 Com-

1071 2387 1224 2461 Bessiaerncgal.
1236 2415 1284 2444 nili
1302 2414 1402 2444 juditta
1418 2421 1518 2452 gerunt
1537 2416 1704 2452 magnanimi
1719 2414 1926 2459 Principes-Pp-

1070 2455 1282 2522 Beiikdlrlsirssieiine
1297 2493 1447 2520 indiffione
1460 2491 1597 2528 gestorum
1612 2490 1744 2527 exempla.
1817 2452 1925 2525 mgni:

1230 2532 1304 2559 Vide
1324 2530 1429 2559 Hostis.

1073 2569 1213 2598 Benedifba
1229 2578 1289 2605 qua:
1304 2568 1523 2608 appellabantur.
1723 2565 1743 2593 1.
1769 2573 1835 2602 324.
1853 2575 1879 2595 a.
1900 2567 1925 2596 h.

1073 2608 1269 2637 Benediiiormn
1284 2607 1363 2634 Liber
1381 2606 1497 2634 Cascclii
1514 2603 1600 2639 qualis
1618 2602 1709 2630 suerit.
1861 2605 1924 2633 ibid.

1073 2646 1233 2683 Beneficium
1246 2667 1253 2679 ‚
1265 2654 1316 2682 pro
1332 2652 1500 2681 quocunque
1516 2642 1604 2676 facto,
1626 2643 1669 2670 tel
1683 2642 1761 2670 causa
1777 2663 1783 2674 ‚
1800 2649 1854 2670 non
1872 2643 1926 2670 lec·
1959 2643 1962 2649 ¹

1112 2692 1180 2713 tuna.
1818 2687 1880 2712 112.
1898 2684 1927 2712 σι’

1075 2723 1212 2761 Bergloon.
1232 2752 1235 2755 .
1757 2720 1792 2748 11.
1814 2728 1878 2748 202.
1898 2731 1925 2748 a.

1074 2763 1191 2797 Berytus
1205 2761 1248 2794 jus
1264 2758 1388 2788 Italicum
1409 2758 1516 2786 habuit.
1730 2767 1733 2772 ’
1769 2758 1792 2786 1.
1817 2765 1879 2792 17r.
1899 2759 1926 2786 la.

1074 2799 1170 2827 Bessiae
1188 2806 1257 2834 quze.
1815 2798 1879 2830 336.
1899 2797 1926 2824 b.

1207 2844 1241 2862 an
1257 2834 1307 2862 sint
1320 2832 1468 2870 Elephanti
1508 2832 1531 2860 ἃ
1550 2833 1665 2861 Cnvncli.
1860 2833 1926 2862 ibid.

1206 2871 1353 2900 non.alind
1370 2872 1429 2899 sunt
1447 2880 1530 2906 quarn
1547 2871 1619 2899 ferae.
1814 2874 1877 2905 336.
1898 2881 1925 2899 a.

1204 2911 1264 2939 sunt
1280 2919 1321 2938 rcs
1339 2918 1390 2937 nec
1405 2913 1534 2945 mancipi.
1817 2915 1879 2944 337.
1900 2910 1927 2938 b.

1074 2950 1238 2980 Bibliotheca¹
1248 2947 1286 2976 est
1302 2948 1435 2976 librorum
1446 2970 1452 2980 ,
1465 2950 1512 2983 qui
1524 2948 1584 2976 usus
1593 2947 1678 2983 gratia
1690 2946 1836 2975 habentur.
1847 2955 1892 2983 74.
1900 2956 1926 2976 α.

1229 2987 1302 3014 Vide
1324 2987 1480 3021 Apotheca.

1073 3039 1183 3048 ---
1205 3024 1396 3062 suppelleftilis
1416 3024 1509 3061 legato
1530 3031 1587 3052 non
1607 3022 1782 3051 continctur.
1807 3022 1926 3051 instrum

1106 3063 1277 3091 continetur.
1771 3064 1831 3090 106.
1851 3070 1876 3089 a.
1895 3062 1920 3089 b.

1072 3101 1239 3137 Bodemery.
1267 3101 1302 3129 V.
1323 3100 1490 3129 contrastus.

1071 3141 1150 3168 Bona
1167 3138 1191 3167 &
1206 3148 1248 3167 res
1267 3140 1349 3167 idern.
1834 3138 1878 3166 ⁶8.
1898 3145 1924 3165 a.

1203 3178 1367 3207 Amicorum
1383 3178 1410 3205 in
1425 3175 1545 3205 bostium
1561 3175 1678 3204 navibus
1695 3181 1819 3211 reperta.
1836 3183 1870 3203 nn
1883 3182 1925 3240 ἑξ-

1908 3220 1924 3240 e
