2008 3436
334 106 556 144 OPUSC.
608 106 688 142 DE
740 103 1144 141 RELIGIONE
1195 105 1609 147 PEREGRINA.

195 185 638 232 TER‘T1A-PARS
680 184 840 218 SCTI.

129 272 261 304 Bacchas
280 270 340 302 Vir
364 281 399 302 ne
422 271 486 312 quis
499 268 589 310 adeste
608 268 716 306 vellet,
741 267 824 314 Civis
839 265 948 313 Roma-

85 324 139 347 της
158 337 168 352 ,
199 322 272 344 ποτε
297 314 422 344 nominis
449 312 558 343 Latini
576 334 588 349 ,
617 319 689 341 neve
709 309 854 355 Soczomim
873 317 947 349 quis-

85 366 170 399 quan
183 379 192 395 ‚
214 352 271 392 nisi
288 353 441 385 Praetvrem
470 353 622 384 Urbanum
642 349 796 390 adiissent,
816 358 894 396 itque
912 350 947 380 de

87 399 213 430 Senatus
230 396 381 436 sententia
398 416 409 430 ‚
439 395 506 425 dum
531 403 565 424 ne
589 393 684 423 mimas
701 392 887 436 Senatorzbus
913 391 944 422 C.

84 439 230 480 adeyent,
251 446 335 478 qzmm
355 445 389 466 ea
404 445 448 465 res
467 444 518 465 con
531 434 658 464 {deretur
672 455 683 471 ,
699 431 828 475 juffiffet.
869 431 947 464 Non

84 475 212 523 legerim
242 478 387 509 Baccban.
414 484 472 516 pro
526 476 648 513 acc-has,
669 484 727 507 nec
746 476 777 506 id
793 472 945 515 exposue-

84 533 144 556 run
165 518 414 555 Bascoanattbff,
446 516 558 556 quibus
579 515 724 548 interesse
746 523 947 554 vetarentur,

83 573 163 606 quos
196 569 270 592 mox
300 565 479 596 enumerat,
508 557 552 589 ita
581 559 664 589 enini
696 557 778 589 idem
802 557 947 603 diceret,

84 604 169 647 qutid
191 610 262 632 ante
281 599 404 631 dixerat
423 620 434 636 ,
471 608 507 630 ne
532 599 596 640 quis
620 599 792 645 Bacchanaz'
824 597 950 643 babnzffe

82 645 180 679 veliet.
226 641 350 673 Deinde
381 649 478 681 quum
508 639 651 672 foeminis
677 649 766 681 teque
786 639 951 686 interdicta

81 685 201 720 fuerint
233 683 302 714 haec
330 683 448 720 Sacra,
479 690 571 722 quam
605 682 699 721 viris,
728 692 791 714 non
809 679 950 728 *ammad-

83 735 176 760 verto
194 749 204 763 ‚
236 734 293 756 cur
321 724 425 754 virum
453 724 571 764 magis,
609 733 702 765 quain
724 723 888 769 foeminam
911 722 951 753 ab

82 769 132 803 his
153 766 298 799 arcuiss‘et
323 764 460 803 SCtuin,
482 766 511 796 ἃ
533 765 631 806 magis
661 774 782 796 arceret
795 787 806 804 ,
826 767 847 796 11
869 764 949 803 lege-

83 819 186 844 retur:
225 806 459 839 Bacchanalibus
484 806 568 838 VIR
593 816 627 837 ne
654 808 717 848 quis
739 805 828 847 adeffe
848 805 950 851 veltet.

106 860 179 883 uare
211 850 297 881 illam
330 847 514 880 Lectionem
535 871 544 886 ,
583 857 653 889 quae
683 847 819 888 primuni
848 847 951 886 aliqua

82 861 186 937 Ppccie
209 891 287 922 milii
310 889 615 927 commendabatur,
644 898 728 920 nunc
751 888 950 934 non-probo.

82 935 191 975 Magis
213 932 279 970 cst,
302 940 337 963 ut
362 931 494 962 Bacchas
513 929 690 968 servemus,
714 930 743 961 ὃς
761 937 952 970 aceipiamus

83 977 123 1008 de
145 985 205 1013 eo,
229 974 282 1015 qui
308 974 389 1005 inter
413 971 604 1003 Bacchantes
628 973 696 1009 eit,
719 981 736 1002 a
758 971 874 1016 Senatu
897 978 951 1000 ex-

84 1015 261 1054 cludendo,
284 1023 381 1056 quum
399 1013 644 1051 deliberaretur,
669 1022 707 1056 an
736 1011 921 1057 quibusdam
941 1034 951 1050 ,

85 1060 128 1091 ob
152 1058 355 1098 religionem,
380 1054 432 1085 vel
454 1054 562 1094 potius
584 1053 836 1095 superstitionem
855 1053 950 1091 luam,

84 1098 294 1143 permittenda
323 1095 420 1127 cA'cnt
449 1095 505 1126 illa
534 1094 626 1126 Sacra
644 1118 655 1134 ,
688 1104 747 1126 nec
780 1103 838 1140 ne}
863 1095 953 1138 &hea

84 1143 208 1174 ratione
230 1137 405 1176 constabit,
425 1145 482 1168 cur
503 1135 542 1167 de
564 1136 655 1176 viro,
679 1145 742 1168 non
763 1135 801 1167 de
819 1135 952 1167 foeinina

86 1183 141 1215 hic
163 1180 264 1213 serino
286 1180 345 1212 sit.'
858 1218 863 1223 ἡ

129 1223 192 1255 Pro
214 1222 326 1263 αιίίελὲ,
351 1220 436 1262 quod
457 1220 489 1252 in
512 1218 698 1261 Archetypo
715 1218 781 1257 cst,
799 1217 952 1267 veliinre-

83 1265 175 1298 -stitui
199 1264 300 1304 adese,
332 1271 432 1303 neque
451 1261 535 1292 enim
559 1263 657 1302 aae‘izste
683 1260 757 1292 huic
778 1260 852 1306 loco
876 1270 952 1305 con-

81 1306 188 1339 -x-enit.
235 1305 406 1341 Nomium,
441 1302 526 1344 quod
558 1303 674 1334 ibidem
702 1301 767 1340 cst,
789 1301 952 1347 scripturae

84 1349 218 1391 potius,
238 1355 330 1388 quam
349 1344 547 1386 antiquitatis
574 1344 662 1375 vitio*
683 1344 856 1389 tribuerim.
893 1342 954 1390 l³ro

89 1391 127 1423 P.
159 1388 197 1420 R.
250 1387 312 1419 uod
342 1385 522 1426 disjunctim
551 1383 736 1417 Gronovius
776 1384 922 1417 exhibuit
942 1408 952 1425 ‚

82 1431 202 1464 melius
220 1398 386 1461 §abrettus
407 1425 600 1467 conjunstirn
627 1426 698 1458 PR.
733 1427 805 1467 quia
831 1435 866 1457 ca
887 1436 954 1459 vox

88 1474 244 1506 Proeiorem
274 1477 376 1502 notat.
426 1467 488 1500 Pro
510 1466 673 1510 joufissent‚
701 1469 786 1509 quod
819 1468 900 1514 apud
924 1478 955 1499 u-

89 1522 236 1554 trumque
257 1511 301 1543 est
314 1534 326 1550 ‚
349 1511 439 1551 lego,
472 1519 564 1541 unius
597 1519 747 1548 nurnero,
764 1509 900 1552 joufijet,
923 1510 954 1542 ἀ

76 1556 194 1588 ‘refero
216 1554 253 1586 ad
276 1553 448 1586 Praetorem
469 1551 650 1590 Urbanum,
675 1551 714 1582 de
735 1561 798 1592 quo
819 1556 952 1597 dixerat3

89 1598 205 1638 absque
233 1605 273 1626 eo
306 1594 328 1626 fi
361 1593 417 1631 sit,
448 1602 508 1634 ego
532 1591 652 1624 sensum
674 1592 826 1626 deficero.
870 1592 905 1624 ld
927 1603 950 1624 i-

88 1638 179 1681 psum
208 1636 323 1669 vitium
352 1642 433 1676 puto
461 1643 538 1665 mox
569 1633 698 1668 eandem
721 1643 836 1667 vocem
857 1642 952 1667 occu-

87 1679 184 1721 palte.

186 1762 445 1810 QUARTA
487 1759 641 1794 PARS
692 1758 853 1794 SCT1.

82 1865 86 1867 λ
133 1845 288 1888 Censuere,
312 1846 451 1877 Sacerdos
481 1855 518 1877 ne
534 1845 598 1886 quis
616 1844 676 1876 Vir
694 1844 780 1886 efflet,
804 1843 955 1888 Magister

87 1898 177 1930 neque
204 1888 267 1920 Vir
288 1898 377 1930 neque
402 1887 519 1919 Mulier
536 1888 686 1928 qnisquam
711 1886 796 1928 effet,
819 1898 891 1918 neve
904 1894 956 1928 pe-

81 1931 205 1961 cuniam
222 1939 316 1961 eorum
329 1939 504 1960 communem
520 1928 644 1969 lsabniffe
661 1928 750 1959 veltet
759 1951 772 1966 ,
789 1939 862 1960 neve
884 1928 955 1961 Ma-

86 1968 242 2013 gi'stntwn
259 1995 268 2010 ,
298 1981 371 2002 neve
400 1969 696 2010 Pro-Magistratu,
717 1980 806 2011 neque
827 1970 954 2009 Virum,

84 2021 162 2043 nere
180 2012 338 2044 Milierem
363 2013 511 2053 quisquam
528 2011 631 2052 feciffe
649 2011 748 2042 vellet.
794 2011 876 2043 Illud
890 2021 954 2043 cen-

80 2052 166 2094 suere
195 2055 232 2085 ad
267 2054 337 2086 haec
351 2077 360 2093 ‚
385 2056 416 2085 ot
439 2062 511 2093 quae
532 2052 722 2093 sequuntur,
744 2053 851 2093 potius
874 2053 953 2084 refe-

85 2094 218 2126 rendum
239 2094 304 2134 est,
325 2104 416 2136 quam
440 2094 478 2125 ad
500 2093 687 2125 sententiam
709 2093 950 2134 praecedentem,

83 2143 183 2175 atque
203 2136 275 2168 ideo
299 2137 342 2168 ita
360 2135 552 2176 interpunxi.
597 2135 663 2181 Qui
693 2134 746 2166 hic
768 2135 952 2176 simpliciter

86 2173 260 2218 ,Magtflem
283 2187 300 2208 a
324 2177 363 2208 ud
381 2176 510 2208 Livium
544 2174 696 2219 Magister
717 2176 870 2222 Sacro—rum
899 2187 950 2219 ap-

85 2217 232 2259 pellatir.
313 2218 465 2249 abuerunt
497 2227 593 2259 porro
617 2217 701 2249 nisce
722 2219 825 2250 Sacris
848 2218 950 2250 initia-

85 2259 114 2290 ti
139 2268 339 2290 communem
369 2267 491 2297 arcam,
523 2266 560 2290 ut
589 2257 692 2290 solent
711 2259 824 2290 habere
843 2259 950 2291 Colle-

111 2300 159 2339 ia,
183 2310 256 2332 cuin
281 2301 388 2339 licita,
413 2308 480 2331 tum
503 2299 636 2337 illicita,
659 2307 695 2331 ut
715 2300 854 2332 indicant
877 2301 896 2333 l.
922 2310 948 2333 1.

82 2307 119 2415 Ξ.
144 2351 174 2372 2.
205 2342 234 2374 Gt
264 2342 284 2374 l.
309 2353 340 2380 «ζ.
366 2349 413 2382 pr.
428 2340 468 2382 ff.
494 2342 528 2372 de
557 2341 664 2384 Colleg.
690 2341 845 2382 &corpon
890 2342 951 2374 Sed

111 2391 157 2413 aec
183 2392 253 2414 arca
287 2377 464 2415 communis
496 2382 622 2423 propria
651 2381 698 2413 est
730 2382 950 2424 Collegiorurn

82 2423 248 2457 licito-um
265 2425 300 2456 .l.
336 2434 363 2456 1.
391 2423 420 2465 §.
445 2433 469 2455 1.
497 2423 532 2465 ff
561 2423 662 2471 *Quod
678 2424 787 2470 cujusq.
809 2425 947 2467 Univeis.

83 2473 160 2496 nom.
180 2465 275 2498 Unde
295 2466 418 2497 illicitis
442 2464 614 2506 Collegiis‚
637 2473 672 2496 ut
693 2465 763 2504 hic,
788 2466 889 2497 ablata
905 2466 950 2498 est

87 2506 120 2538 &
142 2515 261 2547 negata.
306 2506 378 2547 Jure
401 2506 538 2544 merit03
585 2507 633 2537 uia
656 2507 858 2538 metuendum
871 2516 950 2546 erat,

84 2555 125 2579 ne
142 2547 195 2579 illa
215 2557 282 2580 arca
295 2570 305 2586 ,
329 2557 394 2589 quo
420 2547 518 2588 magis
540 2557 558 2578 e
585 2556 617 2578 et
638 2547 801 2589 locuples,
824 2558 864 2580 eo
888 2559 950 2581 ma-

111 2588 135 2620 is
167 2589 330 2620 inserviret
357 2588 505 2621 fovendis
545 2589 645 2620 turbis
679 2589 709 2620 &
745 2588 946 2623 factionibus.

85 2596 176 2670 auin
196 2629 258 2670 ipsa
288 2630 395 2669 Sacra,
417 2630 480 2662 fine
500 2630 653 2670 ejusmodi
677 2639 768 2669 arca,
792 2629 865 2662 Deo
889 2630 949 2664 suf-

85 2669 309 2742 ficerelposs‘e,
337 2671 420 2704 recte
437 2671 521 2704 dixit
544 2671 694 2705 Libanius
727 2672 871 2705 Oratione
895 2680 948 2715 pro

94 2711 177 2752 semp
195 2714 229 2742 fs.

185 2792 435 2840 Qu1NTA
477 2795 631 2829 PARS
674 2797 839 2830 SCT1.

132 2874 218 2906 Neve
232 2873 349 2915 posthac
365 2877 442 2907 inter
453 2876 487 2916 je
509 2879 697 2920 conjuraviffi
712 2881 822 2920 vellet,
844 2891 946 2913 convo-

88 2915 158 2957 vifi
171 2938 182 2954 ,
200 2926 274 2946 neve
291 2916 499 2958 componazffi,
516 2929 588 2951 neve
608 2931 667 2952 com
688 2921 817 2963 romififfe
835 2924 925 2954 vellet
936 2946 947 2962 ,

87 2967 162 2989 neve
181 2958 328 2998 quisquam
339 2958 430 2998 fidem
444 2960 522 2990 inter
528 2961 563 3000 se
587 2962 651 2992 dedi
674 2973 688 2993 e
708 2964 809 2995 vellet.
855 2965 947 2996 Sacra

88 3000 156 3030 inde
175 3003 239 3028 voto
258 3007 292 3028 ne
308 2999 566 3041 quisquamfeciffe
586 3003 693 3041 vellet,
712 3014 784 3036 neve
803 3007 834 3036 in
849 3007 947 3046 publi-

87 3050 140 3077 co,
160 3048 232 3070 neve
246 3039 372 3078 privato.
419 3040 506 3072 Neve
528 3048 612 3073 extra
639 3043 747 3076 Urbem
767 3046 859 3078 Sacra
872 3049 948 3088 quis-

88 3078 283 3122 quamfeczffe
301 3080 407 3120 vellet,
431 3080 487 3119 nifi
505 3081 659 3115 Praezorem
689 3086 841 3119 Urbanum
861 3090 950 3119 adiis-

99 3128 127 3152 ει
140 3143 150 3159 ,
171 3122 247 3162 isque
265 3122 299 3151 de
318 3121 442 3152 Senatus
448 3125 598 3163 sententia
612 3146 624 3161 ,
651 3126 717 3157 dum
735 3137 769 3158 ne
785 3130 880 3160 minus
899 3130 949 3161 Se-

86 3162 236 3194 muribus
265 3162 298 3193 C.
325 3163 449 3203 adessent
467 3187 478 3202 ,
512 3173 596 3204 quum
617 3175 651 3196 ea
674 3177 718 3197 rer
738 3170 948 3210 consideretur,

83 3201 209 3246 Juffiffest.
255 3201 307 3235 De
326 3204 600 3244 conjurationibus
622 3208 731 3240 vetitis
756 3218 877 3242 tantum
897 3211 950 3243 hic

1788 123 1860 158 419

991 183 1162 215 verborum
1182 194 1292 226 agmen
1316 186 1382 226 est,
1407 188 1480 228 quia
1499 188 1614 224 Bacchi
1635 192 1738 225 Sacris
1757 192 1860 225 initia-

992 225 1036 263 ti,
1059 234 1099 257 ex
1131 225 1290 258 horrendo
1321 229 1478 268 carmine,
1511 239 1575 270 quo
1599 233 1751 266 Pontifex
1770 234 1863 275 praei-

991 268 1062 307 bat,
1084 267 1292 307 conjurabant
1315 269 1346 300 in
1369 278 1464 302 omne
1482 269 1606 304 facinus
1627 284 1664 305 ac
1685 276 1859 314 libidinem,

991 309 1023 340 in
1051 307 1229 350 promiscua
1254 309 1398 342 virorum
1428 321 1465 342 ac
1499 311 1702 347 foeminarum
1728 317 1830 358 stupra
1849 339 1860 354 ‚

990 352 1022 382 in
1057 349 1176 389 caedes,
1210 349 1288 382 falsa
1319 351 1519 392 testimonia,
1549 353 1632 396 signa
1655 356 1828 389 adulterina
1848 381 1858 397 ,

991 391 1197 432 subiectiones
1214 400 1490 433 testamentorum,
1516 396 1669 439 pluraque
1691 398 1768 437 alia,
1791 409 1861 439 qua:

990 433 1103 466 Livius
1126 434 1252 473 prolixe
1275 433 1414 467 recenset
1436 437 1464 467 cl.
1476 436 1515 468 L.
1530 437 1696 471 XXMX.
1721 441 1753 471 C.
1775 445 1859 474 8-20.

1001 498 1004 501 ,
1032 474 1146 506 Verbis
1157 475 1359 516 quibusdam,
1384 486 1454 518 quae
1469 477 1660 520 praescripfi,
1686 481 1718 513 in
1733 481 1861 513 authen>

994 517 1057 548 tica
1077 516 1204 548 Tabula
1223 517 1358 549 additam
1384 519 1506 551 videbis
1525 520 1648 554 literam
1671 521 1714 554 D.
1739 531 1774 555 ut
1784 525 1838 565 sed
1852 546 1863 562 ,

993 559 1132 596 devoted,
1148 559 1303 599 publii-oid,
1330 560 1491 600 privtum,
1521 565 1650 603 extract,
1675 563 1863 605 sententiaa,

994 600 1025 631 δε
1047 599 1091 630 ita
1115 600 1147 630 in
1170 600 1256 638 aliis,
1294 610 1363 641 quae
1385 601 1498 633 deinde
1522 601 1702 645 sequuntur.
1749 606 1801 638 De
1825 607 1861 639 li-

994 648 1060 672 tera
1082 639 1125 672 D.
1145 641 1176 673 in
1197 641 1259 673 fine
1278 641 1453 675 dictionum
1474 646 1659 686 expeditum
1682 647 1758 679 effct
1779 648 1863 680 dice-

991 691 1044 721 re,
1070 681 1125 714 nili
1145 683 1364 724 praevenill'cnt
1387 684 1545 718 Antonius
1568 687 1716 720 Muretus
1734 690 1859 721 Variar.

994 723 1127 755 Leciz'on.
1152 724 1191 756 L.
1208 724 1283 756 XV.
1309 726 1339 756 C.
1363 736 1408 763 19.
1432 727 1613 760 &Andreas
1636 730 1789 763 Scliottus
1802 733 1863 763 Ob-

984 764 1099 806 servat.
1123 765 1257 797 Hmnan.
1279 767 1318 798 L.
1333 766 1372 799 ll.
1399 768 1431 800 C.
1453 772 1499 800 16.
1526 777 1621 811 atque
1647 771 1704 811 iis,
1726 782 1811 805 nunc
1830 782 1860 804 e-

993 806 1139 847 quidem,
1161 806 1337 848 acquiesco.

1036 847 1111 886 Ait,
1137 850 1204 879 inde
1231 856 1304 880 voto.
1362 850 1415 882 Sic
1446 852 1563 891 malui,
1587 863 1698 894 quain,
1725 864 1760 887 ut
1785 855 1863 888 scul-

993 896 1084 930 ptum
1108 897 1192 928 erat,
1213 891 1245 920 in
1259 891 1358 922 cie-voto
1371 914 1382 930 ,
1406 894 1550 932 quamvis
1570 905 1633 927 non
1658 898 1838 938 negaverim
1855 919 1866 937 ,

994 933 1026 961 in
1049 932 1149 962 devoto
1172 931 1259 963 forte
1282 934 1377 964 etiam
1408 934 1533 966 deiendi
1556 936 1651 977 poil'e.
1697 940 1865 972 r‘ainrettus

994 971 1188 1004 vitiosillime
1218 973 1365 1006 exhibuit
1395 976 1570 1016 indqnoltod.
1596 979 1681 1020 quod
1705 990 1798 1012 nemo
1819 982 1865 1014 in-

995 1013 1165 1046 tellexerit.

1035 1054 1113 1094 Ait,
1138 1065 1212 1087 neve
1231 1062 1316 1088 extra
1337 1057 1457 1090 Urbem.
1514 1059 1589 1092 Ideo
1614 1061 1677 1093 hoc
1700 1064 1837 1096 vetitum
1856 1087 1867 1104 ,

993 1096 1065 1136 quia
1097 1097 1303 1129 Bacchanalia
1326 1099 1388 1140 jarn
1419 1099 1539 1140 pridem
1572 1111 1627 1143 per
1654 1113 1780 1136 onmem
1804 1106 1865 1137 Ita—

993 1137 1066 1168 liam
1089 1138 1347 1179 celebrabantur,
1373 1148 1409 1172 ut
1431 1140 1497 1182 ipse
1519 1141 1698 1177 Postumius
1721 1146 1766 1177 ait
1785 1148 1867 1188 apud

994 1177 1124 1211 Livium
1146 1181 1173 1212 d.
1199 1180 1241 1212 L.
1258 1180 1424 1215 XXXIX.
1452 1183 1484 1215 C.
1509 1193 1556 1225 15.
1580 1185 1672 1217 Unde
1696 1188 1726 1219 δε
1750 1186 1868 1220 stimma

994 1219 1072 1251 SCti
1095 1222 1178 1262 apud
1200 1224 1353 1255 eundem:
1378 1234 1452 1255 neve
1475 1226 1508 1256 in
1527 1226 1622 1259 ltalia
1637 1227 1735 1268 effent.

1037 1261 1115 1301 Ait,
1136 1273 1224 1305 quum
1238 1274 1272 1294 ea
1286 1274 1340 1296 res.
1376 1265 1439 1297 Pro
1463 1276 1567 1308 quam,
1592 1270 1678 1310 quod
1700 1271 1732 1303 in
1757 1271 1865 1304 Tabu-

996 1302 1026 1334 la
1049 1302 1209 1336 Gronovii
1231 1304 1295 1345 est,
1321 1305 1455 1339 rescribe
1474 1318 1572 1350 quom,
1595 1311 1680 1352 quod
1703 1311 1747 1343 est
1762 1313 1793 1345 in
1803 1313 1868 1346 Ta-

997 1346 1071 1376 bula
1102 1345 1265 1385 Fabretti‚
1301 1347 1331 1379 δι
1362 1358 1420 1389 pro
1438 1348 1599 1391 jnffiffent,
1619 1353 1704 1394 quod
1727 1355 1759 1386 in
1782 1363 1866 1388 utra-

996 1395 1056 1427 que
1080 1386 1206 1420 Tabula
1228 1387 1293 1428 est,
1316 1390 1432 1428 veiim,
1458 1400 1492 1422 uc
1516 1391 1607 1435 supra
1622 1417 1632 1433 ‚
1664 1395 1786 1429 restitui
1803 1398 1866 1440 jus-

990 1427 1078 1469 Jiffet.
1125 1428 1225 1469 Vide,
1249 1439 1319 1471 quae
1339 1430 1384 1462 ibi
1406 1432 1494 1474 dixi,
1516 1435 1555 1467 de
1578 1436 1706 1476 eadem,
1730 1447 1799 1480 quae
1813 1439 1868 1471 hic

996 1473 1064 1511 eit,
1088 1468 1238 1503 formula.

1116 1554 1316 1592 SEXTA
1359 1556 1512 1594 PARs
1578 1560 1740 1596 SCT1.

1042 1636 1179 1679 Censuere
1203 1649 1298 1671 omnes
1314 1663 1324 1680 ,
1345 1643 1444 1682 pridie
1470 1643 1518 1676 Id.
1547 1645 1680 1690 Qgcintil.
1706 1647 1836 1688 universi
1852 1671 1864 1690 ,

999 1677 1072 1711 Viri
1099 1686 1186 1722 atque
1210 1681 1380 1722 Mulieres,
1416 1685 1509 1716 Sacra
1533 1697 1568 1718 ne
1595 1690 1743 1730 qnisquam
1759 1690 1865 1732 feciffe

997 1720 1087 1752 vellet
1105 1743 1117 1760 ,
1147 1732 1221 1753 neve
1250 1724 1371 1755 interibi
1398 1725 1471 1757 Viri
1485 1727 1554 1767 plus
1570 1730 1696 1768 duobus,
1720 1731 1866 1763 Mulieres

993 1762 1061 1802 plus
1078 1764 1172 1795 tribus
1189 1764 1312 1805 adfuzffi
1327 1766 1458 1806 vellent,
1488 1769 1546 1808 nisi
1560 1771 1593 1801 de
1608 1770 1745 1803 Praetoris
1769 1773 1865 1805 Urba·-

998 1805 1031 1834 ni
1058 1804 1234 1847 Senatusque
1251 1809 1404 1847 jententia
1422 1831 1434 1847 ,
1465 1812 1510 1841 uti
1527 1812 1622 1853 snpra
1641 1812 1788 1855 scriptum
1812 1815 1863 1857 est‘.

997 1844 1116 1877 Rursus
1140 1860 1164 1876 m
1194 1856 1324 1889 censuere
1354 1848 1416 1881 huc
1449 1851 1577 1892 refero,
1599 1863 1665 1886 non
1687 1855 1725 1886 acl
1744 1865 1863 1896 praece-

998 1886 1114 1919 dentia.
1159 1887 1286 1920 Deinde
1309 1891 1396 1921 varia
1417 1891 1558 1933 restitui,
1583 1904 1652 1936 quae
1670 1896 1752 1927 male
1770 1897 1863 1928 habe—

998 1928 1082 1960 bant.
1128 1928 1191 1961 Pro
1220 1930 1373 1970 homines,
1404 1934 1490 1973 quod
1521 1934 1642 1968 sensum
1663 1936 1778 1968 habere
1801 1948 1867 1972 non

997 1970 1182 2010 videbatur,
1205 1971 1328 2013 reposui
1357 1983 1452 2006 omnes
1467 1999 1477 2015 ,
1514 1977 1543 2008 ὅ(
1567 1986 1608 2008 ex
1627 1978 1730 2018 notis,
1753 1979 1784 2011 in
1808 1980 1866 2012 Ar-

997 2011 1138 2055 chetypo
1161 2012 1341 2052 Gmnovii,
1365 2014 1398 2046 P.
1424 2014 1515 2049 Inus.
1541 2018 1579 2050 V.
1604 2017 1697 2050 effeci
1714 2022 1810 2060 pridie
1834 2021 1864 2054 I-

995 2054 1048 2084 dus
1071 2054 1203 2102 Quintil.
1229 2055 1304 2127 {uid
1327 2055 1412 2087 aliud
1437 2058 1616 2099 efficerem,
1644 2070 1709 2092 non
1733 2060 1860 2094 succur-

995 2096 1103 2134 rebat,
1132 2105 1203 2128 nain
1250 2096 1372 2128 ‘abi-etti
1405 2098 1517 2132 PLoos
1550 2101 1588 2132 V.
1621 2109 1656 2133 ut
1680 2101 1745 2144 ipse
1765 2104 1865 2136 edidit

994 2145 1054 2177 pro
1073 2137 1110 2168 P.
1137 2137 1207 2170 Idus
1231 2137 1270 2169 V.
1296 2138 1353 2169 vix
1383 2138 1540 2183 intelligo.
1596 2143 1628 2175 Si
1650 2143 1777 2176 homines
1794 2146 1863 2186 plus

993 2179 1117 2220 quinque
1141 2178 1256 2211 referas
1279 2179 1315 2210 ad
1338 2180 1417 2212 duos
1438 2182 1526 2215 viros
1555 2183 1585 2216 ὅ(
1610 2192 1672 2217 tres
1695 2184 1864 2226 foeminas,

994 2221 1033 2250 de
1055 2220 1168 2261 quibus
1191 2230 1267 2252 mox
1300 2221 1364 2261 ait,
1397 2221 1551 2257 sententia
1575 2225 1666 2266 hujus
1690 2227 1754 2258 loci
1779 2228 1864 2259 labo-

993 2262 1098 2301 rabit,
1120 2261 1172 2294 sed
1203 2262 1224 2294 fi
1246 2262 1298 2294 vel
1319 2273 1370 2296 me
1390 2265 1518 2297 auctore
1539 2268 1706 2307 restituas,
1730 2278 1794 2300 non
1818 2268 1862 2300 sa-

994 2302 1035 2335 tis
1054 2303 1146 2344 plana
1169 2304 1240 2335 erit.
1259 2313 1353 2345 quare
1375 2306 1458 2347 elige
1471 2329 1481 2343 .,
1504 2308 1589 2348 quod
1610 2309 1698 2340 libet.

1035 2345 1109 2384 Ait,
1134 2346 1255 2377 interibi
1270 2348 1332 2377 viri
1343 2346 1412 2386 plus
1428 2349 1548 2388 duobus,
1573 2349 1707 2381 mulieres
1717 2351 1786 2392 plus
1807 2354 1860 2384 tri-

993 2387 1051 2417 bur.
1098 2385 1185 2418 Duas
1212 2396 1310 2419 voces
1329 2390 1416 2420 ,inter
1442 2390 1517 2428 ibei,
1550 2400 1619 2431 quae
1643 2391 1675 2422 in
1701 2395 1762 2424 'aere
1784 2395 1862 2426 anti-

993 2436 1056 2468 quo
1078 2427 1354 2469 disjungebantur,
1378 2428 1442 2470 ipse
1465 2431 1641 2471 conjunxi,
1664 2441 1700 2464 ut
1713 2433 1750 2466 fit
1769 2435 1860 2466 inter-

992 2470 1055 2508 ibi,
1087 2478 1152 2509 quo
1184 2470 1284 2501 verbo
1315 2471 1346 2502 &
1376 2470 1505 2504 Plautus
1528 2473 1638 2505 utitur.
1684 2474 1782 2521 Quod
1802 2475 1860 2508 ibi-

991 2510 1062 2541 dem
1082 2509 1200 2551 legitur
1222 2511 1410 2551 mulieribus,
1442 2512 1515 2545 casu
1539 2512 1651 2554 sexto,
1674 2525 1861 2558 corruptum

991 2550 1036 2583 est
1068 2560 1108 2582 ex
1129 2552 1254 2591 duobus,
1277 2554 1362 2594 quod
1393 2554 1564 2595 praeceffit,
1589 2556 1619 2588 ὅς
1642 2559 1752 2597 tribus,
1773 2559 1860 2600 quod

991 2591 1131 2634 sequitur
1149 2617 1159 2633 ,
1191 2593 1243 2625 sed
1274 2603 1311 2626 ut
1336 2596 1398 2626 viri
1424 2596 1608 2637 praecedunt
1624 2621 1636 2637 ,
1663 2598 1705 2631 fic
1728 2608 1859 2641 oportet

991 2632 1159 2675 sequantur
1181 2636 1323 2668 mulieres.
1349 2635 1400 2668 De
1420 2637 1538 2679 arfuz'ffi‘
1559 2638 1648 2680 supra
1670 2640 1746 2672 dixi.
1781 2640 1860 2673 Duo

991 2684 1096 2706 autem
1122 2677 1184 2708 viri
1217 2678 1247 2709 ἀ
1279 2685 1342 2710 tres
1372 2680 1519 2711 mulieres
1548 2679 1691 2713 efficiunt
1721 2682 1859 2723 quinque

990 2716 1135 2749 homines
1154 2741 1165 2757 ,
1193 2718 1326 2760 quibus,
1358 2729 1459 2761 neque
1484 2720 1627 2762 pluribus
1650 2723 1724 2754 huic
1745 2722 1858 2755 sacrifi-

990 2757 1042 2789 cio
1061 2781 1071 2797 ,
1105 2768 1122 2789 a
1151 2759 1292 2791 Praetore
1311 2784 1322 2800 ‚
1352 2760 1501 2793 consulto
1530 2762 1666 2802 Senatu,
1688 2763 1858 2804 permiffo,

989 2798 1134 2831 inter-effe
1153 2801 1265 2841 licuit,
1291 2811 1327 2834 ut
1349 2802 1462 2834 Livius
1485 2803 1518 2835 in
1541 2801 1658 2835 summa
1681 2803 1789 2836 refert.

1069 2883 1350 2918 &EPTIMA
1404 2884 1557 2917 PARs
1606 2885 1766 2920 SCT1.

1033 2965 1140 2998 Hoecce
1156 2967 1201 2997 uti
1217 2970 1249 2999 in
1271 2968 1461 3000 mnventz'one
1473 2969 1616 3007 edicatis,
1638 2979 1674 3001 ne
1691 2971 1787 3002 minus
1805 2973 1858 3003 tri-

991 3017 1062 3039 num
1090 3008 1275 3048 nundinum,
1316 3010 1492 3050 Senatusque
1508 3010 1690 3051 sententiani
1704 3014 1749 3043 uti
1757 3012 1855 3053 scien·

992 3055 1033 3080 tes
1049 3047 1139 3088 effetis
1150 3069 1161 3086 ‚
1184 3057 1278 3081 eorum
1287 3050 1438 3091 sententia
1458 3052 1502 3082 ita
1514 3051 1591 3092 ficit.
1640 3051 1673 3083 Si
1691 3054 1741 3094 qui
1758 3054 1857 3095 effem,

992 3091 1041 3131 qui
1060 3088 1195 3129 adversus
1211 3100 1245 3121 ea
1257 3090 1414 3132 fecissent,
1435 3101 1522 3133 quam
1532 3092 1777 3134 stipi-ascriptum
1794 3094 1855 3136 est,

992 3133 1030 3162 iis
1056 3140 1116 3161 rem
1140 3132 1296 3170 capitalem
1308 3133 1487 3173 faciendam
1509 3133 1649 3175 censitere.
1707 3134 1763 3167 'Ait
1784 3159 1795 3176 ,
1823 3139 1857 3168 in

993 3173 1204 3211 conventione,
1226 3173 1288 3204 hoc
1321 3172 1387 3213 est,
1412 3174 1444 3206 in
1467 3183 1624 3207 concione
1646 3175 1776 3217 Populi,
1803 3183 1857 3218 pu'-

991 3213 1095 3252 blice,
1119 3213 1275 3286 qquLex
1296 3213 1506 3248 innotesceret
1519 3240 1528 3256 ‚
1553 3225 1612 3255 uec
1623 3217 1747 3257 minus,
1766 3228 1859 3260 quam

1235 3264 1256 3297 g
1277 3265 1298 3296 ἕ
1320 3266 1337 3287 2
1804 3269 1859 3301 pes
