2008 3436
182 111 253 149 434
437 106 840 144 CORNELII
911 118 1020 145 vAN

180 184 233 222 do,
259 183 341 226 lega,
365 193 432 228 quot
449 188 520 219 inihi
536 190 657 220 datm-us
677 190 826 231 legatariis
844 185 902 229 est,
927 189 999 228 vel,
1019 187 1048 228 fi

181 229 222 254 tot
240 227 311 256 mim
330 229 462 268 dederit,
485 230 651 272 legaverit,
678 231 745 262 haec
763 231 846 262 enim
857 231 961 262 omnia
977 233 1044 262 nui-

179 264 213 296 lo
239 266 419 302 discrimine
443 271 621 310 habentur,
652 273 680 304 &
707 272 778 303 ideo
796 272 860 304 illis
876 272 983 303 hamus
1001 273 1045 303 in-

177 305 241 345 est,
273 311 344 349 quia
370 313 568 354 rependimus
590 313 776 345 beneficium
793 337 802 352 ,
832 320 903 344 ante
929 313 1046 345 benefi-

177 348 262 379 cium
277 360 451 394 acceptum.
498 354 595 400 Quod
612 355 705 386 etiam
723 364 833 385 verum
849 353 893 385 est
905 377 914 393 ,
938 355 1044 385 etiam-

178 388 201 420 fi
221 391 290 430 quis
310 396 523 435 captationem
544 396 574 428 in
600 396 727 427 alterius
743 394 908 440 personam
926 396 1045 426 direxe-

176 430 239 470 1'it3
263 435 352 474 CUJ'us
380 437 423 467 rei
446 437 545 468 varias
572 436 725 468 formulas
745 440 775 467 <Sc
793 436 846 467 hic
865 436 975 467 liceret
994 436 1043 467 ad-

174 470 278 512 ferre,
303 476 358 508 nis1
376 477 414 508 de
435 487 470 509 ea
490 477 748 519 specietinctaret
777 477 799 508 l.
822 486 874 517 71.
906 476 933 517 §.
958 487 982 508 1.
1003 477 1043 517 ff.

177 514 211 543 de
229 514 348 549 Haered.
368 517 462 560 instit.
487 520 526 550 de
541 529 599 559 qua
628 518 774 558 deinceps
794 519 854 549 erit
871 518 1044 563 agendum,

177 554 208 586 &
228 556 265 587 ad
285 567 378 607 quem
403 561 511 591 locum
536 559 605 590 haec
624 559 823 591 commodius
844 559 1044 590 reservabun-

175 602 236 628 tur.
282 599 334 631 Lx
351 600 398 632 his
416 608 538 640 autem,
561 609 630 641 quae
649 600 734 638 dixi,
764 607 909 641 apparet,
932 600 953 632 si
974 599 1045 641 post

176 637 365 672 beneficium
380 649 544 682 acceptum
559 663 570 679 ,
600 641 789 673 beneficium
805 641 970 682 rependam
981 663 995 688 ².
1014 642 1046 673 id

174 687 239 710 non
257 681 395 713 incidere
410 683 440 714 in
458 681 593 720 SCtum,
618 683 703 723 quod
720 683 908 723 captatorias
926 682 1047 714 institu-

176 720 280 752 tiones
299 726 428 754 coercet
438 747 448 763 ,
472 732 506 755 ut
522 724 544 756 fi
560 723 707 763 Titium,
730 725 782 765 qui
799 733 849 755 me
866 733 907 755 ex
923 723 984 755 ass'e
992 724 1046 756 vel

173 769 212 793 ex
238 770 326 802 parte
351 763 495 797 heredem
524 764 662 806 scripfit,
694 766 723 797 ὅ(
747 764 812 806 ipse
832 764 901 806 post
918 774 959 797 ex
985 765 1046 812 asse

173 801 226 833 vel
245 812 286 835 ex
302 813 389 846 parte
406 806 559 838 haeredem
580 807 712 838 scribam
727 829 739 846 ,
759 807 781 838 fi
791 806 907 846 Titio,
929 807 1047 848 quimi-

174 842 207 873 hi
226 850 275 876 tot
295 847 432 888 legavit,
455 849 486 881 &
511 847 575 889 ipse
599 847 670 889 post
687 855 737 880 tot
756 849 876 889 legem,
899 857 1001 889 neque
1015 857 1045 879 e-

174 884 240 929 nim
266 890 342 919 tune
369 889 493 921 hamum
522 889 614 921 habet
638 890 791 931 scriptura
816 899 905 928 mea,
926 890 1046 921 collata

173 934 206 956 111
237 930 431 968 praeteritum
449 954 460 969 ,
490 941 554 963 non
580 932 611 963 in
635 931 777 963 futurum
793 953 805 969 ,
834 941 890 972 per
914 931 1042 963 modum

173 969 377 1003 conditionis.
461 973 523 1004 uod
537 972 637 1014 ipsum
658 972 858 1013 exsequitur,
890 973 920 1004 δε
937 982 1041 1003 exem-

173 1009 231 1049 plo
244 1011 381 1044 declarat
399 1013 512 1046 Paulus
532 1015 563 1046 in
582 1015 611 1046 d.
640 1015 661 1046 l.
680 1023 730 1055 71.
759 1020 807 1054 pr.
833 1021 867 1044 ut
886 1013 928 1045 ibi
950 1014 1042 1055 plena

172 1059 268 1083 manu
286 1053 465 1087 videbimus
477 1080 487 1095 ,
511 1055 608 1087 modo
623 1056 675 1087 hic
689 1063 866 1093 teneamus,
888 1055 950 1086 sine
968 1064 1042 1086 con-

172 1089 295 1124 ditione
312 1118 322 1133 ,
354 1105 414 1136 qua
441 1098 510 1138 quis
536 1097 616 1128 alios
644 1103 800 1135 venatur,
837 1097 1042 1137 captatoriam

170 1132 403 1169 institutionem
427 1148 491 1170 non
519 1138 673 1180 intelligi,
707 1137 738 1169 in
756 1147 791 1168 ea
813 1146 892 1168 vero
913 1136 1014 1178 specie
1031 1161 1041 1176 ,

172 1176 228 1208 ubi
254 1177 343 1218 quis,
372 1179 411 1210 ab
426 1180 489 1211 alio
515 1180 651 1221 primum
669 1178 849 1217 institutus,
874 1178 958 1224 hunc
975 1188 1041 1209 rur-

172 1216 226 1251 sus
245 1218 398 1260 instituit,
423 1221 553 1263 fimplex
570 1222 600 1254 ὃς
625 1230 702 1264 pura
717 1219 763 1251 est
778 1219 958 1265 institutio,
981 1219 1043 1251 fine

172 1261 238 1292 ulla
253 1260 393 1294 formula
406 1263 603 1304 captationis.
649 1261 800 1293 Testatur
818 1260 874 1291 ille
892 1260 1044 1291 duntaxat

172 1302 428 1336 benevolentiam
450 1327 462 1342 ,
490 1313 584 1345 quam
613 1304 691 1335 alter
711 1308 962 1343 provocaverat,
985 1311 1044 1333 nec

171 1341 258 1376 aliud
280 1345 343 1377 dici
367 1345 489 1387 potest,
520 1354 611 1385 quam
640 1344 805 1389 utriusque
825 1341 1044 1375 testamentum

171 1386 233 1418 niti
251 1394 360 1419 mutua
377 1385 563 1425 affectione,
588 1392 623 1416 ut
640 1384 719 1416 solet
739 1384 806 1416 fieri
835 1386 862 1412 όν
883 1387 1044 1430 mre-emin-

169 1427 380 1466 xonzwvmim
394 1427 447 1459 vel
461 1427 597 1459 duorum
614 1425 815 1468 Conjugurn,
838 1425 890 1458 vel
909 1425 1044 1458 allorum

170 1477 440 1511 quorumcunque.
717 1510 724 1516 θ
805 1508 811 1514 .
924 1508 930 1514 .

214 1509 266 1542 Ex
291 1509 351 1542 hac
378 1509 563 1542 definitione
590 1510 650 1542 alia
677 1516 778 1542 oritur
802 1508 975 1556 inspectio,
1004 1519 1042 1542 an

170 1550 294 1584 scilicet
320 1552 353 1584 in
378 1550 498 1584 SCtum
520 1551 659 1591 incidat,
683 1551 737 1594 qui
756 1550 818 1582 hoc
838 1560 962 1590 animO,
984 1551 1043 1597 hac

170 1588 224 1634 spe
240 1593 337 1626 alium
352 1591 472 1635 scripsit
489 1592 665 1633 haeredem,
689 1600 723 1626 ut
739 1590 803 1638 ipse
820 1592 952 1639 vicissim
969 1591 1041 1624 scri-

169 1635 263 1667 batur
286 1634 387 1667 haeres
408 1657 419 1674 ,
453 1634 540 1666 nulla
566 1641 670 1667 tamen
694 1635 796 1666 addita
821 1634 1008 1665 conditione
1024 1633 1041 1666 ἓ

170 1676 336 1709 Veriffime
344 1676 426 1709 dixit
436 1675 652 1720 Quintilianus
661 1676 830 1708 Declamat.
840 1674 1041 1707 CCCXXV.

171 1718 305 1765 Qtidam
314 1719 437 1750 haeredes
443 1719 582 1760 scribant
592 1728 637 1749 eos
645 1742 655 1757 ‚
674 1728 742 1760 quos
749 1722 872 1758 captant
878 1739 890 1756 ,
900 1722 1041 1758 tanquam

170 1759 390 1799 intellefturos,
412 1769 584 1802 quamquam
591 1759 704 1801 secreto
711 1759 847 1805 scriptos²
878 1759 927 1805 Et.
940 1758 1042 1805 vulgo

169 1801 353 1843 fimpliciter
379 1802 460 1833 hanc
486 1801 622 1842 speciem
639 1801 676 1832 ad
694 1807 899 1842 captatoriam
919 1798 1041 1832 institu-

170 1843 291 1875 tionem
310 1842 421 1875 referri
440 1843 567 1881 videas,
589 1841 640 1874 sed
650 1865 661 1881 ,
682 1842 705 1874 fi
720 1841 818 1883 JCtos
835 1841 977 1888 auctores
996 1840 1041 1887 se·

168 1894 321 1925 quamur,
343 1883 597 1926 distinguendum
617 1885 697 1923 erit,
719 1893 796 1925 pura
813 1882 1040 1930 fuerit1lla1n-

169 1926 316 1965 stitutio,
339 1936 377 1958 an
396 1925 452 1958 sub
469 1925 654 1957 conditione
678 1933 795 1958 mutuae
822 1923 1041 1956 institutionis.

168 1969 224 2000 Sin
246 1968 328 2007 hoc,
358 1968 532 2009 captatoria
554 1967 632 2006 erit,
663 1967 706 2000 fin
732 1966 830 2013 illud,
854 1975 1040 2011 quamquam

170 2009 296 2041 hamum
317 2009 460 2040 habuerit
478 2009 629 2047 tacitum,
653 2019 717 2041 non
734 2015 813 2045 erit,
836 2007 945 2039 hamus
955 2016 1039 2038 enim

169 2050 226 2082 ille
244 2050 377 2088 tacitus,
400 2058 436 2081 ut
452 2051 505 2091 qui
523 2059 540 2081 a
554 2059 604 2081 me
623 2048 756 2091 scriptus
780 2047 826 2081 est
844 2048 961 2095 haeres,
986 2056 1040 2079 ex-

170 2091 278 2132 emplo
302 2100 374 2122 meo
396 2098 611 2132 provocatus,
643 2101 694 2122 me
710 2100 773 2133 quo
797 2099 835 2121 ue
850 2089 982 2137 scribat,
1006 2099 1038 2120 u-

169 2132 242 2164 nice
256 2132 369 2172 pendet
386 2142 402 2163 a
420 2132 539 2163 secreto
556 2132 670 2170 animi,
695 2140 770 2173 pote
815 2140 850 2162 ea
865 2129 957 2163 fuisse
966 2140 1039 2176 cau-

169 2173 199 2206 sa
215 2173 421 2209 institutionis
440 2195 451 2211 ,
482 2172 586 2214 potest
609 2172 701 2204 fuiffe
717 2174 795 2212 alia,
842 2172 888 2204 uis
905 2179 976 2203 tuto
992 2172 1039 2218 di—

170 2215 277 2247 xerit‘?
302 2216 330 2247 <Sc
350 2213 471 2253 solent,
497 2221 531 2245 ut
555 2214 616 2255 jam
635 2215 744 2246 monui
769 2216 802 2247 C.
838 2213 861 2245 l.
886 2223 922 2245 ea
940 2213 1039 2254 negli-

778 2294 1142 2342 CAPUT

245 2404 372 2452 Rursus
410 2418 477 2453 quae
512 2417 575 2446 non>
600 2405 648 2453 fit
673 2407 854 2453 captatori’a
881 2403 1063 2490 inssitutig,

955 2465 1020 2489 aere
1049 2479 1057 2489 .

236 2551 322 2583 :iulus
348 2552 380 2584 in
403 2551 648 2585 Commentariis
674 2552 711 2584 ad
736 2552 852 2595 Legem
873 2552 986 2593 Juliam
1011 2553 1042 2585 &

171 2555 233 2636 P
255 2592 381 2634 Papiam
405 2592 481 2633 (est
499 2593 583 2624 enim
601 2594 668 2625 haec
693 2594 714 2624 l.
737 2603 790 2634 71.
814 2604 853 2625 ex
873 2595 939 2634 ejus
952 2594 1040 2626 Libr.

173 2639 214 2668 V.
238 2635 276 2667 ad
307 2636 334 2667 d.
361 2635 400 2668 L.
474 2644 546 2666 cum
563 2658 573 2673 ,
603 2643 639 2666 ut
665 2633 710 2666 est
733 2634 917 2675 probabile,
941 2635 1042 2682 serino

171 2676 329 2710 incidisset
346 2677 385 2708 de
433 2676 560 2714 aducis,
582 2684 677 2717 atque
708 2677 785 2707 adeo
801 2677 895 2707 etiam
908 2699 919 2714 ,
943 2685 978 2707 ut
996 2679 1042 2708 lu-

170 2729 226 2762 pra
242 2718 451 2758 conjiciebam
463 2740 474 2755 ,
497 2717 536 2748 de
550 2717 734 2758 captatoriis
762 2716 1014 2749 institutionibus
1029 2741 1040 2756 ,

173 2762 218 2793 ita
240 2760 282 2791 ibi
308 2759 401 2792 infit:
432 2758 497 2791 Iltae
523 2764 620 2790 autem
644 2756 840 2800 institutiones
873 2761 1040 2800 captatoriae

173 2801 333 2842 noizsunt,
356 2802 449 2833 veluti
459 2801 489 2839 fi
506 2801 550 2831 ita
567 2801 703 2832 haeredem
718 2802 781 2842 quis
795 2798 950 2842 instituat:
967 2811 1040 2843 QUA

172 2853 218 2876 Ex
244 2851 357 2876 PARTE
384 2842 513 2874 'sirius
543 2851 593 2873 ME
620 2851 805 2874 HAEREDEM
828 2851 1011 2874 INSTITUIT
1028 2867 1038 2882 ,

174 2894 220 2917 Ex
247 2892 291 2915 EA
316 2893 428 2917 PARTE
455 2884 607 2915 MAEvms
634 2893 755 2915 HAERES
778 2893 884 2923 ESTO,
914 2885 982 2926 qaia
1005 2885 1039 2915 in

195 2926 352 2957 raeterz‘tum
372 2949 381 2965 ,
414 2936 473 2957 non
491 2926 675 2966 infuturum
698 2924 843 2967 institutio
861 2926 968 2957 collata
987 2924 1037 2966 est.

170 2932 250 2998 {loc
270 2965 392 2998 scilicet
409 2965 472 3007 est,
497 2966 582 3008 quod
600 2967 697 2999 modo
721 2967 863 2999 dicebam
880 2968 910 2999 ὅς
931 2967 1041 3008 proba-

174 3006 246 3039 bam
265 3032 275 3046 ,
307 3007 457 3040 viscatam
483 3017 547 3040 non
573 3008 698 3048 haberi,
730 3007 899 3040 secundum
916 3007 1015 3054 JCtos
1029 3029 1040 3046 ,

175 3057 242 3079 earn
260 3048 512 3088 institutionem,
537 3059 597 3090 qua
612 3050 701 3091 quis,
728 3050 827 3082 haeres
844 3049 883 3082 ab
900 3051 963 3082 alio
978 3059 1040 3090 Jarn

174 3088 330 3129 scriptus,
357 3091 490 3122 eundem
515 3100 578 3131 quo
603 3100 642 3122 ue
666 3091 823 3123 haeredem
842 3090 971 3130 scribit,
992 3090 1042 3122 ad-

173 3129 239 3160 dita
254 3130 397 3170 ratione,
419 3141 567 3173 perquam
601 3141 658 3164 ane
673 3132 856 3172 manifesta,
878 3133 949 3174 quia
967 3141 1041 3164 con-

170 3169 273 3204 fertur
308 3171 460 3213 ejusmodi
491 3171 651 3208 institutio
684 3174 715 3206 in
737 3174 935 3215 praeteritum
953 3197 963 3213 ,
996 3175 1040 3204 ii:-

1093 110 1694 153 BYNKERSHOEK

1089 199 1162 231 gere
1179 189 1297 238 Leges,
1322 201 1391 232 quae
1410 194 1503 226 unice
1524 197 1662 237 pendent
1681 207 1698 229 a
1715 196 1837 231 secreto
1853 201 1952 243 cujus-

1090 241 1152 271 que
1167 242 1273 265 animi.
1318 233 1426 307 {aare
1449 235 1606 270 adsentior
1634 238 1777 271 Donello
1796 242 1953 277 Commeat.

1090 272 1162 313 Jiir.
1195 275 1287 306 Civil.
1353 301 1360 307 .
1389 276 1444 308 VI.
1479 278 1512 309 C.
1541 288 1589 316 19.
1614 280 1807 320 adfirmanti,
1828 285 1951 326 noneffe

1088 317 1280 354 captatorium
1303 315 1516 358 institutionem
1533 342 1545 358 ,
1582 323 1716 362 quamvis
1723 323 1807 362 forte
1823 323 1950 366 constare

1080 354 1162 400 pvoffit
1173 378 1183 394 ,
1207 356 1369 398 testatorem
1379 359 1470 400 faiffe
1487 361 1537 392 hoc
1555 364 1671 402 animo,
1704 369 1737 394 ut
1755 363 1892 402 fimulato
1909 378 1922 398 ο
1939 385 1950 391 -

1081 399 1150 436 ficio
1157 403 1329 437 provocaret
1347 401 1464 433 heredis
1481 405 1801 437 mutuavivolantatem
1818 406 1855 442 ὅ)
1869 368 1950 450 1·ηῶ-

1088 439 1226 470 tatz'onem
1243 462 1253 478 ,
1286 451 1375 480 riam,
1407 443 1531 484 inquit,
1562 446 1609 476 hic
1626 447 1741 477 animus
1756 447 1892 480 haeredem
1914 452 1951 482 ad

1087 485 1216 524 mutuam
1232 480 1317 521 istam
1332 481 1543 524 institutionem
1560 497 1617 518 non
1636 485 1804 527 obstrinxit.
1848 489 1890 521 At
1913 501 1953 524 ue

1087 528 1131 565 ita
1148 521 1201 561 qui
1216 522 1312 554 alium
1328 534 1407 565 pure
1425 524 1543 567 scripsit
1560 528 1715 560 haeredem
1730 553 1740 569 ,
1765 529 1787 561 fi
1806 539 1878 562 cuin
1912 531 1952 564 C·

1088 567 1128 606 tis
1145 561 1329 603 loquamur,
1353 574 1418 597 non
1435 575 1538 607 captat
1560 569 1626 609 ejus
1653 569 1887 613 haereditatem,
1912 581 1955 606 et-

1088 601 1172 633 iamfi
1194 611 1302 649 captet
1317 629 1327 644 ,
1359 615 1429 637 nam
1453 608 1474 639 fi
1495 609 1660 642 decefferit
1676 621 1748 644 ante
1766 620 1925 654 captatum
1941 640 1953 658 ,

1088 642 1174 689 valet
1191 645 1354 690 institutio.
1400 647 1591 690 Exemplum
1607 652 1758 691 eiusmodi
1769 663 1854 695 purae
1871 656 1956 690 insti-

1089 691 1239 724 tutionis,
1263 697 1370 727 parum
1387 690 1557 728 prudenter
1574 693 1604 724 &
1619 692 1759 726 feliciter
1781 705 1799 727 a
1815 705 1955 738 captato-

1089 734 1124 756 re
1149 725 1243 759 factae
1258 751 1268 766 ,
1300 727 1345 760 est
1369 730 1449 769 apud
1475 730 1650 766 Lucianum
1669 734 1701 766 in
1717 735 1838 780 Dialog.
1867 740 1952 772 Μον-

1090 772 1164 798 taor.
1191 769 1325 800 Ciiemon.
1355 770 1391 805 δέ)
1414 770 1578 814 Damnipp.
1606 780 1640 814 p.
1665 785 1704 807 m.
1726 782 1798 818 246.
1819 779 1855 815 ὅ)
1868 782 1952 824 seqq.

1088 816 1232 854 captatus
1259 809 1303 842 ibi
1330 809 1470 844 succedit
1493 814 1527 846 in
1552 814 1634 847 bona
1654 820 1823 858 captatoris
1839 842 1850 859 ,
1880 830 1953 854 ante

1087 849 1228 883 defuncti
1247 874 1259 890 ,
1288 852 1360 893 quia
1385 861 1528 895 captator
1552 857 1771 890 conditionem
1786 869 1852 893 non
1868 864 1954 896 addi·

1086 890 1184 927 derat.
1238 892 1334 924 Aliud
1359 896 1541 937 exemplum
1572 898 1724 931 Moerichi
1748 901 1778 932 ἀ
1801 902 1932 936 Aristeae

1085 941 1218 973 quorum
1243 934 1322 965 alter
1350 936 1483 969 alterum
1509 940 1662 980 captando
1687 940 1885 984 instituerat,
1908 929 1954 978 est

1085 974 1165 1014 apud
1183 975 1316 1006 eundem
1334 975 1508 1011 Lucianum
1527 980 1559 1012 in
1583 980 1706 1023 Dialog.
1726 982 1870 1017 Mortuor.
1886 986 1953 1019 Cre·

1086 1021 1137 1046 tet.
1166 1015 1202 1050 δέ)
1228 1016 1360 1059 Diogen.
1387 1024 1422 1059 p.
1444 1030 1484 1052 m.
1511 1025 1581 1054 260.
1608 1022 1644 1057 ἐξ
1657 1026 1739 1065 seqq.
1773 1024 1825 1057 sed
1849 1027 1954 1062 rursus

1084 1065 1179 1097 pure:
1212 1066 1310 1099 utque
1332 1059 1411 1090 adeo
1438 1061 1501 1092 duo
1527 1062 1594 1094 haec
1619 1065 1764 1105 exempla
1790 1076 1955 1109 perperam

1084 1097 1261 1130 referantur
1278 1100 1315 1131 ad
1331 1109 1382 1132 eas
1406 1101 1619 1136 institutiones
1635 1129 1645 1145 ,
1678 1115 1752 1146 quas
1769 1107 1838 1140 Lex
1857 1118 1954 1143 vocat

1085 1141 1272 1185 captatorias.
1311 1140 1465 1183 Valebat,
1489 1153 1530 1176 ex
1547 1145 1616 1185 jure
1632 1147 1795 1189 Romano,
1819 1157 1953 1194 utraque

1086 1179 1264 1218 institutiO,
1288 1182 1433 1227 valebat,
1457 1186 1542 1225 quod
1560 1187 1614 1218 illa
1631 1186 1699 1220 esca
1718 1191 1786 1231 capi
1804 1198 1951 1234 poterat,

1086 1230 1184 1262 quum
1206 1229 1315 1267 *neutri
1341 1223 1452 1256 ineffet
1476 1227 1619 1259 conditio
1633 1252 1643 1267 ,
1673 1230 1789 1264 collata
1804 1233 1836 1264 in
1853 1232 1953 1266 secre-

1086 1269 1155 1293 tum
1171 1262 1281 1294 alienae
1305 1264 1503 1305 voluntatis3
1534 1267 1694 1301 inhiabant
1711 1272 1837 1311 quidem
1856 1274 1902 1307 illi
1921 1286 1952 1308 a-

1086 1302 1150 1344 pud
1175 1303 1351 1336 Lucianum
1376 1306 1509 1339 aliorum
1535 1309 1789 1352 haereditatibus,
1818 1312 1870 1347 sed
1885 1326 1952 1351 non

1087 1353 1127 1375 eo
1141 1344 1258 1384 mod0‚
1282 1355 1375 1386 quem
1391 1347 1462 1380 Lex
1476 1350 1637 1390 prohibet.

1129 1385 1237 1432 Igitur·
1248 1386 1312 1418 sive
1327 1387 1391 1419 duo
1406 1387 1509 1422 statim
1525 1400 1665 1425 mutuam
1683 1395 1880 1428 voluntatem
1899 1397 1953 1430 de-

1087 1426 1276 1460 claraverint
1292 1437 1357 1460 uno
1380 1431 1512 1471 codice,
1543 1433 1607 1465 five
1626 1434 1706 1467 alter
1724 1437 1848 1478 priore,
1873 1439 1955 1473 alter

1086 1467 1261 1509 posteriore
1277 1470 1409 1511 codice,
1431 1482 1627 1516 quaecunque
1643 1476 1767 1509 demum
1786 1478 1877 1511 causa
1895 1490 1952 1514 eos

1085 1510 1247 1551 impulerit
1270 1511 1303 1543 in
1326 1512 1521 1554 reciprocam
1549 1515 1825 1559 benevolentiam,
1854 1521 1955 1554 modo

1085 1551 1162 1583 abfit
1180 1551 1326 1584 conditio
1334 1576 1345 1592 ,
1369 1555 1473 1594 nulla,
1497 1555 1664 1590 secundum
1692 1559 1810 1601 JCtos‚
1834 1561 1951 1595 intelli-

1107 1593 1171 1625 itur
1197 1602 1233 1625 ca
1259 1594 1348 1626 tatio.
1393 1595 1470 1637 EJus
1493 1606 1598 1639 certe,
1621 1600 1673 1641 qui
1693 1600 1885 1642 postremum
1906 1611 1952 1636 te-

1113 1641 1182 1667 atus
1201 1644 1218 1666 e
1253 1658 1263 1675 ,
1287 1635 1413 1676 nullus,
1436 1646 1473 1670 ut
1486 1638 1571 1680 dixi,
1594 1642 1716 1674 animus
1728 1644 1872 1685 captandi
1888 1645 1953 1677 effe

1083 1676 1222 1717 poterit,
1247 1676 1319 1718 quia
1332 1676 1476 1712 rescribit
1494 1681 1647 1714 duntaxat
1669 1683 1856 1718 beneficium
1900 1696 1952 1719 an·

1085 1725 1135 1749 tea
1164 1717 1219 1749 fibi
1245 1717 1447 1760 adscriptum.
1492 1721 1695 1797 Qapropter
1709 1726 1792 1758 recte
1806 1709 1951 1759 observa-

1083 1759 1133 1790 vit
1153 1758 1301 1800 Cujacius
1319 1761 1357 1792 ad
1380 1761 1468 1795 Libr.
1484 1763 1512 1796 L
1532 1765 1673 1798 'XVHL
1703 1766 1824 1810 Digest.
1842 1767 1947 1810 Julia-

1082 1801 1116 1831 ni
1138 1800 1172 1846 in
1203 1801 1223 1832 l.
1247 1810 1273 1833 1.
1302 1800 1344 1842 ff.
1375 1804 1409 1834 de
1442 1804 1504 1836 His
1525 1816 1584 1848 quoe
1601 1813 1654 1847 pro
1677 1817 1734 1839 non
1746 1809 1855 1850 script.
1877 1810 1948 1843 hab.

1082 1841 1241 1888 Juhanum
1259 1843 1290 1875 in
1308 1843 1466 1884 formula,
1489 1856 1580 1889 quam
1599 1849 1643 1880 ibi
1667 1849 1782 1889 edidit,
1806 1858 1948 1891 captato-

1082 1883 1136 1914 riae
1165 1882 1373 1917 institutionis
1389 1908 1401 1924 ,
1431 1886 1520 1920 usum
1544 1888 1606 1921 esse
1630 1890 1728 1922 verbo
1743 1892 1918 1923 recitaverit
1934 1915 1950 1932 ‚

1082 1924 1168 1965 quod
1201 1924 1345 1958 futurum
1387 1927 1515 1968 respicit
1529 1953 1542 1969 ,
1578 1940 1643 1963 non
1668 1933 1828 1972 recitavit,
1861 1934 1948 1974 quod

1083 1972 1207 2011 tempus
1224 1967 1367 1999 exactum
1385 1968 1574 2010 respiceret,
1598 1973 1627 2004 &
1646 1972 1757 2004 utilem
1771 1972 1845 2006 fore
1861 1973 1948 2008 insti-

1082 2013 1260 2046 tutionem,
1282 2008 1303 2040 fi
1320 2008 1450 2042 testator
1468 2012 1627 2044 vocabulo
1648 2015 1799 2054 praeteriti
1822 2024 1946 2057 tempo-

1081 2047 1123 2079 ris
1140 2047 1248 2080 fuisset
1265 2048 1355 2089 usus,
1377 2060 1473 2092 quum
1487 2052 1530 2084 ita
1548 2053 1651 2086 omnis
1667 2054 1775 2088 hamus
1784 2055 1871 2088 absit.
1893 2057 1949 2089 Sic

1080 2088 1156 2128 ille,
1180 2088 1230 2121 sed
1248 2099 1409 2131 praeeunte
1431 2092 1559 2134 Gloss'a,
1584 2102 1619 2126 ut
1641 2096 1742 2136 Capite
1754 2099 1886 2137 proximo
1899 2098 1945 2130 di·

1082 2129 1189 2162 cebam
1201 2154 1210 2170 ,
1234 2131 1308 2172 quin
1325 2141 1506 2173 praeeunte,
1528 2143 1563 2166 ut
1579 2135 1621 2168 fic
1640 2137 1765 2177 audies,
1789 2137 1857 2180 ipso
1869 2139 1946 2172 Paur-

1081 2171 1114 2203 10
1130 2172 1161 2204 in
1185 2172 1205 2204 l.
1230 2181 1280 2214 71.
1297 2179 1345 2215 pr.
1365 2174 1408 2216 ff.
1430 2176 1463 2207 de
1486 2175 1606 2209 Haered.
1630 2175 1727 2219 instit.

1241 2303 1331 2342 Vi.

1085 2405 1253 2489 f·¹}{'.²¹'⁶‘²²a
1278 2403 1320 2447 ἐξ
1343 2408 1510 2445 emendata
1533 2409 1575 2444 L.
1605 2419 1662 2455 71.
1687 2420 1737 2457 pr.
1761 2408 1801 2445 ff.
1827 2410 1875 2448 de

1082 2464 1117 2490 in
1151 2464 1189 2491 it.

1077 2549 1169 2592 stituo
1186 2551 1343 2591 haeredem,
1372 2555 1424 2595 qui
1450 2563 1494 2585 me
1518 2562 1721 2595 1Νετ1τυῐτ,
1745 2546 1855 2597 qui'me
1869 2566 1944 2591 11AE-

1084 2601 1210 2624 REDEM
1239 2602 1387 2626 SCRIPsiT
1403 2617 1414 2633 ,
1442 2604 1506 2627 non
1526 2595 1557 2626 in
1582 2593 1744 2635 futurum,
1765 2599 1815 2639 qui
1832 2608 1875 2630 me
1892 2607 1945 2631 m-

1085 2642 1290 2673 sTrruERIT,
1316 2635 1368 2667 vel
1383 2644 1568 2668 HAEREDEM
1592 2647 1798 2671 scnipsERiT.
1842 2638 1899 2672 Illa
1913 2639 1944 2673 in

1085 2674 1281 2716 praeteritum
1303 2677 1420 2708 collata
1445 2676 1596 2718 scriptura
1617 2678 1695 2711 nihil
1713 2680 1878 2721 quicquam
1892 2689 1945 2712 ve-

1084 2723 1196 2754 natur,
1217 2725 1276 2747 nec
1291 2718 1422 2758 gratiam
1442 2726 1566 2759 captat,
1591 2718 1641 2752 sed
1659 2719 1773 2758 refert,
1797 2720 1868 2762 quia
1883 2720 1947 2754 fine

1084 2757 1147 2788 ulla
1165 2757 1351 2790 conditione
1367 2758 1495 2800 simplex
1512 2759 1557 2791 est
1573 2761 1695 2802 &pura
1741 2761 1945 2795 Conveniunt

1083 2798 1204 2830 Basilici
1235 2798 1275 2830 L.
1302 2800 1448 2833 XXXV.
1484 2801 1519 2834 T.
1544 2801 1604 2834 IX.
1632 2803 1662 2834 C.
1689 2812 1741 2844 71.
1775 2812 1869 2843 nam,
1902 2801 1946 2835 se·

1083 2840 1219 2872 cundum
1237 2840 1312 2880 lios,
1325 2842 1431 2873 valent
1449 2843 1476 2870 αἱ
1496 2847 1530 2874 εἰς
1548 2846 1587 2873 τὸ,
1603 2847 1760 2880 παρελθόντα
1777 2844 1862 2883 malm
1880 2857 1943 2879 wy-

1084 2882 1194 2922 κείβμοᾳ
1211 2883 1335 2914 cluniam.
1360 2883 1467 2915 addito
1484 2885 1649 2926 exemplo:
1674 2884 1730 2914 oin
1756 2887 1783 2922 ἐξ
1803 2887 1851 2916 'o'w
1868 2887 1946 2925 με’ρες

1084 2922 1193 2962 ἐ’γϋιψί
1213 2936 1244 2957 με
1265 2926 1370 2962 na'vp&
1392 2926 1540 2963 κληρςνέμοι
1554 2949 1563 2966 ,
1587 2931 1621 2956 &n
1637 2930 1754 2958 umbra
1771 2927 1817 2958 ’ἔς-υ
1829 2940 1865 2962 μυ
1877 2932 1944 2958 ssaff-

1085 2970 1139 2995 ᾸΘ·
1155 2964 1326 3002 κληρριὸμῶ».
1373 2965 1456 3010 Quae
1479 2966 1542 3009 ipsa
1554 2991 1564 3007 ,
1590 2968 1723 3000 totidem
1738 2968 1842 3000 verbis
1858 2989 1869 3006 ,
1890 2977 1942 3000 ex-

1084 3004 1164 3038 stant
1180 3006 1262 3047 apud
1276 3006 1516 3040 Constantinum
1535 3008 1807 3051 Harmcnopulum
1838 3008 1879 3041 L.
1903 3008 1941 3042 V.

1084 3052 1116 3079 ‚g
1136 3057 1218 3085 ιιροχ.
1253 3048 1388 3080 '12V11L
1410 3055 1457 3089 pr.
1504 3050 1639 3088 Valent,
1664 3050 1830 3092 inquiunt,
1854 3047 1941 3091 lnfii-

1084 3091 1208 3120 tationes
1224 3091 1255 3120 iii
1269 3092 1449 3130 praeteri'twa
1476 3097 1584 3132 tempus
1606 3091 1738 3131 collate,
1759 3091 1870 3130 veluti,
1886 3100 1942 3138 qim

1084 3141 1120 3162 ex
1145 3136 1230 3171 parte
1255 3141 1298 3163 wie
1326 3132 1432 3163 Petrus
1455 3132 1591 3164 haeredem
1610 3131 1750 3173 scripsit,
1771 3141 1809 3163 ex
1823 3141 1857 3163 ea
1872 3133 1944 3164 mihi

1086 3172 1195 3203 Paulas
1219 3173 1304 3204 haeres
1328 3172 1393 3213 esto.
1438 3172 1535 3221 Quod
1554 3173 1593 3205 ad
1612 3182 1677 3205 rem
1695 3173 1808 3215 ipsam,
1830 3179 1945 3213 praetet

1897 3222 1941 3245 *ea
