2008 3436
191 134 262 168 5126

189 220 239 258 bi,
262 219 418 249 orationem
437 216 532 248 videri
562 213 723 255 infinitam.
769 212 884 244 Mirum
904 212 952 242 hoe
975 209 1047 250 effe,

191 269 258 290 cum
280 269 299 290 a
319 258 463 290 Romanis
487 258 608 288 unicum
633 255 672 286 de
689 254 775 295 Jafim
793 259 878 294 caput
901 254 1047 290 duntaxat

185 300 227 339 fit
237 300 471 341 frequentatum.
517 297 566 330 De
591 296 698 337 reliquo
722 294 800 336 Jure
830 294 952 326 Rhodio.
999 292 1047 324 De

186 340 319 414 {ustitia
344 341 405 383 ejus
423 340 621 382 fragmenti,
643 336 784 381 quodsub
807 337 920 366 nomine
953 333 1046 380 Legis

223 381 325 421 hodiae
358 382 439 412 hodie
473 381 606 411 occurrit.
662 377 815 418 InscriPtio
838 377 899 418 ejus
935 375 979 406 Le
1005 385 1046 413 is,

211 428 275 454 rout
298 424 381 454 varie
409 420 521 462 exstat,
545 421 627 451 varie
651 429 687 450 ex
707 420 813 449 onitur.
859 416 967 457 Aliqui
1012 417 1046 447 de

186 429 329 505 {tegibus
350 484 361 502 ,
390 473 449 504 quae
478 464 641 498 dicuntur,
673 425 834 499 ffistiniani
867 456 1044 498 Georgicis.

191 504 295 536 Fidem
316 505 397 535 illius
414 503 532 545 Eclogae
557 501 735 532 Rhodiorum
759 499 875 530 navalis
887 498 952 540 jam
977 495 1046 528 aliis

185 546 277 587 fuiffi
284 545 459 587 suspectam.
506 543 623 583 Cujacii
640 542 672 571 de
691 551 725 571 ea
742 538 859 578 haerefis.
896 538 944 570 Ar
967 540 1048 569 uitur

193 593 297 627 apertae
308 586 451 626 fraudis,
475 584 510 619 δέ)
525 583 598 625 quod
614 583 652 612 ad
666 582 781 612 dicendi
797 581 907 611 modum
976 580 1048 620 quod

191 629 232 659 ad
257 638 317 660 rem
338 626 439 667 ipsam.
484 624 552 656 Has
577 624 704 663 ineptias
729 632 747 652 a
769 621 923 653 Mornacto
947 626 1047 661 perpe-

192 679 258 700 ram
285 668 477 698 commendari
503 672 535 696 ut
562 662 724 705 pretiosas.
777 661 830 694 An
857 661 893 697 δέ’
919 671 970 692 cnr
1001 671 1049 692 eas

194 716 255 740 tam
285 709 362 739 laute
385 706 587 746 confirmarint
610 703 764 736 Romani?
788 703 872 750 Quid
897 703 1049 734 dicendum

192 751 330 788 videatur
360 749 394 779 de
419 747 641 784 Au&oritate,
662 755 722 787 quae
747 746 836 786 vulgo
859 744 1050 784 proemittitur

194 791 270 832 Juri
286 790 411 821 Rhodio.
436 788 565 820 Romani
579 787 712 827 nunquid
727 785 906 827 generaliter
921 786 954 815 in
969 793 1049 815 caus-

186 831 230 871 fis
255 831 413 863 maritimis
437 829 514 870 Jure
553 828 666 859 Rhodio
683 849 693 865 ‚
713 828 768 865 ⁴sed
790 828 884 858 veteri
909 835 1051 866 veroque,

185 873 307 914 fuerint
324 870 395 910 ufi?
423 870 513 913 vulgo
540 871 585 900 ita
607 868 770 909 persuasum
793 867 865 908 effe,
891 866 926 902 &³
952 867 1051 908 quihus

192 914 383 956 argumentis.
423 912 543 943 Grande
557 910 760 951 praejudicium
777 914 879 939 contra
895 909 970 938 hane
980 907 1049 949 sen-

193 956 339 992 tentiam,
362 952 397 988 &
408 951 528 993 frustra
555 961 606 982 nos
625 951 699 982 illud
720 951 846 981 amoliri.
892 947 1050 988 Confirma-

192 998 286 1027 tiones
302 995 347 1027 Le
371 1004 419 1025 um
436 993 618 1025 Rhodiarum
637 992 714 1031 forte
729 1001 786 1022 non
804 989 973 1031 pertinuiffe
994 988 1052 1028 nifi

193 1038 232 1069 ad
239 1037 331 1078 filius
386 1035 452 1066 hodi
469 1035 626 1067 αὑπιομιάι.
651 1032 742 1064 Nihil
760 1031 833 1073 effe,
852 1033 924 1073 quod
944 1028 1048 1070 obstet,

192 1080 228 1111 in
243 1078 299 1110 illa
308 1076 525 1109 Auctoritate:
547 1074 623 1105 nihil
638 1074 726 1105 etiam
742 1073 789 1104 hic
808 1074 883 1113 apud
902 1071 1053 1110 Volufium

195 1119 389 1153 Maecianum.
433 1116 496 1164 Qui
515 1115 572 1156 ipſse
585 1114 667 1157 poffit
690 1114 802 1187 negari
818 1116 852 1145 in
870 1113 955 1154 causa
972 1113 1051 1144 Rho-

196 1162 265 1200 dia,
289 1161 375 1201 idque
389 1158 445 1199 seu
466 1157 602 1196 Rhodus,
625 1156 704 1187 inter
751 1154 979 1197 yclades'fuerit
997 1164 1051 1185 nu-

196 1207 331 1239 merata,
344 1200 400 1241 seu
422 1209 479 1230 non
492 1198 601 1239 fuerit.
648 1197 745 1239 Leges
763 1196 895 1228 Rhodias
916 1204 974 1226 non
999 1204 1052 1226 va-

195 1242 275 1285 luiffi
291 1240 348 1281 nisi
363 1243 396 1272 in
413 1240 523 1272 Rhodo,
550 1238 640 1279 Apud
666 1238 813 1270 Romanos
830 1247 887 1268 non
901 1235 991 1277 fuiffl
1007 1237 1051 1266 re-

196 1294 228 1316 ce
249 1289 294 1316 tas
311 1281 368 1322 nifi
382 1291 467 1320 eam,
487 1291 547 1322 qzcae
575 1281 609 1310 de
629 1279 714 1322 jaetu
736 1276 787 1319 est.
830 1277 879 1310 De
900 1277 951 1317 usu
965 1277 1054 1319 Juris

239 1321 410 1366 isbugycenfis
423 1323 537 1354 nautici
555 1322 631 1361 apud
647 1318 953 1361 Amfierdammenses,
995 1317 1055 1349 Le-

194 1377 246 1410 ges
264 1366 395 1398 Rhodias
409 1362 525 1405 potuiffi’
550 1362 700 1402 deinceps,
726 1362 816 1392 etiam
831 1366 916 1392 extra
925 1358 1056 1400 speciem

195 1410 231 1440 de
249 1406 363 1449 Jaftu,
379 1403 471 1446 fuiffe
490 1402 633 1451 extenfis.
677 1401 727 1434 Ita
737 1401 819 1443 forte
840 1402 962 1434 Groecos‘
975 1409 1055 1442 quos-

196 1451 264 1481 dam
284 1447 381 1488 JCtos
404 1446 455 1487 effe
479 1444 695 1486 intelligendos.
740 1443 813 1476 Non
839 1439 991 1483 constare,
1011 1450 1055 1473 ec-

197 1500 255 1532 qua
282 1490 332 1520 lex
350 1487 392 1527 fit
416 1489 449 1519 in
470 1486 634 1529 quisquiliis
652 1485 713 1516 illis
734 1484 823 1526 Juris
845 1484 975 1522 Rhodii,
996 1492 1056 1526 quae

195 1529 369 1570 vindicaffet
393 1528 547 1568 Amgwr),
562 1531 610 1558 οὗ,
625 1526 757 1561 δημοσίων.
803 1524 851 1559 De
861 1526 956 1567 primo
973 1525 1053 1565 capi-

196 1572 256 1605 tulo
274 1572 345 1614 quid
359 1571 497 1604 videatur
510 1568 692 1612 censendum.
991 1574 1050 1599 112

675 1650 750 1686 IX.

272 1740 389 1773 uosdam
407 1738 494 1770 libros
509 1736 598 1778 μῆπς,
613 1735 715 1778 semre
731 1737 766 1767 in
786 1734 823 1771 μιῖ
842 1746 875 1766 τις
899 1732 979 1766 nullo
995 1733 1051 1775 dis-

199 1785 334 1815 crimine.
377 1779 572 1813 Verficulum
597 1780 625 1808 εἰν
647 1777 682 1809 οἷς
715 1776 778 1813 ξ’ῗε.
821 1775 895 1808 reae
925 1776 1052 1849 trange-

197 1829 268 1856 runt
287 1832 402 1861 omnes,
415 1821 470 1863 sed
496 1822 602 1861 optime
623 1820 730 1861 aliquis
752 1828 788 1849 ex
809 1818 949 1860 antiquis.
1026 1827 1052 1848 e-

219 1876 264 1897 om
283 1864 431 1897 Rhodiam
449 1872 506 1893 non
522 1861 642 1903 firvari
652 1884 662 1900 ,
681 1859 709 1899 st
727 1858 814 1900 obstet
831 1859 976 1891 Romana.
1012 1857 1054 1891 Il-

196 1876 258 1938 fam
275 1906 472 1946 exceptionem
496 1914 515 1934 a
540 1903 649 1935 Graecis
688 1911 720 1932 uo
741 1911 774 1932 ue
797 1901 938 1931 traditam
956 1898 1007 1940 effi
1022 1901 1055 1931 in

196 1948 318 1980 eundem
328 1946 456 1988 sensum.
489 1943 609 1976 Habere
629 1911 726 1985 difficu
740 1947 847 1981 tatem,
863 1940 892 1980 fi
915 1941 991 1972 hanc
1008 1950 1055 1972 ac-

196 1990 290 2029 cipias
316 1997 354 2019 ex
374 1985 493 2027 nostra,
513 1995 571 2016 non
598 1985 723 2022 habere,
738 1982 767 2022 fi
791 1992 827 2014 ex
850 1983 972 2024 vulgari
988 1981 1055 2022 sen-

198 2031 305 2061 tentia.
354 2028 515 2068 Utrumque
529 2028 675 2066 probatur.
722 2025 794 2057 Non
803 2024 901 2064 facile
926 2024 995 2065 quid
1010 2033 1054 2054 re-

193 2072 266 2112 poni
283 2068 377 2110 poffe,
401 2078 488 2110 quam
511 2067 639 2099 Rhodios
663 2066 798 2104 αὑπνψίᾳ
809 2065 868 2105 sua
890 2075 948 2096 non
965 2064 1055 2105 fuiffe

196 2122 217 2143 u
230 2121 258 2142 os
273 2109 410 2150 adversus
427 2109 540 2151 Legem
564 2108 740 2139 Romanam.
787 2105 886 2152 Quam
906 2113 1004 2137 tamen
1025 2106 1056 2136 id

210 2159 235 2186 it
256 2150 373 2193 difficile
397 2149 487 2181 dictu.
533 2148 641 2181 Videri
668 2148 859 2179 'nihilominus
887 2147 1054 2186 probabile,

199 2193 310 2226 cunctis
338 2192 516 2223 Civitatibus
542 2190 686 2224 αόπνὸμοκ
712 2198 769 2219 non
797 2188 904 2229 licuiffi
923 2191 968 2220 uti
988 2188 1055 2228 jure

195 2233 312 2277 proprio
330 2255 342 2271 ,
366 2231 395 2271 fi
419 2231 584 2263 Romanum
609 2229 739 2271 obstaret.
788 2229 952 2269 Consentire
981 2229 1053 2269 Jac.

202 2274 412 2316 Gothofredum
428 2295 440 2312 ,
471 2274 551 2304 nohis
577 2272 706 2313 alioquin
735 2271 896 2310 adversum.
950 2270 1056 2302 Minus

201 2320 269 2349 bene
294 2325 358 2347 eum
379 2315 522 2346 advocare
546 2313 568 2345 l.
597 2322 624 2345 1.
643 2312 683 2354 ff.
708 2311 746 2343 de
766 2310 856 2343 Usur.
902 2311 1008 2353 Magis
1026 2321 1055 2342 eo

195 2357 320 2400 prodeffe
338 2356 435 2388 Plinii
451 2355 542 2386 locum
557 2355 589 2385 in
609 2352 760 2394 Epistolis
775 2353 808 2384 de
820 2352 950 2383 Civitate
970 2352 1056 2384 Ami-

193 2400 348 2442 senorum,
369 2398 418 2439 qui
437 2397 579 2428 recitatur
595 2394 632 2431 ὅ)
647 2398 810 2425 enarratur.
836 2395 987 2426 Λὺπμμίως
1005 2394 1057 2424 mi-

200 2451 255 2472 nus
267 2440 361 2481 plenae
376 2438 595 2478 interpretatio:
620 2436 670 2467 uhi
687 2433 723 2470 δέ*
737 2435 769 2465 de
794 2435 902 2465 Siculis
918 2434 954 2469 ἃ
976 2434 1056 2466 Gre-

500 1652 624 1686 CAe.

561 118 1086 165 CONSPECTUS

1162 121 1545 160 CAPITUM.

1089 211 1131 240 cis
1152 208 1307 249 Asiaticis.
1351 200 1424 241 Haec
1446 219 1498 251 quo
1522 210 1705 250 pertineant.
1749 208 1944 249 Interpretum
2002 205 2008 238 Ἀ

1091 252 1217 289 π’μςγκ.
1244 252 1281 283 In
1302 250 1464 283 Verficulo
1483 255 1550 282 Ten
1570 252 1584 287 5
1600 250 1678 282 nihil
1695 251 1844 281 variantis
1850 249 1943 293 scrip.

1091 298 1160 323 turae
1179 292 1248 333 effe,
1260 297 1292 323 ut
1311 301 1363 322 nec
1375 292 1444 332 fere
1462 292 1712 332 interpretationis
1728 291 1839 322 latinae.
1873 291 1942 332 Jac.

1093 333 1303 373 Gothofredum
1322 338 1420 363 tamen
1437 333 1558 367 9110'm0m
1580 337 1692 363 vertere
1714 330 1943 366 sacratflfimum

1088 383 1145 405 non
1170 375 1289 406 divum.
1335 373 1406 405 Non
1425 374 1555 415 liquere,
1578 373 1662 414 cujus
1680 371 1722 411 sit
1744 372 1791 403 bic
1815 372 1944 406 verficu-

1089 415 1146 447 lus.
1201 415 1307 446 Wderi
1335 420 1451 455 partem
1486 414 1537 455 effe
1572 413 1758 456 responfionis
1786 412 1943 448 Antonini.

1092 454 1155 502 Qui
1179 456 1367 496 Imperatores
1402 457 1579 487 anteriorum
1604 455 1780 495 Principum
1805 453 1944 496 Constitu-

1089 501 1180 528 tiones
1199 497 1316 537 firleant
1342 497 1490 529 adducere.
1539 497 1596 528 Cur
1627 497 1702 528 illud
1732 494 1862 530 ἔφη’ΰλυιμσ
1889 506 1945 528 non

1088 539 1226 569 videatur
1250 537 1301 577 effe
1314 536 1458 578 scholium
1487 537 1640 570 Maectani.
1686 537 1746 569 Per
1769 536 1944 571 Atwuwhic

1089 579 1220 619 intelligi
1239 578 1441 610 ottavianum
1452 577 1629 620 Augustum.
1674 578 1821 620 Jacotmm
1840 578 1945 610 Gotho·

1090 620 1203 656 fredum
1228 625 1379 659 perperam
1404 619 1570 661 intelligere
1591 620 1731 651 Marcum
1749 619 1945 652 Antoninum.

1092 661 1224 692 Verbum
1249 662 1370 694 §monim
1400 657 1621 700 Imperatorihus
1645 660 1682 695 ὅ*
1702 661 1782 692 divis
1808 659 1844 695 Θ
1868 661 1949 691 vivis

1091 702 1181 732 tribui
1210 699 1303 741 poffe:
1323 700 1547 740 appellationem
1573 711 1679 743 quoque
1707 700 1867 743 Augusti,
1894 700 1949 742 sed

1091 743 1244 784 quomodo,
1263 739 1508 783 fifignificetur‚
1532 744 1581 782 qui
1605 748 1666 774 tum
1687 743 1861 783 imperabat.
1903 741 1947 774 U-

1093 790 1193 824 traque
1213 782 1388 822 Gothofredi
1412 783 1488 813 ratio
1509 788 1563 823 pro
1588 783 1694 814 Marco
1712 782 1864 814 Antonino
1890 792 1947 814 me-

1090 830 1220 856 moratur
1242 833 1276 854 ac
1303 823 1461 863 refutatur.
1508 823 1613 855 Multa
1638 825 1679 855 ihi
1702 825 1737 856 de
1759 822 1950 856 Praefatione

1091 865 1156 898 LL.
1183 864 1375 896 Rhodiarum
1390 887 1400 903 ‚
1433 863 1470 898 ὅ)
1493 870 1638 905 tempore,
1678 874 1711 897 uo
1737 863 1867 896 Romani
1889 864 1947 897 Le-

1091 916 1157 948 gem
1174 907 1207 937 de
1228 904 1323 946 Jaitu
1338 911 1514 945 receperunt.
1548 905 1642 948 Augu
1668 908 1679 936 i
1688 904 1820 947 studium
1839 907 1872 937 in
1885 915 1948 938 con-
1972 934 1974 937 .

1082 948 1242 989 servandis
1271 946 1397 979 aliarum
1433 947 1575 978 Gentium
1610 948 1723 991 legibus
1751 945 1788 982 ὅ)
1813 948 1946 982 moribus.

1091 988 1226 1021 Philonis
1243 986 1344 1028 Judaei
1362 988 1439 1018 locus
1459 985 1632 1028 illustratus.
1678 988 1820 1030 Ejusdem
1843 988 1949 1021 Gotho-

1083 1030 1169 1070 fredi
1179 1028 1288 1068 fimitis
1305 1028 1496 1059 hallucinatio
1514 1030 1548 1060 de
1572 1029 1705 1068 Tiberio,
1722 1030 1773 1071 qui
1788 1031 1898 1061 occurit
1917 1031 1951 1062 in

1095 1070 1291 1102 Auctoritate
1314 1067 1380 1103 LL.
1406 1069 1608 1102 Rhodiarum.
1635 1071 1708 1103 Non
1727 1075 1788 1102 tuto
1802 1069 1952 1111 fidendum

1095 1110 1145 1152 effe
1167 1108 1262 1152 Fastis
1283 1110 1491 1151 Consularihus.
1536 1107 1685 1151 Exempla
1707 1112 1770 1154 esus
1789 1113 1833 1143 rei
1850 1121 1887 1144 ex
1902 1121 1950 1144 ea·

1094 1151 1398 1199 dem-Austoritate,
1419 1150 1466 1186 &R
1481 1151 1502 1183 l.
1519 1155 1549 1186 8.
1570 1150 1604 1184 ff.
1622 1152 1661 1184 de
1676 1151 1851 1201 Quaestion.
1877 1153 1949 1186 Per-

1095 1199 1198 1226 oratio.
1891 1199 1953 1234 114

1259 1286 1792 1332 ΕΠΙΒΛΗΜΑ.»

1142 1400 1264 1443 Occasio
1288 1402 1350 1446 ejus
1378 1401 1574 1438 ἐπιελῆμεῦθι.
1620 1400 1778 1436 Αιιὲἶονεπι
1804 1402 1952 1446 cujusdam

1096 1443 1336 1477 Differtationis
1353 1445 1392 1476 ad
1415 1444 1446 1477 h.
1471 1444 1492 1478 l.
1515 1444 1590 1477 reite
1605 1444 1782 1487 observasse,
1805 1445 1951 1487 inspectio-

1096 1496 1162 1519 nem
1178 1487 1213 1518 de
1229 1486 1315 1529 jactu
1340 1495 1396 1518 non
1411 1486 1461 1528 effe
1485 1488 1521 1518 ab
1538 1496 1573 1518 ea
1599 1486 1748 1517 alienam:
1770 1484 1807 1521 ἐξ
1840 1487 1889 1518 uid
1905 1487 1952 1518 in-

1096 1529 1130 1559 de
1149 1537 1162 1559 e
1195 1529 1222 1559 ci
1244 1525 1330 1569 poffit
1351 1528 1384 1574 in
1410 1537 1471 1559 rem
1496 1525 1633 1568 nostram.
1677 1525 1726 1559 De
1743 1495 1857 1568 VoluJiz·
1883 1527 1953 1560 libro

1093 1578 1161 1643 ἕζεαι
1186 1578 1253 1652 8ςῇ
1264 1568 1387 1651 Ιτὶὴῇἀιε
1429 1569 1478 1600 uid
1505 1570 1580 1601 idem
1599 1567 1692 1609 reete,
1715 1569 1787 1610 quid
1823 1578 1886 1602 ecus
1906 1570 1955 1605 viz

1161 1621 1196 1643 ur
1254 1620 1272 1642 a
1285 1620 1316 1643 ui
1339 1620 1362 1641 e.
1850 1621 1955 1645 ‚auara

1094 1661 1181 1694 quam
1190 1652 1290 1693 fuerit
1318 1653 1451 1684 tricatus.
1497 1652 1545 1684 De
1574 1650 1604 1691 «ᾖ
1621 1653 1722 1691 'saepta
1747 1649 1784 1687 ἐπ’
1803 1655 1835 1691 -ιῇ
1857 1653 1955 1691 Μαλέᾳ

1092 1694 1163 1735 quid
1189 1693 1240 1726 ille
1255 1694 1366 1724 dixerit
1391 1693 1440 1724 vel
1465 1693 1617 1732 omiserit,
1645 1694 1718 1741 quod
1744 1693 1825 1725 nohis
1845 1692 1954 1724 ateium

1093 1733 1145 1776 ‘³st-
1190 1734 1231 1785 Ω,
1755 1733 1953 1776 obscuritatis

1451 1620 1465 1641 e
1491 1611 1590 1642 verbis·
1615 1610 1762 1649 Μὐφεςιφῖυ

1223 1735 1332 1766 uoedam
1356 1744 1393 1766 ea
1414 1735 1448 1765 de
1473 1745 1504 1766 re
1528 1735 1698 1766 admonitio.

1095 1786 1160 1807 eum
1183 1774 1328 1817 postulare
1339 1775 1520 1818 sententiam
1537 1775 1612 1817 Jac.
1658 1775 1830 1816 Gothofredi
1850 1776 1884 1807 de
1908 1775 1953 1806 δη-

1096 1817 1192 1852 μοσίοις
1210 1819 1256 1846 τὸυ
1270 1817 1315 1849 nl<
1332 1816 1472 1848 κυιλοίὲις
1489 1818 1626 1856 ,ἰωήν-πη
1649 1826 1684 1849 ne
1723 1826 1737 1848 e
1760 1822 1857 1849 tamen
1870 1816 1953 1849 vide·

1096 1860 1124 1890 ri
1140 1859 1292 1900 quicquam
1311 1859 1428 1899 adferre
1446 1858 1555 1890 clarius
1571 1859 1619 1891 vel
1636 1868 1678 1890 me
1692 1860 1746 1890 ius.
1777 1857 1955 1900 Responsum

1098 1899 1249 1932 Antonini
1270 1899 1332 1940 ejus
1347 1900 1519 1940 Principis,
1542 1909 1599 1931 non
1619 1899 1766 1941 JCtorum
1780 1900 1876 1931 verbis
1887 1904 1953 1940 pro-

1093 1942 1176 1982 poni.
1229 1940 1391 1982 Dzffentire
1424 1940 1582 1973 Auctorem
1614 1941 1696 1973 illius
1719 1939 1954 1972 Differtationis

1098 1983 1188 2014 nullis
1215 1982 1386 2014 auetoribus.
1432 1983 1540 2014 Contra
1565 1983 1684 2014 eundem
1715 1982 1828 2013 omnino
1855 1980 1954 2024 legen-

1098 2025 1166 2054 dum
1182 2023 1232 2064 effe
1253 2023 1406 2062 εὐδαίμονι,
1429 2024 1520 2055 dandi
1548 2023 1632 2063 casu,
1656 2032 1713 2053 non
1734 2022 1882 2061 Εὔδαμον,
1906 2032 1955 2053 vo-

1099 2066 1187 2098 candi
1205 2064 1281 2105 casu.
1327 2063 1517 2106 Singularem
1537 2063 1663 2104 aliquem
1687 2062 1887 2095 Eudaemonem
1896 2063 1954 2104 sub

1099 2105 1258 2137 Hadriano
1276 2103 1395 2146 frustra
1419 2114 1482 2135 eum
1504 2113 1625 2145 quoerere
1643 2103 1679 2140 δ’
1706 2104 1754 2136 hic
1778 2104 1954 2147 intelligere.

1098 2146 1285 2177 Antoninum
1311 2155 1379 2176 vere
1406 2145 1465 2176 dici
1496 2148 1531 2176 ⁷3
1551 2147 1638 2181 ›da-„u
1665 2144 1746 2182 κόριον
1766 2145 1818 2187 qui
1838 2151 1953 2177 conten-

1097 2188 1149 2217 dat
1158 2197 1168 2224 ς
1183 2196 1235 2218 nec
1253 2194 1349 2218 tamen
1364 2187 1459 2217 minus
1469 2186 1607 2228 agnoscat
1622 2187 1774 2218 locutionis
1786 2187 1952 2227 κει-ια’χρηιιο.

1098 2227 1146 2260 De
1172 2227 1291 2259 lectione
1317 2228 1467 2259 verborum
1492 2230 1505 2256 a·
1537 2227 1564 2256 δὲ
1589 2228 1661 2261 ,ὅμως
1684 2230 1725 2259 τῆς
1745 2227 1873 2261 baie-ne
1898 2228 1953 2260 ali-

1097 2270 1166 2310 quid
1194 2279 1257 2300 eum
1288 2268 1455 2309 indicaffe5
1480 2267 1535 2308 sed
1560 2278 1646 2310 quam
1678 2269 1756 2300 nihil
1785 2268 1953 2311 profecerit.

1100 2309 1185 2357 Quid
1208 2311 1289 2341 circa
1313 2308 1396 2341 illum
1418 2309 1606 2341 verficulum
1623 2308 1813 2351 praestiterit,
1838 2310 1886 2342 vel
1903 2315 1953 2351 po-

1099 2355 1156 2382 tius
1173 2361 1230 2382 non
1240 2349 1423 2392 praestiterit.
1466 2349 1515 2382 De
1534 2351 1712 2382 Civitatibus
1730 2353 1870 2386 αῡπιὸμοις
1884 2361 1955 2383 non·

1099 2392 1175 2424 nihil
1196 2391 1298 2433 dixiffe
1317 2394 1355 2424 ad
1372 2389 1466 2432 instar
1490 2392 1574 2434 ejus,
1598 2393 1671 2434 quod
1693 2402 1743 2424 nos
1757 2393 1958 2434 probavimur.

1896 2435 1956 2465 116

1796 3223 1955 3263 COR-
