2008 3436
147 105 217 138 494
765 94 782 128 P
876 94 914 128 N

184 183 1002 219 legatumvindicationisdominiumleantariifacitffaroa.

284 231 340 249 non
358 223 510 258 acquiritur
521 224 591 250 110111
603 245 609 257 ,
621 223 709 251 ctllex
728 223 892 251 testamento
909 224 952 251 vel
969 225 1003 250 ab

187 259 317 287 intestato
337 262 361 287 ei
378 261 522 288 debeatur.
832 263 870 290 11.
893 271 956 297 204.
977 271 1002 289 a.

149 298 343 326 Hereditatem
360 306 483 334 captare.
505 300 540 326 V.
562 299 691 333 Captare.

150 350 264 358 »—
284 338 372 370 gratia
398 337 422 364 &
447 337 643 364 benevolentia
673 337 795 369 mereri,
822 338 906 365 etiam
930 337 1005 365 laudi

190 375 285 402 datum
302 374 353 402 suit
373 376 446 410 apud
463 376 616 402 Romanos.
850 378 872 404 1.
894 384 959 410 432.
981 375 1006 403 b.

151 412 178 439 in
197 413 359 440 riercdirate
376 422 462 450 prenae
478 413 591 440 1101111110
603 412 676 440 itlem
690 413 758 447 juris
774 413 897 442 obtinuit
907 416 919 447 ,'
931 413 1008 450 qaod

189 451 215 478 111
235 451 331 487 legatis
350 460 438 486 poenae
453 452 576 478 nornine.
898 459 963 486 447.
985 451 1008 478 b.

285 497 313 516 ur
332 489 356 517 ὅ(
374 491 399 516 111
422 496 498 525 parto
515 488 686 516 hereditatis.
898 497 963 524 457.
986 489 1008 516 b.

151 528 415 563 Hermaphroditica
433 528 551 562 Legatio
565 536 625 563 qttae
645 533 770 554 vocatur.
846 528 881 555 11.
900 530 961 557 168.
982 537 1007 555 a.

151 566 396 600 I-Iermogenianns
413 566 497 602 JCtus
516 567 541 592 in
561 566 650 592 Libris
667 566 861 600 Epitomarum
877 566 948 602 Juris
965 574 1009 593 or⁴

190 604 283 631 dinem
308 604 395 631 Edit-'ti
411 604 539 638 Perpetui
558 604 696 639 sequutus.
873 606 895 632 l.
918 607 963 637 69.
984 603 1007 631 b.

286 642 346 678 plus
366 642 447 669 semel
473 643 555 670 novis
575 642 600 670 ἃ
625 641 742 670 insolitis
766 641 827 670 usus
849 641 901 670 fuit
925 650 1009 670 voca·

191 680 271 707 bulis.
898 681 961 708 ibici.
984 680 1006 708 b.

153 718 320 745 Hermolaus
337 718 482 745 Barbarus.
840 719 876 746 II.
898 725 962 752 2553.
983 728 1008 746 a.

153 757 348 787 Hieronirwiss,
372 764 473 783 nomen
490 756 643 791 proprium.
868 757 891 785 1.
915 759 957 790 78.
979 766 1005 784 α.

153 794 256 822 Hir-cur
272 793 375 821 alarum
393 793 417 821 &
432 795 487 821 oris
505 796 615 824 Vitium.
923 798 959 828 96
980 804 1005 822 a.

152 832 262 860 Hircosi
280 840 335 859 non
357 832 416 859 sunt
437 833 566 860 morbosi.
940 833 1005 861 ibid.

153 870 271 908 Hispani
287 880 321 898 an
331 871 440 898 Fretum
451 870 688 905 Gaditanumjure
697 869 745 899 fibi
757 870 890 906 subjicere
898 871 1010 908 possint.

851 910 887 937 11.
910 917 974 944 130.
994 919 1010 937 a

283 947 426 983 imperium
437 946 543 974 Oceani
556 945 602 974 sibi
612 946 766 975 adscribere
775 947 1009 982 dicuntur.134.a.

152 985 292 1020 Hispaniae
317 985 448 1014 universae
470 993 484 1012 a
504 984 672 1022 Vespasiano
694 986 741 1023 Jus
764 986 839 1013 Latii
856 985 909 1013 fuit
926 986 1010 1013 tribu-

192 1030 260 1051 tum.
856 1025 878 1052 I.
902 1032 964 1058 172.
986 1024 1009 1053 b.

154 1061 289 1089 Hollandi
306 1064 377 1090 recte
392 1062 459 1096 joco
476 1061 634 1089 dicerentur
649 1061 744 1099 Mergi
760 1062 883 1098 Agr-arii.
902 1070 966 1090 202.
985 1064 1008 1090 b.

155 1100 315 1129 I-loiluntliae
330 1101 413 1129 Curia
436 1109 493 1137 qno
514 1101 574 1134 jure
596 1100 767 1129 facinorosos
793 1101 854 1128 suos
880 1101 1011 1136 deportet

192 1147 227 1166 ex
252 1138 360 1167 ditione
375 1140 551 1166 Utrechtnna
569 1137 594 1165 ὅ(
610 1144 717 1166 contra.
841 1140 877 1166 ΙΙ.
900 1141 964 1172 287.
984 1149 1008 1167 a.

287 1177 427 1205 Ordinum
443 1177 584 1204 decretum
601 1176 635 1204 de
651 1175 793 1204 salutanda
809 1184 873 1204 arce
885 1177 1011 1204 Kronen-

902 1222 964 1248 130.
986 1215 1011 1242 la.

420 1251 547 1280 Ediftum
566 1250 600 1279 de
615 1251 785 1286 Legatorum
808 1251 955 1289 privilegio
969 1261 1010 1280 re-

192 1290 314 1320 vocandi
333 1291 456 1318 domum.
901 1298 963 1324 159.
984 1300 1009 1318 a.

289 1328 444 1356 Ordinibus
463 1335 477 1354 a
494 1335 551 1363 quo
568 1326 593 1356 dt
612 1335 669 1363 quo
684 1328 744 1363 Jure
763 1329 922 1366 ignorantia
943 1329 1010 1363 iuris

195 1368 327 1396 Gentium
343 1367 521 1402 exprobrata.
946 1374 1009 1402 157.

155 1405 319 1436 Hellandici
337 1405 506 1432 Graviones.
529 1405 566 1433 V.
588 1404 756 1433 Graviones.

154 1442 400 1479 Hoogerbeetslus.
421 1444 456 1471 V.
478 1443 686 1471 Barneveldius.

154 1484 292 1513 Homines
306 1490 362 1509 non
381 1481 524 1516 distinguit
539 1481 582 1515 jus
594 1481 736 1509 naturale.
902 1484 965 1517 183.
987 1491 1003 1510 a

153 1521 348 1552 Homicidium
372 1521 493 1548 hominis
518 1519 598 1548 liberi
619 1528 678 1549 non
694 1519 789 1549 differt
809 1520 844 1548 ab
858 1520 1015 1549 homicidio

193 1216 273 1251 burg.

194 1560 264 1588 servi
282 1559 356 1596 apud
372 1560 496 1587 Graecos.
856 1560 880 1587 1.
903 1567 966 1594 350.
987 1559 1011 1587 b.

153 1599 250 1635 Hopia
267 1597 372 1625 Indica.
904 1605 967 1632 105.
988 1597 1013 1626 b.

155 1637 269 1666 Horatii
287 1636 450 1671 Tergemini
472 1635 622 1664 Senatores
643 1635 734 1664 0111611.
924 1639 968 1670 78.
990 1635 1013 1663 b.

153 1677 286 1706 Horreum
307 1674 360 1707 est,
384 1675 411 1702 in
436 1682 492 1709 quo
517 1674 563 1701 sub
588 1681 659 1701 terra
686 1676 713 1701 in
738 1672 819 1702 doliis
842 1673 1012 1702 frumentum

193 1713 385 1746 condebatur,
406 1713 450 1740 vel
466 1719 556 1741 rerum
571 1720 800 1748 quarumcunque
815 1712 1012 1741 servandarum

194 1751 275 1780 causa
292 1752 428 1779 habiturn.
906 1759 968 1786 ¹54-
989 1751 1013 1779 b.

156 1792 186 1819 in
201 1790 296 1818 Hortis
314 1789 339 1817 se
356 1788 501 1817 ostendere
516 1787 726 1822 intelligendum
743 1788 783 1817 est
799 1788 834 1817 de
842 1789 956 1826 privatis
974 1789 1013 1818 lu-

195 1828 253 1862 dis,
277 1829 304 1855 in
322 1828 411 1856 hortis
433 1827 586 1863 aliquando
601 1827 699 1855 haberi
716 1827 812 1856 solitis.
901 1836 964 1863 152.
986 1838 1012 1857 a.

155 1867 258 1897 Hostes
275 1866 403 1895 bifariam
421 1866 622 1900 intelliguntur.
747 1868 750 1871 “
948 1874 1011 1901 172,

289 1905 429 1941 perduelles
452 1910 605 1935 vocantur,
628 1904 694 1932 hinc
715 1902 822 1941 hostium
844 1904 870 1933 &
885 1904 1011 1941 perduel-

196 1944 262 1972 lium
279 1943 431 1980 appellatio
447 1942 486 1970 est
501 1941 626 1970 confusa.
902 1943 965 1971 ibid.
986 1944 1010 1971 b.

290 1983 349 2009 vivi
365 1981 478 2009 fuerunt
497 1980 594 2008 exusti.
946 1981 1011 2009 ibid.

156 2020 252 2049 Hostis
268 2028 325 2047 non
342 2021 427 2048 habet
443 2019 588 2057 personam
604 2016 692 2046 standi
707 2018 867 2055 injudicio,
880 2018 928 2047 nifi
938 2028 1013 2047 com-

195 2059 290 2086 mercii
309 2058 398 2095 03013.
893 2059 919 2085 11
950 2066 1015 2092 205.

292 2096 309 2123 11
326 2101 452 2123 arceatur
467 2104 482 2122 a
497 2095 620 2130 judicio,
640 2103 732 2131 neque
747 2095 876 2123 adversus
892 2095 1016 2129 nostem,

194 2135 224 2162 in
239 2135 361 2172 Imperio
377 2133 472 2162 nostro
485 2133 559 2161 forte
571 2133 718 2169 degentem
728 2155 735 2167 ‚
750 2134 820 2162 reete
833 2136 1018 2170 experiemur.

711 2171 714 2177 '
909 2172 971 2201 ibid.
993 2172 1016 2200 b.

292 2211 441 2247 impetrata
459 2209 608 2238 securitate
625 2218 674 2245 per
693 2208 829 2237 hosticum
845 2211 1015 2244 transeundi,

197 2250 224 2278 in
241 2249 289 2278 suo
309 2249 453 2276 territorio
475 2249 547 2275 recte
568 2250 685 2283 capitur.
905 2251 969 2283 238.
989 2259 1015 2277 a.

293 2288 319 2314 in
346 2286 482 2314 hosticum
507 2291 639 2313 venturus
656 2306 665 2319 ‚
692 2284 710 2312 sr
733 2285 905 2315 securitatem
931 2289 1017 2322 impe-

197 2327 296 2359 travit,
319 2333 353 2353 an
369 2333 385 2352 a
401 2324 588 2352 creditoribus
604 2324 785 2352 conveniri&
799 2325 1017 2363 detineripoffit.

954 2363 1017 2393 ibid.

159 2402 279 2433 Hostem
302 2400 417 2438 aggredi
430 2401 474 2429 vel
490 2400 617 2438 persequi
634 2407 668 2427 an
685 2398 767 2428 liceat
789 2401 817 2429 in
833 2401 924 2430 Amici
940 2403 1016 2429 terri·

199 2443 274 2470 torio
290 2441 335 2468 vel
352 2446 446 2477 portu.
946 2443 1013 2469 206.

295 2480 323 2506 in
350 2478 431 2506 amici
454 2483 556 2514 portu,
579 2476 661 2504 amici
685 2484 742 2504 non
767 2477 891 2511 bostem,
912 2486 969 2506 11011
986 2478 1016 2506 li·

199 2524 244 2546 cet
260 2516 373 2554 aggredi
392 2516 437 2544 vel
454 2524 570 2553 capere.
593 2514 618 2542 &
636 2514 653 2542 fi
670 2516 733 2550 quis
754 2518 861 2553 capiat,
879 2518 960 2545 amici
976 2516 1015 2544 est

197 2554 324 2586 efficere.
344 2561 376 2582 ut
396 2560 478 2590 capta
499 2553 678 2581 restituantur
700 2552 743 2581 vel
769 2554 857 2584 sumtu
880 2555 948 2588 suo,
971 2554 1014 2584 vel

200 2594 288 2621 sumtu
304 2593 379 2627 ejus,
401 2593 449 2628 qui
471 2591 601 2619 damnum
618 2590 706 2627 passus
721 2591 770 2620 est.
906 2593 968 2621 ibid.
988 2603 1015 2622 a.

159 2631 277 2661 Hostem
303 2632 329 2659 in
358 2631 426 2657 mari
449 2636 547 2666 aperto
569 2629 768 2664 deprehensum
791 2630 856 2660 (lum
873 2639 1017 2668 oppugna-

197 2678 258 2698 mus
274 2669 299 2698 δε
314 2667 461 2700 caedimus,
483 2667 610 2704 persequi
627 2666 692 2694 licet
706 2675 795 2704 usque
812 2670 846 2697 ad
869 2671 951 2698 amici
968 2669 1017 2697 flu-

195 2715 258 2737 men
277 2728 284 2739 ,
306 2707 452 2735 stationem
470 2727 477 2738 ‚
505 2711 617 2742 portum
632 2724 640 2737 ,
669 2706 756 2733 modo
779 2713 909 2743 parcatur
935 2708 1018 2735 amici

195 2746 314 2775 castellis
326 2767 333 2779 ,
354 2744 380 2773 ἃ
395 2743 520 2773 hostibus
536 2743 614 2781 ipfis.
635 2741 654 2770 fi
668 2744 819 2773 amicorum
841 2752 939 2782 portus
961 2747 1018 2781 jam

197 2785 340 2813 subierint.
906 2791 971 2818 207.
992 2794 1017 2812 a.

158 2837 238 2846 —-
261 2825 287 2851 in
307 2821 452 2850 territorio
461 2819 573 2849 alterius
586 2821 657 2850 reste
666 2819 856 2858 persequimur
867 2830 901 2849 ex
911 2823 1019 2850 recenti

194 2861 290 2898 praelio
305 2860 469 2896 fugientem.
911 2859 973 2888 ibid.
994 2860 1019 2889 b.

1013 95 1048 130 D
1147 93 1176 128 E
1276 93 1308 128 X

1047 183 1182 212 Hostibus
1203 184 1262 211 hene
1273 183 1374 220 precari
1389 182 1415 211 Et
1424 182 1538 221 salutem
1553 183 1652 218 dicere,
1669 184 1846 216 adulatorum
1855 188 1903 218 est.

1742 225 1777 252 ll.
1857 248 1863 254 .
1898 249 1907 257 .

1047 258 1082 286 ad
1096 258 1196 287 Hostes
1214 260 1366 288 amicorum
1384 267 1518 295 quasnam
1531 268 1573 288 res
1591 269 1647 288 non
1663 260 1745 291 liceat
1755 234 1904 294 adsghserg.

1797 310 1860 330 210.
1879 313 1909 334 α.

1149 343 1182 362 an
1194 335 1279 362 liceat
1295 335 1434 364 advenere
1449 345 1492 364 rcs
1502 337 1652 374 promiscui
1667 338 1728 367 usus
1741 345 1796 368 tarn
1811 341 1838 368 in
1851 341 1908 368 1101-

1085 373 1114 401 10
1131 382 1212 408 qnain
1229 379 1307 400 extra
1322 374 1437 402 bellum.
1841 378 1903 407 ibid.

1151 420 1184 439 an
1203 411 1260 447 ipsa
1275 413 1389 440 materia
1411 421 1502 441 rerum
1526 413 1731 450 prohibitarum
1746 424 1860 452 quoque
1876 416 1907 446 sit

1090 450 1240 485 prohibita.
1842 463 1906 483 211.

1051 489 1095 523 qui
1116 488 1216 516 Hostes
1232 495 1289 515 non
1307 487 1375 515 sunt.
1397 488 1464 516 Vid.
1486 497 1542 517 non
1559 489 1662 518 hostes.

1051 528 1077 554 in
1095 524 1216 561 Hostico,
1238 534 1290 560 pro
1305 528 1333 553 in
1348 527 1398 553 loco
1417 524 1516 562 hqslz'lz',
1540 527 1581 555 vel
1598 528 1736 557 barbarico.
1758 530 1779 557 1.
1798 537 1859 557 122.
1879 540 1906 559 a.

1050 565 1210 594 Humanitas
1240 563 1278 591 est
1308 564 1396 599 pietas
1413 585 1420 596 ,
1460 565 1486 593 ἃ
1508 568 1663 594 communis
1696 567 1908 603 benevolentia,

1090 610 1172 637 quam
1187 603 1274 630 homo
1291 602 1397 629 1101111111
1417 602 1510 630 debet.
1671 613 1733 640 124.
1753 605 1776 634 b.
1800 614 1859 639 125.
1879 617 1905 635 a.

1051 640 1228 668 Humanitati
1244 639 1374 668 tribuitur
1393 642 1515 674 gratuita
1535 641 1685 677 sepultura.
1800 643 1861 672 ibid.
1880 644 1904 673 b.

1051 678 1236 706 Hunmnicatz's
1255 680 1388 714 negotium
1401 687 1509 714 gerere,
1533 679 1610 715 quid.
1845 681 1905 711 ibid.

1050 717 1196 750 Humano,
1218 724 1269 753 pro
1290 717 1484 751 mimmii-‚quie
1501 718 1649 745 humantur.
1813 727 1858 754 24.
1881 720 1905 749 b.

1050 755 1295 790 Hydroparastatae
1308 775 1315 784 ,
1335 755 1557 783 Manichaeorum
1577 755 1655 784 setta.
1795 765 1860 790 422.
1879 768 1905 787 a.

1048 793 1259 829 Hypotbecaria
1282 792 1352 819 aerio
1377 801 1411 820 an
1451 793 1606 824 rescindere
1634 793 1717 832 poffit
1747 794 1905 824 servitutem

1091 830 1180 860 fundo
1194 831 1322 867 obligato
1338 831 1504 867 impositam.
1743 834 1779 861 Il.
1801 841 1865 868 373.
1882 833 1906 863 b.

1471 909 1493 937 1.

1057 945 1101 1019 I.
1127 983 1158 1011 In
1186 984 1306 1020 antiquis
1335 983 1473 1022 scripturis
1496 984 1590 1022 paffim
1620 983 1749 1020 adjicitur
1780 991 1847 1013 ante
1875 986 1907 1015 13.

1756 1024 1777 1052 I.
1799 1026 1862 1058 418.
1882 1023 1906 1053 b.

1053 1060 1075 1087 1.
1098 1059 1123 1087 &
1138 1061 1184 1088 El.
1206 1061 1273 1089 Vid.
1296 1061 1343 1089 ΕΙ.

1051 1099 1073 1126 Ι.
1095 1098 1119 1126 ἃ
1135 1100 1171 1127 T.
1193 1097 1275 1126 facile
1292 1104 1496 1135 permutantur.
1821 1102 1862 1134 78.
1883 1101 1908 1128 b.

1052 1137 1073 1164 1.
1093 1137 1156 1164 TA.
1178 1144 1236 1164 non
1253 1136 1292 1164 el’t
1310 1144 1377 1165 nota
1394 1137 1518 1164 indicans
1533 1137 1633 1172 primas
1655 1136 1767 1166 rabulas.
1818 1147 1864 1172 40.
1885 1138 1910 1166 b.

1052 1173 1168 1211 Jachren
1177 1183 1210 1201 an
1221 1174 1342 1204 debeant
1353 1175 1450 1203 haberi
1458 1176 1530 1203 inter
1539 1183 1624 1203 naves
1635 1175 1757 1204 bellicas.
1766 1176 1804 1204 11.
1814 1179 1877 1206 280.
1886 1176 1910 1205 Β.

1053 1212 1143 1249 Jaftus
1161 1213 1300 1240 nauticus.
1845 1222 1910 1249 470.

1054 1250 1170 1281 ldonior
1187 1249 1212 1277 ἃ
1232 1250 1370 1279 idoneior.
1775 1253 1797 1280 1.
1819 1260 1865 1287 43.
1885 1264 1912 1281 α.

1054 1292 1165 1325 Ignotus
1179 1289 1238 1320 ille,
1259 1290 1304 1316 ubi
1325 1288 1407 1326 degit.
1798 1298 1863 1324 245.
1883 1301 1909 1319 a.

1053 1327 1147 1360 ἰιιαιρία
1161 1326 1253 1354 insulae
1267 1335 1371 1354 nomen
1388 1325 1509 1359 est,n0n
1526 1327 1608 1354 maris
1624 1326 1715 1354 Icarii.
1752 1327 1788 1355 11.
1808 1336 1870 1362 ¹04·
1884 1339 1910 1357 a.

1053 1364 1166 1397 Ilienses
1183 1373 1240 1393 non
1257 1372 1366 1393 tantum
1383 1366 1444 1400 jure
1465 1364 1564 1393 Italico
1587 1366 1664 1392 beati
1679 1364 1806 1399 fuerunt,
1827 1366 1870 1394 sed
1885 1367 1912 1395 ἃ

1093 1402 1152 1431 aliis
1168 1403 1329 1439 privilegiis,
1763 1405 1785 1432 1.
1808 1411 1868 1439 171.
1887 1405 1911 1433 b.

1052 1441 1155 1470 Illicita
1178 1441 1204 1469 ὅτ.
1228 1441 1362 1478 probrosa
1385 1441 1513 1470 conditio
1536 1441 1596 1478 pari
1618 1440 1693 1478 passu
1710 1441 1833 1470 ambulat
1849 1451 1912 1471 cum

1094 1479 1262 1516 impossibili.
1802 1489 1868 1515 450.
1887 1480 1913 1510 b.

1057 1518 1186 1546 Illicirum
1203 1518 1228 1546 &
1243 1517 1385 1555 probrosum
1401 1526 1454 1551 an,
1465 1517 1489 1545 &
1501 1517 1614 1553 quando
1631 1516 1772 1546 differant.
1807 1519 1871 1548 ibid.
1885 1529 1911 1548 α.

1057 1557 1196 1593 Imagines
1209 1557 1411 1593 Imperatorum
1429 1555 1517 1583 cultae.
1800 1560 1865 1589 416.
1885 1567 1912 1586 a.

1055 1610 1133 1617 -——
1153 1595 1186 1622 iis
1204 1595 1355 1623 sacrificare
1371 1593 1838 1627 110100301611111113111,0011013118
1850 1596 1914 1624 Μ3-

1092 1632 1195 1667 jestatis
1211 1633 1425 1665 accusabantur,
1448 1632 1715 1668 damnabanturque.
1848 1633 1913 1662 ibid.

1052 1671 1255 1700 Imbecilliores
1276 1679 1384 1709 partem
1407 1672 1482 1700 suain
1505 1671 1617 1708 possunt
1642 1670 1732 1699 statim
1755 1679 1858 1700 vocare
1875 1671 1913 1699 ad

1093 1710 1215 1739 Curiam.
1745 1710 1781 1738 11.
1803 1712 1867 1744 298.
1886 1709 1913 1738 b.

1053 1749 1215 1778 Irnrnobiles
1235 1757 1287 1777 res.
1307 1749 1343 1777 V.
1365 1757 1420 1777 res.

1053 1787 1214 1816 Immobilia
1229 1794 1391 1825 recuperata
1409 1785 1582 1824 postliminio
1608 1785 1725 1815 redeunt
1747 1785 1783 1814 ad
1805 1786 1914 1823 priores

1094 1825 1235 1854 dominos.
1803 1832 1867 1852 200.
1887 1834 1916 1853 a.

1055 1878 1133 1887 ——
1154 1863 1276 1892 hostium
1292 1863 1357 1891 licet
1379 1871 1456 1891 mero
1476 1863 1538 1898 Jure
1559 1863 1626 1891 belli
1641 1861 1740 1900 poffint
1756 1863 1841 1890 vendi
1857 1884 1864 1896 ,
1885 1863 1915 1891 iu

1094 1903 1171 1930 omni
1191 1909 1285 1930 tamen
1305 1901 1362 1929 sere
1378 1902 1491 1938 Europa
1507 1909 1604 1929 eorum
1627 1907 1736 1929 tantum
1753 1900 1782 1928 fit
1798 1907 1915 1929 annota-

1094 1941 1135 1968 tio
1151 1962 1158 1973 ‚
1180 1940 1205 1968 61
1222 1940 1298 1968 fiscus
1313 1940 1414 1967 frunitus
1438 1940 1513 1976 capit
1529 1950 1536 1974 3
1556 1939 1635 1967 finito
1652 1947 1720 1967 vero
1735 1938 1810 1966 bello
1827 1939 1915 1975 pristi—

1095 1979 1137 2006 nis
1153 1978 1273 2006 dominis
1289 1977 1477 2006 restituuntur.
1804 1985 1869 2013 204.
1888 1987 1916 2006 rr.

1057 2017 1246 2046 Immobilium
1271 2015 1397 2053 posseffio
1427 2016 1503 2044 bello
1523 2015 1632 2052 quaefira
1652 2023 1797 2052 quousque
1818 2021 1917 2044 exten-

1097 2055 1187 2083 datur.
1849 2061 1915 2082 202.

1058 2093 1186 2122 Immum's
1200 2093 1301 2121 dicitur
1315 2101 1348 2121 ea
1369 2092 1485 2128 persona
1503 2113 1510 2125 ‚
1537 2091 1582 2119 vel
1599 2100 1631 2120 ea
1645 2100 1688 2120 res
1703 2112 1712 2126 ,
1731 2100 1791 2128 quae
1805 2100 1891 2120 onera
1905 2113 1916 2127 ‚

1097 2132 1158 2160 aliis
1182 2132 1282 2160 indista
1299 2153 1306 2165 ,
1327 2130 1453 2168 praestare
1468 2139 1525 2157 non
1541 2137 1660 2158 tenetur.
1761 2131 1782 2158 I.
1805 2134 1869 2159 261.
1889 2132 1916 2160 b.

1059 2170 1115 2198 Imo
1140 2192 1147 2203 ‚
1175 2170 1312 2206 particula
1331 2190 1339 2203 ,
1367 2170 1395 2196 in
1421 2169 1495 2196 notis
1514 2168 1593 2196 Pauli
1609 2169 1644 2196 ad
1666 2168 1830 2197 Labeonem
1848 2168 1916 2205 quid

1098 2214 1188 2236 notet.
1827 2210 1871 2242 76.
1891 2215 1918 2236 a.

1059 2246 1186 2283 Inzpedire
1203 2246 1277 2275 casui
1297 2245 1381 2274 tertio
1399 2245 1526 2281 Jungitur
1806 2252 1870 2278 209.
1890 2255 1916 2274 α.

1058 2286 1214 2321 Imperator
1235 2286 1262 2313 in
1287 2284 1398 2312 alterins
1425 2283 1568 2312 territorio
1583 2290 1649 2310 num
1668 2281 1699 2310 fit
1715 2288 1847 2318 tanquam
1864 2284 1918 2320 pri-

1095 2330 1186 2351 vatus.
1748 2322 1784 2349 ll.
1808 2329 1870 2356 149.
1890 2331 1916 2350 a.

1194 2361 1387 2388 Romanorum
1411 2359 1455 2387 vel
1471 2358 1557 2387 hodie
1579 2359 1781 2387 Germanorum
1799 2358 1918 2388 fueritne

1097 2408 1229 2435 umquam
1252 2399 1337 2427 totius
1360 2398 1446 2426 Orbis
1469 2398 1625 2431 Dominus,
1646 2397 1813 2433 disputatum
1833 2406 1849 2425 a
1870 2406 1917 2425 ve-

1097 2440 1200 2466 teribus
1218 2438 1286 2472 J'uris
1303 2436 1446 2472 magistris.
1807 2443 1875 2469 109..
1887 2445 1914 2463 a.

1057 2477 1254 2513 Imperatores·
1271 2475 1394 2503 Romani
1424 2483 1460 2503 an
1488 2474 1633 2511 imperium
1659 2473 1741 2502 maris
1766 2473 1917 2538 habuerit?

1094 2515 1171 2543 olim.
1628 2525 1629 2528 ¹
1809 2518 1870 2538 112.
1905 2532 1915 2540 .

1057 2553 1279 2590 Imperatoribus
1307 2550 1429 2580 delatum
1450 2550 1528 2579 fuisse
1551 2547 1732 2585 Proconsulare
1756 2548 1914 2585 Impert'um.

1097 2600 1155 2628 quo
1173 2591 1249 2620 sensu
1265 2590 1476 2626 intelligendum
1493 2589 1532 2617 111.
1763 2587 1784 2615 1.
1807 2589 1871 2616 281.
1891 2587 1916 2616 b.

1059 2631 1180 2667 Imperia
1200 2638 1257 2658 non
1275 2629 1419 2664 distinguit
1433 2629 1476 2662 jus
1493 2627 1616 2655 Naturae.
1748 2625 1784 2652 11.
1809 2628 1868 2660 ¹83-
1887 2635 1914 2654 a.

1195 2668 1331 2706 pleraque
1359 2674 1417 2694 non
1439 2673 1471 2692 ex
1494 2664 1582 2691 libero
1605 2663 1740 2691 Gentium
1766 2663 1913 2699 suffragio,

1098 2707 1143 2735 sed
1163 2715 1197 2734 ex
1217 2707 1246 2734 vi
1262 2705 1397 2740 originem
1418 2707 1568 2731 traxerunt.
1806 2710 1871 2737 244.
1887 2711 1914 2729 a.

1061 2746 1212 2782 Imperium
1230 2743 1256 2772 ot
1273 2742 1429 2780 Jurisdiffio
1446 2748 1480 2768 an
1498 2739 1598 2776 poffint
1613 2738 1748 2766 mandari.
1848 2743 1913 2769 260.

1194 2791 1292 2810 merum
1312 2786 1373 2816 jure
1402 2779 1534 2808 Romano
1559 2777 1685 2806 mandari
1719 2786 1775 2806 non
1803 2779 1916 2814 potuit,

1096 2825 1207 2851 mixtum
1222 2820 1325 2856 potuit.
1849 2815 1913 2844 ibid.

1193 2857 1362 2886 continentis
1385 2855 1479 2884 finitur
1495 2877 1502 2890 ,
1524 2855 1573 2883 ubi
1596 2854 1689 2883 finitur
1709 2861 1846 2881 armorum
1863 2861 1912 2889 po-

158 2899 262 2928 Hostes
279 2899 364 2927 hodie
389 2897 443 2925 sese
460 2897 579 2925 invicem
595 2904 702 2927 vocant
716 2900 821 2927 amicos.
905 2905 968 2932 195.
991 2908 1017 2927 a.
1096 2897 1187 2926 testas.
1803 2894 1867 2920 206-
1885 2901 1912 2920 a·

157 2937 288 2967 Hostium
297 2938 412 2965 nomine
421 2943 454 2963 an
467 2936 551 2963 etiam
565 2938 645 2965 amici
658 2936 742 2965 nostri
754 2937 943 2973 intelligantur
953 2957 960 2969 ,
970 2937 1017 2971 qui
1193 2934 1276 2962 maris
1291 2933 1315 2962 ὅ(
1323 2933 1480 2970 proprietas
1489 2932 1580 2964 maris,
1589 2937 1655 2958 num
1666 2929 1804 2958 differant.
1819 2931 1912 2957 1121.

193 2976 257 3005 vieti
271 2979 345 3013 apud
359 2973 451 3004 hostes
467 2973 544 3008 sunt,
568 2977 637 3005 urbe
653 2983 750 3004 eorum
765 2975 840 3004 forte
851 2981 1014 3011 occcupata.
1059 2974 1205 3011 Implicare
1220 2972 1325 3001 litibus.
1544 3009 1549 3014 ι
1567 3005 1573 3012 0
1777 2967 1800 2996 l·
1824 2975 1870 3001 92·
1888 2967 1914 2996 ὗ·

901 3020 965 3048 197.
990 3012 1014 3041 b.
1058 3010 1234 3049 Jmpossibilis
1249 3010 1386 3039 conditio.
1407 3010 1444 3038 V.
1466 3007 1604 3038 conditio.

290 3052 421 3082 1161101105
437 3053 462 3082 &
481 3053 597 3081 credita.
618 3053 656 3081 V.
676 3052 818 3081 Actiones.
1058 3051 1180 3087 Improles
1195 3050 1253 3085 qui.
1808 3050 1868 3078 113.
1887 3041 1912 3071 b.

155 3104 235 3112 -—
254 3099 296 3119 res
312 3093 429 3121 mobiles
444 3091 469 3121 dt
484 3091 634 3129 praesertim
655 3099 740 3121 naves
749 3088 863 3128 quando
877 3089 944 3118 fiant
966 3098 1011 3117 ca·
1052 3087 1203 3125 Imprudens
1218 3087 1256 3116 est
1273 3086 1396 3124 insciens.
1418 3095 1468 3114 non
1481 3085 1557 3114 valde
1571 3083 1690 3119 prudens.
1715 3119 1720 3125 .
1793 3119 1799 3125 ·
1863 3089 1909 3115 54.

187 3129 333 3165 pientiam.
947 3128 1011 3156 ibid.
1053 3126 1247 3162 Imprudentia,
1267 3126 1345 3163 JCtis
1363 3125 1468 3162 semper
1484 3124 1593 3161 culpam
1608 3121 1634 3150 ἃ.
1649 3118 1844 3164 negligentiam
1861 3127 1911 3147 no-

155 3167 184 3195 in
199 3165 328 3196 Hostium
348 3168 485 3198 cadavera
501 3167 570 3206 quid
583 3167 678 3198 liceat.
901 3169 966 3200 196.
986 3166 1009 3194 b.
1091 3171 1152 3194 tat..
1803 3157 1865 3185 sind.
1885 3156 1910 3184 ὗ·

1859 3195 1910 3222 lm-
