2008 3436
147 120 225 161 DE
275 86 706 157 AUcToRiss‘u's
754 102 1415 154 AUTHENthARUM,
1468 107 1675 148 c.v.v1.
1753 121 1797 156 73

25 195 79 248 ipsi
98 203 288 247 Justiniano,
320 206 433 232 eumve
460 194 604 240 proxime
629 191 745 226 secutis
767 190 889 237 Juslino

22 247 142 289 Juniori
155 271 164 286 ,
189 242 324 277 Tiberio
340 240 379 273 11.
396 238 455 270 'vel
473 237 629 269 Mauritio
646 233 824 275 Cappadocr
837 232 891 264 liu-

23 289 160 330 jusmodi
179 285 365 319 santuoncm
389 279 529 319 adfingit.
552 275 604 308 De
621 277 702 322 atavo.
726 274 842 321 Habita
856 275 888 306 C.

23 340 60 362 ne
72 329 118 370 sil.
134 335 186 370 pro
202 332 280 368 patr.
305 332 395 356 certo
413 321 600 357 constat,ut
616 325 726 356 novit,
751 325 802 362 qu}
823 325 891 347 Cain

24 371 123 412 legit:
156 377 191 401 ut
219 371 248 400 ot
283 366 322 397 de
339 362 529 396 authenticis
548 358 698 391 b‘riderici
714 357 751 389 ll.
778 360 799 389 sl
819 366 893 388 vera

24 407 63 445 sit
81 410 260 448 historiola,
284 416 375 449 quam
393 414 432 436 ex
449 401 612 435 Otiosi-edo
634 400 800 431 retulimus
819 399 889 445 Cup.

25 449 83 487 111.
111 460 241 492 eamque
258 473 267 488 ,
303 457 337 480 ut
356 446 472 487 vulgo,
498 443 664 483 intelligas.
688 441 727 472 de
748 440 891 481 justinia-

23 495 90 528 neis
107 494 209 526 adhue
225 490 349 533 quidem
377 488 454 518 adeo
479 485 634 516 incertum
660 481 704 514 est
722 490 729 514 1
752 490 787 514 ut
804 481 891 522 quod

23 534 272 569 incertissinmm.
318 529 394 562 Non
419 528 565 559 moi-alior-
585 534 638 563 ea,
663 533 731 565 qua:
752 533 809 565 pro
828 523 889 555 Lo-

24 574 127 610 thario
144 577 285 610 Saxone,
309 571 339 602 &
356 577 490 609 utroque
511 566 671 598 friderico
685 565 890 603 adferuntur,

25 627 99 651 curn
116 617 173 649 sint
187 612 386 655 ineptuiinia:
398 610 520 642 nullum
542 616 677 648 unquam
698 608 793 639 ullius
804 607 892 638 Prin-

25 659 106 701 cipis
123 658 283 690 decretum
303 654 340 686 ad
363 651 560 684 authenticas
587 649 798 690 congerendas
817 648 892 680 deii-

24 699 213 739 niendasque
240 693 439 728 interccliiss'e
462 701 579 737 verum¹
604 689 657 736 est.
705 690 839 734 Quodsi
862 700 892 721 a·

27 742 87 781 'as‚
110 740 154 773 lin
173 738 236 771 hoc
267 747 329 769 non
356 733 521 778 placuiss'et
536 757 545 773 ,
573 734 671 773 lplum
692 731 895 778 Accursrum,

24 751 207 819 bartolum,
231 779 360 812 Baldum
374 802 383 817 ,
405 777 505 813 alios,
538 783 657 806 novum
679 783 746 804 cito
763 773 894 804 authen-

25 823 160 856 ticarum
178 830 343 853 numerum
361 818 474 852 Codici
492 815 665 862 intrulJuros
677 813 895 862 fuili'e2quan-

27 864 215 908 doquidcm,
242 871 276 895 ut
296 861 462 897 novimus,
486 865 630 890 materies
652 866 715 887 non
735 857 831 888 desit:
850 864 895 887 ni-

27 907 73 940 hil
101 914 250 947 reponam
277 904 382 941 aliud,
434 910 502 932 uam
530 907 630 940 neque
654 898 818 929 Bartolum
842 897 895 944 vel

30 948 161 981 Baldum
176 945 290 988 glossas
309 943 411 985 scripsi
436 942 456 973 ‘e
473 965 484 981 ,
517 941 592 972 licet
612 948 676 987 *eas
707 948 770 970 non
787 939 894 971 defini-

24 990 109 1022 verit
129 987 270 1029 suprema
289 985 436 1028 poccstas.
482 981 683 1015 Conectione
704 981 756 1012 vel
776 981 894 1028 necui·-

27 1027 79 1071 sii,
104 1031 156 1062 vel
172 1029 300 1061 alterius
317 1028 519 1067 cujusquam,
536 1033 606 1065 qua:
624 1030 689 1054 erat
706 1024 788 1063 quasi
805 1030 896 1068 certa

25 1071 239 1109 &tralatitia,
260 1067 448 1111 posteriores
467 1066 538 1098 sunt
561 1065 621 1104 usi,
646 1073 776 1111 eamque
802 1071 896 1095 inter-

27 1113 142 1156 pretari
161 1111 317 1144 contenti.
341 1109 402 1142 Sed
415 1109 454 1140 de
476 1117 516 1139 eo
537 1107 607 1148 plus
627 1105 723 1146 satis,
747 1115 819 1138 cum
833 1106 895 1136 hoe

25 1157 86 1197 jam
103 1163 166 1187 non
182 1161 317 1194 agamus.

67 1195 197 1229 Dictum
216 1193 262 1226 est
282 1193 320 1225 de
336 1191 586 1230 verosimilibus,
605 1189 694 1232 plura
704 1199 768 1222 non
777 1189 896 1221 addam:

27 1243 96 1279 riam
121 1237 161 1268 de
178 1234 358 1268 differentia
377 1235 471 1276 styli,
495 1243 535 1265 ex
555 1242 617 1274 qua
632 1231 774 1264 diversos
792 1231 897 1263 aueto-

26 1289 75 1314 res
91 1277 220 1321 plurimi
237 1276 338 1309 sciunt
353 1275 557 1317 dignoscere,
583 1274 636 1305 hic
653 1282 811 1312 tacemus,
833 1282 896 1304 non

28 1326 169 1358 tantuin,
192 1318 278 1360 quod
295 1317 486 1352 authenticae
503 1326 545 1348 ex
564 1316 663 1347 veteri
684 1314 896 1347 Novellarum

28 1362 169 1394 versione
193 1360 231 1391 ad
257 1362 390 1391 verbum
406 1383 416 1398 ,
448 1367 598 1399 quantum
617 1365 762 1399 poterat,
784 1354 895 1387 descri-

53 1413 91 1435 tae
111 1402 190 1441 sint,
214 1402 244 1433 ἃ
268 1411 325 1443 per
345 1401 406 1432 hoc
431 1399 578 1441 loquendi
597 1398 710 1430 modus
726 1407 788 1430 non
805 1396 898 1438 possit

45 1452 97 1477 ere
118 1452 183 1476 non
201 1441 262 1475 effe
281 1443 362 1475 idem
377 1464 389 1481 ,
422 1440 475 1474 sed
495 1442 525 1474 ἃ
547 1440 633 1482 quod
651 1440 683 1472 id
699 1449 797 1482 genus
812 1448 901 1481 argu-⁴

643 1571 1045 1608 CAPUT·

933 190 1049 229 menti,
1074 197 1240 232 tantopere
1253 190 1398 231 quamvis
1415 190 1452 222 ab
1463 192 1531 223 aliis
1547 191 1804 234 depraedicatum,

934 242 999 265 non
1017 242 1078 264 una
1093 233 1216 269 ratione
1233 232 1308 263 mihi
1327 231 1500 273 displiceat.

977 273 1025 306 Ite
1044 283 1145 314 nunc,
1161 276 1190 305 ὅ(
1208 272 1360 305 lrnerium
1379 273 1430 305 vel
1449 274 1590 305 omnium
1611 276 1805 308 authentica-

934 325 1021 354 rum,
1053 316 1105 347 vel
1127 315 1244 346 nullius
1267 315 1426 346 auctorem
1452 314 1513 346 css‘e
1541 316 1719 356 perhibete:
1754 317 1808 348 liic

936 356 1052 399 scylla,
1078 356 1145 388 illic
1165 355 1353 398 charybdis3
1385 356 1469 397 quod
1488 357 1547 394 iis,
1571 361 1684 397 quibus
1708 358 1807 389 hatte-

935 408 992 430 nus
1011 399 1052 430 usi
1071 397 1174 430 sumus
1186 422 1194 435 ,
1217 398 1394 430 rationibus
1410 397 1483 429 satis
1498 398 1739 438 comprobatum
1751 400 1807 430 esin

936 440 984 471 Ex
1006 440 1044 471 iis
1059 440 1154 471 etiam
1174 439 1318 477 statuite,
1339 449 1414 471 num
1439 448 1547 470 verum
1565 441 1682 470 dixerit
1705 440 1810 479 (dixit

933 489 1037 512 autem
1054 481 1226 521 duntaxat)
1253 480 1422 512 bichardus
1451 481 1481 512 in
1508 481 1592 512 Viris
1617 483 1809 513 recentiorum

935 523 1102 565 JCtorum,
1120 524 1151 554 in
1166 525 1262 564 snite.
1294 521 1361 561 Etsi
1377 528 1494 561 autem,
1517 530 1638 561 narrat,
1657 522 1739 562 finit,
1758 524 1809 564 qui

935 569 983 596 [wc
1014 564 1284 606 (authenticarum
1311 564 1409 606 opus)
1439 564 1508 595 aliis
1540 574 1577 595 ex
1603 562 1726 605 venistis
1755 566 1810 596 zri-

936 609 1026 638 bu-unt
1043 630 1052 646 ,
1086 607 1242 638 communis
1267 611 1365 637 tamen
1392 603 1455 647 post
1480 604 1652 644 Accursz'zcm
1684 606 1752 645 (qui
1776 607 1808 636 iil

937 649 1127 689 compluribus
1143 650 1175 679 in.
1195 646 1288 690 glzgffis
1303 646 1444 688 testatur)
1468 649 1561 687 opinio
1576 646 1636 688 est,
1660 647 1808 679 Irrierium

937 692 1172 722 citcthenticurnm
1197 694 1340 721 citatiorem
1359 689 1419 730 effe.
1477 688 1552 721 Non
1570 697 1632 728 ait,
1661 688 1729 729 post
1749 689 1809 720 Ac-

939 732 1073 763 curlium
1098 731 1348 763 authenticarum
1372 729 1532 762 :metor-cin
1554 731 1695 762 habitum
1715 729 1810 761 suiss'e

938 773 1090 805 Irnerium
1111 793 1121 810 ,
1152 774 1220 804 olisia
1239 773 1398 813 antiquiori
1423 773 1584 811 trz'lmtmn,
1617 780 1650 804 ut
1673 772 1742 803 haec
1759 771 1811 803 de-

939 823 1065 855 torquet
1091 814 1162 846 Alb.
1187 814 1326 846 Gentilis
1354 814 1383 845 in
1409 813 1530 854 Dispzit.
1557 816 1590 846 cie
1625 814 1711 846 Libr.
1736 813 1808 854 Jur.

939 857 1029 888 Civis.
1055 866 1080 888 c.
1099 859 1129 887 6.
1152 857 1182 888 oe
1203 856 1383 896 detorqueri
1395 858 1531 896 gaudent
1550 856 1611 887 alii.
1660 856 1812 887 Exhibui-

939 908 1008 930 mus
1053 897 1195 929 Ficlrartli
1230 897 1344 935 verba,
1372 905 1405 927 ut
1423 905 1596 929 occurrunt
1618 897 1696 928 Tum.
1716 896 1740 929 I.
1769 897 1810 929 O-

938 950 1019 971 cearz.
1040 939 1112 980 Jzzr.
1138 941 1176 970 de
1195 939 1232 970 iis
1251 937 1316 979 ipse
1335 938 1476 978 judicato
1497 947 1536 971 ex
1557 938 1810 978 auctoritatibus,

937 991 1012 1023 quas
1032 980 1128 1012 modo
1148 980 1279 1021 protuli.

981 1022 1048 1055 Has
1071 1029 1174 1053 autem
1198 1022 1266 1053 dedi
1291 1045 1300 1060 ,
1333 1029 1484 1061 quantum
1510 1023 1586 1055 mihi
1604 1022 1757 1064 colligere
1775 1023 1810 1055 li-

938 1065 1024 1103 cuit,
1050 1073 1089 1094 ex
1107 1073 1251 1095 veterum
1278 1072 1296 1093 n
1311 1071 1492 1095 onumentis
1516 1060 1687 1104 JCtorum,
1712 1066 1742 1096 δι
1759 1065 1811 1095 dc-

939 1105 1047 1137 dissem
1065 1105 1169 1146 plures
1189 1104 1252 1136 sine
1268 1103 1385 1143 dubio,
1413 1104 1433 1136 si
1451 1107 1512 1136 non
1537 1106 1764 1137 intercidissent
1781 1115 1811 1137 a-

939 1148 1056 1188 liquam
1086 1147 1184 1177 multa
1210 1144 1487 1178 vetustiilimoium
1514 1146 1724 1188 Interpretum
1745 1147 1812 1179 bar-

939 1189 1103 1226 barorum3
1152 1189 1204 1219 uin
1222 1187 1243 1219 si
1260 1188 1312 1218 vel
1329 1196 1443 1227 omne,
1476 1189 1560 1229 quod
1581 1198 1690 1220 eorum
1709 1190 1812 1229 super-

940 1230 1004 1270 est,
1031 1229 1123 1261 habui
1149 1229 1219 1260 ein:
1243 1238 1282 1260 ex
1300 1228 1338 1259 iis
1358 1230 1411 1270 qui
1437 1238 1476 1270 pe
1494 1228 1568 1261 solis
1586 1229 1676 1268 fere,
1696 1240 1764 1270 qua:
1782 1231 1814 1262 in

940 1272 1019 1304 hanc
1049 1270 1234 1302 sententiam
1261 1270 1327 1310 peti
1357 1270 1511 1311 pos‘unt,
1549 1271 1683 1313 petenda
1716 1270 1813 1310 sunt,
1848 1293 1852 1296 -

940 1312 1191 1355 quandoquidem
1220 1311 1388 1344 historicos
1416 1311 1521 1344 saeculi
1552 1313 1624 1345 Xll.
1661 1314 1690 1345 ὅ(
1721 1312 1813 1345 XIII„-

941 1364 1007 1386 rem
1031 1352 1302 1386 monasteriensem
1329 1353 1437 1393 potius
1455 1377 1466 1394 ,
1501 1363 1592 1396 quam
1615 1354 1697 1396 Juris
1716 1353 1812 1387 lusto-

941 1396 1018 1429 riam
1038 1395 1194 1428 tradidiss'e
1209 1395 1310 1438 palam
1324 1392 1378 1427 est.

1101 1568 1192 1607 VI.

103 1677 213 1727 ,Quam
238 1678 314 1714 bene
342 1676 401 1712 alii
425 1675 588 1711 Irnerium
612 1673 884 1709 Aztthenticarum
909 1683 969 1708 non
994 1669 1052 1719 effe
1077 1671 1234 1707 auehi-em
1257 1671 1470 1717 probaverint
1491 1696 1500 1714 ,
1536 1662 1738 1718 expenditur.

89 1781 118 1814 ic
132 1805 143 1822 ,
165 1783 198 1815 ni
219 1781 334 1822 fallor,
370 1781 551 1823 expeditum
569 1779 632 1820 est,
657 1790 726 1823 quae
741 1779 901 1819 rationes,-

54 1853 68 1857 ,.
110 1825 140 1857 &
157 1824 294 1856 raniones
314 1834 377 1856 non
396 1834 484 1855 vanae
497 1847 506 1862 ,
532 1823 685 1863 plurimos
704 1821 898 1863 impulerint,

30 1868 79 1904 uti
94 1865 284 1898 diffidentius
311 1867 516 1907 loquerentur
540 1865 578 1896 de
601 1864 747 1902 auctore,
773 1863 826 1904 qui
848 1862 899 1903 Ju-

32 1907 154 1942 stiniani
177 1906 332 1940 Novellas
361 1906 545 1944 contraxit,
569 1906 598 1938 &
619 1906 651 1937 in
669 1905 791 1937 Codice
809 1903 901 1936 nobis

31 1944 277 1994 repraesentavit.
323 1948 507 1980 Poceramus
521 1948 572 1979 bic
592 1945 767 1979 subsistere:
791 1954 902 1992 ver-um

33 1991 107 2032 quia
125 1991 206 2022 inter
225 1990 332 2022 varios
353 1989 437 2021 illius
464 1989 601 2022 zomofi,
624 1989 785 2030 operarios
808 1995 902 2018 enam

31 2031 185 2074 {metium
211 2030 423 2064 recensuimus
441 2053 452 2069 ,
483 2032 512 2063 δί
537 2029 727 2062 adseruimus
744 2038 778 2060 ut
796 2028 903 2069 praeci-

32 2071 149 2115 putam,
171 2072 285 2111 restat,
309 2080 346 2104 ut
360 2072 398 2104 iis
414 2071 672 2113 respondeamus,
696 2070 748 2113 qui
766 2079 838 2101 cum
851 2070 903 2101 vel

33 2115 138 2144 naum·
155 2113 349 2155 explodunt,
382 2114 434 2145 vel
450 2114 593 2155 exceptis
611 2112 699 2144 forte
718 2111 903 2152 quibusdam

35 2152 255 2196 laciniis,ipso
273 2155 503 2196 interpolante„
523 2153 629 2196 postea
647 2152 773 2186 adsutis.
798 2152 903 2197 Quam

33 2197 256 2236 exceptionem
267 2218 279 2235 ,
300 2207 318 2228 a
332 2196 500 2228 Strauchio
518 2196 716 2228 adinventam
729 2219 739 2234 ,
763 2194 833 2234 Cap.
846 2193 901 2226 111.

35 2236 244 2274 discuffitnus:
270 2237 365 2278 igitur
382 2247 418 2268 ea
438 2247 547 2269 eorum
570 2236 763 2269 machinatio
787 2235 902 2266 solum-

35 2278 133 2312 modo
149 2278 300 2310 audienda
316 2277 360 2310 est
371 2302 380 2318 ,
406 2287 466 2318 qua
483 2278 633 2311 Irnerium
654 2278 692 2310 ab
709 2277 903 2310 authentica-⁴

35 2329 104 2353 rum
121 2319 353 2360 compositione
370 2319 461 2361 plane
478 2319 664 2352 excludunt.

37 2365 43 2371 ·
78 2359 212 2393 Carolus
237 2360 430 2400 Molinoeus,
461 2361 546 2393 illius
563 2360 723 2402 opinionis
739 2360 904 2402 princeps,

34 2402 120 2445 Leti.
147 2401 218 2434 Dal.
238 2401 294 2434 ΙΙΙ.
316 2412 408 2435 meo.
434 2401 560 2444 &seqq
583 2412 667 2441 uno,
688 2403 773 2443 quod
796 2403 865 2442 Cap.
877 2401 900 2433 L

35 2442 193 2482 diximus,
216 2452 401 2484 argumento
424 2453 478 2485 per
496 2445 649 2475 rationem
667 2443 818 2484 temporis
836 2443 903 2474 fieri

32 2484 119 2528 hand
135 2484 221 2526 posse
239 2485 422 2524 contendit,
449 2493 484 2516 ut
502 2484 800 2523 Irnerius,'aliusve
817 2484 904 2516 illius

38 2536 109 2567 aevo
132 2526 258 2567 aequzilis
282 2526 479 2558 authenticas
503 2525 727 2568 composuerit.
773 2525 861 2572 Quid
881 2525 904 2557 fi

37 2567 124 2610 'enim
139 2566 282 2606 constet,
307 2573 343 2598 ut·
359 2568 535 2600 Molinaeus
557 2568 582 2599 it
609 2568 775 2608 probatum
789 2591 799 2607 ,
824 2566 904 2598 Gre-

37 2607 163 2649 goritim
184 2608 337 2649 Magnum
365 2609 434 2641 Lib.
461 2609 521 2641 XI.
558 2608 654 2650 Epist.
686 2619 738 2650 54.
762 2607 903 2650 (repperi

38 2650 73 2693 in
97 2649 238 2688 Operibus
268 2650 353 2689 ejus,
384 2651 458 2692 56.)
482 2651 626 2691 allegasse
647 2657 728 2682 arcte.
751 2650 903 2692 Presbyte-

39 2689 143 2725 ror&
167 2689 311 2722 Diaconos
333 2692 363 2723 C.
388 2693 420 2723 de
445 2692 542 2734 Epist.
573 2691 610 2727 ἐπ”
639 2693 715 2724 Οίεν.
738 2693 767 2724 ἃ
791 2692 906 2723 doceat

38 2730 189 2776 historia,
213 2729 400 2776 Gregorium
418 2733 612 2774 temporibus
626 2733 737 2774 Justini
753 2734 904 2773 junioris,

39 2773 93 2847 gui
114 2771 317 2819 justinianum
336 2773 367 2805 in
386 2774 518 2821 imperio
546 2777 693 2816 excepit,
726 2775 795 2806 urbi
812 2774 906 2806 fuiss'e

70 2813 232 2860 raeseetum
266 2813 296 2844 &
319 2822 394 2846 mox
419 2816 480 2847 sedi
504 2817 656 2848 Romame
673 2841 683 2856 ,
732 2817 905 2857 imperante

40 2855 202 2899 'Maurltlo
230 2853 436 2895 Cappadoce,
457 2857 566 2889 codem
584 2858 685 2890 adhuc
713 2857 830 2890 saeculo
848 2857 904 2890 VJ..

39 2903 98 2938 per
113 2904 217 2927 rerum
237 2902 378 2928 naturam
396 2906 470 2929 vera
486 2897 547 2930 esse
563 2909 627 2932 non
646 2898 749 2942 potest
769 2900 807 2931 de
824 2899 906 2932 Irne-

44 2937 94 2969 rio
110 2935 229 2968 fabula.

39 2977 48 3005 “.
86 2977 197 3024 §imile
227 2975 421 3018 raeJudicium
433 2979 638 3024 chronologia
655 2982 909 3025 suggcffitSti-au-

40 3018 120 3050 chio
141 3027 185 3055 in,
211 3021 306 3050 rnerio
329 3030 386 3051 non
402 3027 536 3062 errante,
563 3023 594 3055 C.
619 3024 660 3056 Π.
683 3035 714 3056 71.
734 3035 765 3065 5.
788 3035 859 3057 cum
886 3026 907 3056 i-

42 3059 78 3096 bi
104 3057 202 3090 refert
218 3083 228 3100 ‚
259 3061 339 3092 autb.
385 3061 459 3094 Item
478 3065 618 3104 praedium
635 3088 645 3103 ,
675 3068 705 3098 δι
722 3067 802 3098 atuh.
852 3065 908 3098 Sed

41 3099 86 3147 ’,δ’
98 3105 263 3140 permutare
288 3101 320 3134 C.
344 3103 378 3134 de
401 3103 456 3135 SS.
480 3103 589 3147 EccleJI
615 3106 717 3139 haberi
733 3108 815 3149 apud
832 3108 907 3140 Bur-

45 3141 194 3173 chardum
206 3142 385 3185 &lvonem,
396 3144 659 3180 Wormatiens'em
670 3148 908 3182 Carnotensem-

43 3181 318 3257 'quessspislclopoh
338 3185 370 3218 &
395 3186 533 3220 celebres
551 3198 624 3221 ante
640 3189 826 3224 Gratianum
844 3191 905 3224 De·

942 1782 1082 1810 cretarum
1096 1776 1304 1815 collectore83
1319 1776 1439 1817 &apud
1455 1775 1587 1808 ivonem
1608 1776 1709 1809 solum
1730 1778 1813 1809 autb.

977 1821 1008 1851 ui
1028 1830 1072 1851 res
1097 1820 1128 1851 C.
1147 1819 1205 1850 eod.
1251 1817 1317 1858 Jam
1344 1827 1422 1849 vero
1442 1818 1639 1850 Burc'nardus
1657 1818 1725 1850 fato
1742 1818 1813 1850 func

943 1866 1011 1895 ctus
1023 1860 1116 1894 fuisse
1131 1859 1187 1891 suo
1202 1859 1319 1891 dieitur
1332 1868 1416 1890 anno
1433 1860 1470 1891 M
1477 1859 1602 1892 XXVI.
1628 1869 1816 1901 quamquam

943 1904 997 1936 alii
1022 1911 1090 1934 tum
1118 1909 1190 1932 eum
1200 1900 1342 1942 Jffl'lfififfi‘
1361 1901 1506 1939 tradant,
1537 1901 1624 1942 quod
1640 1901 1696 1933 vix
1716 1901 1761 1933 est
1780 1909 1817 1933 ut

944 1945 1115 1982 concilies,
1140 1942 1197 1975 nisi
1214 1943 1294 1973 velis
1315 1951 1388 1972 eum
1408 1942 1545 1974 medium
1570 1943 1652 1974 inter
1669 1952 1749 1984 opus
1764 1942 1817 1974 de-

945 1986 1081 2023 cessiss'e3
1105 1992 1136 2016 at
1154 1985 1223 2015 haec
1254 1982 1324 2014 sunt
1354 1982 1537 2015 leviuscula.
1584 1983 1644 2015 lvo
1660 1991 1765 2016 autem
1785 1993 1816 2015 a·

946 2028 1007 2060 biit
1023 2037 1070 2059 an.
1089 2025 1237 2058 MCXV.
1260 2023 1351 2057 XVI.
1376 2025 1428 2056 vel
1446 2024 1555 2057 XVll.
1579 2025 1671 2066 (nam
1689 2026 1762 2058 &in
1780 2034 1821 2056 eo

947 2070 1042 2102 video
1069 2067 1254 2099 traditiones
1280 2066 1447 2109 variare:)
1476 2066 1587 2108 utique
1612 2075 1684 2098 ante
1701 2076 1818 2098 annum

946 2107 1212 2144 MCXXXVIH.
1238 2116 1302 2148 quo
1321 2107 1456 2140 Irnerius
1472 2108 1525 2149 Jus
1542 2108 1686 2149 profiteri
1702 2117 1818 2139 occoe-

945 2153 1013 2194 pit,
1048 2153 1078 2184 ὅ(
1095 2152 1207 2188 etiam,
1240 2155 1275 2179 ut
1291 2149 1375 2181 addit
1398 2149 1604 2189 Strauchius,
1629 2158 1821 2190 antereper-

947 2202 1012 2225 tum
1029 2191 1241 2225 Novellarum
1260 2190 1376 2222 librum
1392 2208 1403 2230 ,·
1424 2192 1476 2233 qui
1494 2191 1692 2224 authenticas
1709 2190 1820 2233 suppe-

947 2235 1081 2267 ditasset.

991 2277 1109 2308 Verum
1127 2275 1211 2307 enim
1229 2284 1307 2307 vero
1324 2275 1392 2307 haec
1408 2275 1514 2307 omnia
1533 2284 1597 2307 non
1618 2282 1739 2307 tantum
1754 2283 1820 2306 non

948 2318 1054 2351 obess'e
1083 2316 1245 2350 sententiae
1268 2317 1384 2349 nostrae
1402 2340 1411 2356 ,
1445 2315 1496 2347 sed
1519 2324 1630 2348 contra
1654 2315 1818 2357 prodesse,

945 2361 1042 2392 etiam
1060 2359 1231 2399 caligantes
1243 2359 1329 2390 oculi
1346 2358 1496 2389 viderint.
1554 2357 1620 2403 Qui
1639 2358 1684 2389 ait
1700 2357 1822 2398 aliquas

945 2401 1157 2433 Novellarum
1187 2398 1356 2431 summulas
1379 2399 1442 2430 esse
1469 2398 1579 2431 Irnerii
1595 2421 1608 2437 ,
1637 2408 1702 2430 non
1720 2399 1764 2430 ait
1781 2407 1817 2429 o-

946 2452 1052 2481 nmes,
1076 2442 1141 2473 imo
1159 2441 1210 2481 qui
1231 2441 1400 2472 nonnullas
1422 2447 1518 2472 tantae
1541 2440 1738 2482 antiquitatis
1755 2439 1819 2471 esse

947 2483 1071 2522 asserit,
1089 2493 1124 2514 ut
1141 2482 1193 2513 vel
1210 2482 1289 2513 vivo
1304 2481 1477 2522 Justiniano
1491 2480 1611 2514 fuerint
1632 2481 1770 2522 cognitae
1790 2481 1822 2513 δε

947 2525 1100 2560 laudatae,
1122 2524 1195 2555 satis
1213 2522 1268 2555 ille
1285 2523 1434 2555 concedit
1460 2522 1499 2554 de
1519 2523 1715 2564 temporibus
1737 2520 1818 2554 inse-

947 2566 1115 2608 quentibus
1124 2564 1292 2606 Gregorii,
1325 2564 1497 2597 Burchardi
1515 2565 1546 2597 δι
1565 2564 1684 2596 lvonis.
1732 2563 1778 2595 Ut
1795 2563 1819 2595 i-

949 2617 981 2639 ta
1000 2608 1067 2640 haec
1088 2606 1246 2638 adstruant
1272 2616 1292 2637 ο
1318 2606 1456 2638 inionem
1473 2630 1483 2645 ,
1523 2616 1595 2648 quae
1620 2605 1818 2637 authenticas

947 2659 1010 2682 non
1031 2658 1141 2680 omncs
1163 2647 1241 2679 dicit
1265 2657 1283 2679 e
1306 2647 1328 2679 'e
1346 2647 1455 2679 Irnerii
1467 2668 1479 2686 ,
1502 2656 1695 2689 nequaquam
1712 2654 1819 2678 autem

947 2691 1128 2728 destruant,
1151 2699 1219 2731 quae
1243 2689 1341 2728 dicit,
1368 2688 1430 2720 csse
1448 2696 1551 2721 tamen
1570 2689 1637 2729 ejus
1655 2688 1773 2729 aliquas
1788 2688 1820 2719 δε

947 2732 1036 2764 forte
1061 2732 1222 2773 plurimas.
1266 2731 1354 2763 Tum
1378 2731 1504 2762 demum
1530 2730 1598 2762 haec
1615 2729 1787 2761 turbabunt
1810 2751 1821 2766 ,

948 2774 989 2814 si,
1014 2775 1068 2815 qui
1088 2782 1178 2805 unam
1191 2796 1201 2811 ,
1225 2773 1255 2804 id
1272 2771 1336 2811 est,
1360 2772 1492 2813 primam
1509 2771 1587 2812 legis
1601 2780 1697 2802 novoe
1717 2770 1819 2810 epito-

947 2825 1018 2856 men
1037 2814 1172 2856 scripsit,
1197 2813 1369 2845 necessario
1398 2813 1428 2845 &
1450 2813 1584 2853 reliquas
1602 2810 1751 2852 scripfiss'e
1766 2811 1820 2842 do—

948 2866 1067 2889 ceatur.
1112 2855 1186 2895 Est,
1211 2856 1263 2896 qui
1282 2854 1404 2886 inducit
1422 2853 1601 2893 hujusmodi
1620 2852 1737 2893 lepidas
1747 2861 1821 2884 con·

948 2893 1146 2939 sequentias,
1179 2896 1231 2928 sed
1255 2896 1328 2928 satis
1347 2896 1472 2935 inepte;
1494 2904 1553 2926 nos
1573 2893 1624 2925 vel
1642 2903 1748 2926 earum
1767 2903 1818 2924 ve—

951 2939 1214 2972 risimilitudinem
1231 2937 1319 2978 supra
1335 2936 1555 2968 refutavimus.

995 2981 1103 3024 Quare
1120 2980 1235 3012 vellem
1247 3003 1256 3018 ,
1292 2986 1327 3008 ut
1344 2977 1431 3008 omni
1448 2977 1545 3009 modo
1561 2977 1591 3008 id
1609 2984 1736 3017 agerent
1755 2975 1822 3008 No<

949 3031 1098 3059 vatores,
1120 3021 1206 3061 quod
1233 3019 1417 3051 intendunt:
1451 3017 1502 3049 sed
1522 3018 1699 3059 verosquod
1716 3017 1755 3049 ad
1775 3018 1820 3049 lo-

949 3074 1023 3096 cum
1053 3061 1201 3103 Gregorii
1223 3060 1360 3101 Magni,
1393 3067 1458 3100 quo
1483 3060 1642 3101 praecipue
1657 3059 1823 3097 nituntur,

951 3114 1064 3136 vercor
1092 3113 1131 3135 ne
1159 3101 1320 3133 incassum.
1373 3100 1483 3132 Exstat
1507 3100 1562 3132 ille
1596 3102 1686 3133 locus
1720 3109 1744 3132 c,
1770 3106 1822 3142 538.

955 3146 1038 3186 Cnull
1062 3144 1122 3177 XI.
1188 3142 1263 3183 inest.
1289 3151 1314 3173 1.
1348 3141 1399 3173 ubi
1415 3165 1424 3180 ,
1462 3142 1624 3183 postquam
1660 3143 1823 3174 maxumus

950 3182 1102 3220 Pontifex
1127 3195 1184 3218 nox
1194 3185 1287 3256 ellam
1312 3181 1584 3217 constitutionem
1606 3183 1708 3224 (quae
1728 3183 1846 3228 hodie

1714 3242 1717 3245 -
1779 3230 1820 3253 eir
