2008 3436
183 126 249 153 252
436 115 837 151 CORNELII

180 205 241 227 non
265 193 488 235 poffiderentui·
505 194 578 236 ipsae
598 195 690 228 ades.
737 195 793 227 Vis
816 194 997 226 rationem?
1023 194 1043 226 fi

178 236 303 276 lingulae
320 245 367 267 res
384 236 629 276 possiderentur,
646 245 681 268 ut
695 237 829 278 lapides,
856 237 941 277 tigna
952 258 962 273 ,
983 245 1042 267 cae-

177 284 298 315 menta,
329 277 555 318 possiderentur
579 287 723 319 tanquam
749 288 797 310 res
813 277 946 309 iiic-biles
959 300 968 314 ,
989 278 1043 307 do-

178 327 248 348 mus
266 327 364 356 vei-o,
386 328 455 360 quae
479 329 520 351 ex
542 320 606 351 illis
625 319 779 351 exsti-ueta
793 319 857 357 est,
882 318 1043 358 pollidcic-

178 367 229 388 rur
252 366 398 400 tanquam
422 370 469 392 res
491 361 684 399 immobilis,
707 362 737 393 δε
757 359 878 392 diversa
895 359 992 389 efl'ent
1013 369 1043 389 u-

179 398 531 443 sucapiendi‘tempoie,
555 404 627 443 quod
643 402 793 442 absurdum
810 401 844 435 ὃ
858 402 976 431 zrziiiime
988 399 1045 440 Ju-

908 124 1015 150 VA'N

178 442 206 471 ri
227 440 507 474 Civiliconvem‘eni
522 443 573 483 effe
591 438 712 474 Priscus
738 443 820 473 dixit
841 443 871 472 i'n
896 443 922 471 ci.
948 441 967 471 l.
994 451 1043 480 aq.
1061 456 1065 459 ·

174 487 219 522 pr.
265 482 371 524 Atque
386 484 458 515 inde
476 485 628 521 efficitur,
645 484 756 515 aediuiii
774 482 972 523 pollell‘oi-em
982 491 1023 511 no

179 523 331 564 poffidere
345 524 481 565 singulos
499 526 615 566 lapides
627 549 637 563 ‚
663 525 764 565 tigria,
785 532 954 560 caementa,
971 532 1042 562 qua-

180 571 270 600 tenus
291 572 433 606 tanquam
452 566 586 607 lapides,
612 566 714 605 tigna,
738 572 910 603 caementa,
934 565 964 594 id
979 563 1042 600 cll,

178 613 331 645 quatenus
346 615 490 646 tanquam
506 605 553 638 res
572 606 706 637 mobiles
721 606 972 643 considerantur,
996 605 1042 644 jzi-

177 655 212 678 re
234 654 338 678 autem
361 647 590 687 univerlitatis,
623 655 776 693 quatenus
791 646 911 678 scilicet
926 646 994 677 lzaec
1010 655 1042 676 0-

178 688 263 719 mnia
284 688 366 720 inter
389 687 418 719 se
440 688 606 728 conjuncia
627 690 699 720 lunt
716 711 726 727 ,
756 688 865 728 utique
880 686 1044 727 posside'oit

178 728 324 760 dominus
342 753 352 768 ,
385 729 414 760 &
438 728 596 769 usucapiet
626 729 769 769 tanquam
791 738 840 759 res
857 728 1044 759 immobiles.

179 769 212 801 Si
228 778 332 800 autem
345 769 496 800 demolita
512 770 610 801 fuerit
625 770 754 807 domus,
779 769 910 810 singulas
924 777 1027 809 partes
1037 792 1047 806 ,

180 817 216 841 ut
246 820 295 842 res
321 810 453 841 mobiles
473 834 482 848 ‚
519 821 559 842 ex
574 812 698 852 integro
716 810 880 852 polsidebit
897 812 925 841 ἀ
943 808 1046 840 usuca-

180 851 248 891 piet
271 852 298 882 d.
331 852 350 882 l.
378 861 427 893 23.
465 851 493 892 §.
519 863 548 884 2.
580 853 602 884 l.
626 862 654 893 7.
681 851 710 893 §.
735 861 780 883 11.
801 851 841 892 ff.
867 853 899 882 de
922 850 1043 892 Aequir.

181 901 238 923 rer.
263 893 370 924 domin.
394 893 413 923 l.
440 902 491 934 23.
522 893 548 935 §.
575 902 605 935 7.
631 893 670 934 ff.
692 894 725 924 cle
750 893 809 924 Rei
832 894 943 924 vindic.
991 892 1046 923 At-

181 942 242 972 que
262 934 292 964 id
308 933 407 974 ipsum
426 933 489 972 est,
518 935 602 976 quod
620 935 792 974 Venulejus
811 934 874 973 ait,
893 933 989 974 perse
1008 939 1046 963 ze-

182 975 267 1016 gulas
285 985 342 1006 non
355 974 488 1016 poffideri
496 978 562 1017 ,jeci
578 987 643 1007 cum
656 974 846 1014 univerficczte
857 978 971 1015 aeaijiczi
982 975 1002 1005 l.
1015 979 1045 1008 8.

195 1015 211 1025 ”“
245 1015 330 1063 Quod
353 1019 386 1047 vi
408 1023 460 1048 aut
477 1018 563 1049 clam.
609 1016 738 1049 Habent
754 1018 822 1048 liaec
839 1018 993 1048 rationem
1017 1016 1046 1046 6:

180 1057 400 1089 auctoritatem
423 1058 500 1098 juris
522 1057 735 1098 manifestam,
766 1057 817 1089 scd
833 1068 897 1089 non
917 1056 1046 1097 impedi-

180 1105 239 1130 unt
251 1097 532 1140 Jurisprudentiam
548 1100 633 1131 Pauli
650 1100 682 1132 in
705 1101 733 1132 d.
759 1099 778 1130 l.
798 1110 827 1141 3.
854 1099 881 1141 ᾗ.
905 1108 929 1130 r.
949 1099 989 1139 ff.
1014 1105 1047 1128 aa

181 1139 230 1171 Ac
249 1141 305 1171 uir.
320 1141 368 1171 vel
386 1143 482 1172 amitt.
494 1141 600 1182 poffeffi

226 1149 335 1227 auare
349 1182 394 1213 ita
411 1182 596 1220 habeamus,
620 1183 837 1225 possessionem
854 1181 950 1214 etiam
967 1190 1036 1221 quae

179 1222 207 1254 ri
221 1221 283 1254 fine
303 1223 471 1264 omnigena
487 1225 754 1265 contrectatione,
778 1225 875 1256 modo
893 1222 968 1254 adsit
976 1232 1046 1263 pos-

183 1263 300 1302 fidendi
318 1264 458 1304 animus,
491 1266 520 1303 &
538 1275 654 1307 praeter
669 1275 740 1297 eum
757 1263 974 1297 conti-euantii
992 1272 1047 1303 po-

183 1303 284 1336 testas.
330 1305 428 1347 Atqui
453 1306 584 1339 Sabinus
611 1307 643 1339 in
660 1306 804 1338 thesauro
821 1305 988 1343 desiderat,
1014 1310 1049 1334 ut

181 1346 351 1385 effodiatur
365 1347 395 1379 ἃ
409 1347 550 1379 manibus
571 1347 834 1389 apprehendatur,
859 1356 910 1377 nec
927 1347 1004 1388 enim
1019 1355 1051 1375 α-

183 1389 241 1420 bias
264 1398 328 1420 eum
345 1413 356 1429 ,
389 1391 437 1431 qui
454 1389 538 1430 scit,
563 1388 714 1430 poffidere,
744 1388 801 1427 nifi
811 1387 840 1427 fi
855 1388 912 1419 loco
931 1396 1051 1432 MoTus

176 1422 228 1469 sit.
274 1430 326 1462 Sic
349 1430 488 1462 creditur
513 1430 661 1470 scripfiss'e
684 1430 799 1462 Paulus
813 1453 823 1469 ,
848 1429 899 1461 sed
916 1428 1049 1465 dubito,

182 1482 220 1503 an
238 1482 302 1504 non
318 1470 475 1513 scripserit
488 1470 545 1510 m'fi
554 1472 583 1511 fi
599 1473 657 1503 loco
673 1481 786 1503 NOTUS
799 1469 849 1512 est.
894 1470 1009 1502 Brutus
1020 1469 1050 1499 dc

182 1514 338 1546 Manilius
353 1513 524 1553 putabant,
548 1513 682 1554 possesso
703 1512 803 1544 fundo
818 1512 914 1544 etiarn
930 1508 1050 1542 thesau-

185 1564 254 1586 rum
271 1555 434 1596 possideri3
457 1554 609 1589 Neratius
626 1555 656 1586 δι
678 1553 832 1586 Proculus
840 1577 850 1593 ,
875 1562 939 1584 non
960 1551 1053 1582 aliter

182 1596 215 1628 id
232 1606 342 1628 verum
359 1595 420 1627 esse
431 1620 440 1635 ,
464 1605 556 1636 quam
571 1597 594 1628 fi
614 1595 707 1628 sciam
719 1620 729 1634 ,
755 1594 932 1634 thesaurum
941 1590 1052 1624 infun-

184 1638 226 1669 do
252 1647 324 1669 meo
348 1638 464 1676 latei-e,
497 1638 527 1669 ἃ
552 1638 690 1671 animum
705 1636 879 1678 possidendi
899 1634 1052 1672 habeatn3

184 1679 315 1713 Sabinus
327 1701 339 1718 ‚
367 1678 498 1718 Paulus,
532 1679 609 1717 alii,
632 1688 671 1711 ne
692 1678 724 1710 id
741 1678 867 1719 quidem
883 1675 1023 1708 sufficere
1041 1697 1053 1714 ,

185 1720 242 1754 nisi
252 1721 346 1753 etiam
364 1720 421 1751 loco
429 1726 512 1751 notus
519 1719 561 1759 fit
569 1742 582 1759 ,
597 1720 659 1752 hoc
668 1719 732 1758 est,
747 1719 803 1752 nifi
819 1718 931 1758 seiam,
948 1717 978 1748 in
990 1726 1054 1758 quo

184 1761 276 1794 fundi
289 1762 405 1803 angulo
430 1761 612 1793 reconditus
629 1761 676 1795 sit.
720 1761 746 1793 F
749 1770 785 1792 ac
802 1760 886 1792 enim
900 1769 951 1791 me
964 1758 1055 1799 pofii-

184 1803 258 1835 dere
274 1802 407 1836 fundum
421 1811 549 1834 centum
562 1803 722 1843 jugerum,
753 1803 782 1834 ὃς
798 1801 886 1832 forte
904 1801 1002 1839 scire,
1024 1810 1054 1831 a—

183 1846 282 1878 licubi
310 1845 343 1877 in
368 1854 408 1876 eo
431 1844 528 1876 latere
553 1844 730 1876 thesaurum
746 1867 757 1883 ‚
780 1853 816 1874 ea
835 1842 965 1875 scientia
988 1851 1053 1874 non

184 1886 346 1919 suffecerit
365 1909 376 1925 ‚
407 1895 480 1917 cum
503 1885 613 1926 poffim
629 1884 745 1917 frustra
761 1894 922 1925 quaerere,
947 1893 1005 1915 nec
1023 1892 1053 1914 e*

184 1928 233 1967 jus
252 1926 521 1969 apprehendendi,
553 1935 588 1958 ut
612 1928 709 1959 velim
721 1949 732 1964 ,
755 1926 833 1958 mihi
851 1926 889 1958 fit
905 1924 1053 1966 potestas.

184 1969 216 2001 Si
236 1970 303 2001 haec
320 1968 416 2008 adsit,
440 1968 471 2000 id
486 1967 550 2007 est,
574 1967 596 2000 fi
612 1968 651 1999 de
667 1969 743 2000 loco
759 1967 963 2009 depositionis
978 1975 1053 1997 cori-

187 2011 305 2043 stiterit
322 2032 334 2048 ‚
363 2018 440 2041 tunc
462 2009 588 2040 demum
607 2032 619 2048 ,
650 2009 754 2051 inquit
769 2009 906 2047 Paulus,
927 2008 989 2040 erit
997 2008 1054 2048 sith

186 2050 313 2093 custodia
331 2049 447 2092 nostra3
468 2051 607 2092 alioquin
625 2050 781 2083 incertum
797 2050 873 2091 quid
891 2049 1054 2091 poffidere-

186 2103 275 2132 mus,
299 2092 544 2134 &‘ign0rantes‚
567 2091 620 2123 ubi
638 2092 697 2132 fit,
721 2091 808 2134 quod
826 2091 921 2123 vitiat
940 2089 1055 2132 poss'es-

188 2133 305 2167 fionem
330 2134 352 2165 l.
374 2143 406 2174 3.
428 2132 457 2174 §.
477 2143 508 2164 α.
531 2133 554 2164 l.
574 2142 626 2173 25.
644 2139 694 2174 pr.
716 2134 747 2166 δι
769 2134 791 2165 l.
811 2136 863 2165 26.
876 2132 919 2173 ff.
945 2133 978 2163 de
994 2130 1054 2162 Ac-

207 2177 266 2207 uir.
279 2175 328 2206 vel
343 2175 441 2206 amitt.
459 2173 565 2215 poffieffi
608 2174 713 2215 Atque
728 2174 760 2206 id
777 2174 870 2206 habet
887 2173 1054 2210 rationem,

201 2217 240 2248 ed
265 2225 331 2248 non
357 2215 451 2247 habet
469 2238 480 2254 ,
513 2224 549 2247 ut
563 2215 658 2246 etiam
681 2216 758 2247 loco
775 2215 899 2247 moveri
917 2214 1027 2245 debeat
1045 2222 1054 2250 ;

185 2257 322 2300 plurima
337 2256 523 2298 poffidemus
542 2256 659 2298 absque
678 2257 747 2289 ullo
765 2256 810 2288 sui
829 2265 935 2295 motu,
960 2262 996 2286 ut
1011 2253 1056 2286 est

188 2301 221 2331 in
238 2298 384 2330 omnibus
399 2299 492 2329 rebus
511 2296 589 2337 soli,
613 2297 688 2338 quin
706 2298 782 2330 &in
800 2298 945 2329 omnibus
964 2296 1057 2327 rebus

188 2339 378 2379 mobilibus,
392 2348 463 2380 quae
480 2338 551 2370 fieta
569 2339 739 2371 traditione
752 2340 784 2371 in
801 2338 990 2380 potestatem
1000 2346 1056 2368 no-

190 2381 284 2416 stram
301 2379 473 2413 transeunt.
531 2380 701 2420 Similiter,
719 2379 749 2420 fi
764 2381 963 2418 venditorem,
1003 2379 1058 2409 uod

188 2423 306 2454 emerim
324 2446 337 2462 ,
366 2423 505 2462 deponere
527 2423 560 2453 in
581 2431 645 2453 mea
661 2423 740 2454 domo
754 2421 905 2464 jufferim,
924 2389 1056 2462 poffZzera

190 2474 234 2496 me
259 2469 370 2494 certum·
390 2461 431 2503 est
448 2485 459 2501 ,
488 2472 660 2505 quamquam
680 2465 712 2495 id
735 2473 816 2495 nemo
838 2464 905 2494 dum
920 2463 1057 2504 attigerit

191 2506 215 2537 l.
235 2509 287 2539 18.¹
305 2503 337 2545 §.
355 2514 386 2536 2.
402 2504 444 2545 ff.
464 2505 497 2535 de
518 2504 644 2546 Aequir.
665 2505 715 2536 vel
735 2506 819 2536 amit.
838 2504 943 2545 ptfflff.
963 2503 1053 2536 Suffi-

189 2547 256 2585 cit,
292 2545 411 2577 domini
439 2546 608 2577 voluntate
635 2555 700 2578 rem
719 2546 862 2586 permitti
883 2554 954 2577 meo
974 2544 1054 2576 arbi-

188 2588 276 2627 trio,
302 2595 398 2627 atque
422 2586 466 2618 ita
491 2587 523 2618 in
539 2586 703 2627 thesauro,
727 2588 780 2628 qui
796 2596 855 2618 nec
871 2586 1054 2625 dominum,

186 2636 246 2660 nec
272 2627 474 2669 poffess'orem
501 2627 594 2659 habet
609 2651 621 2667 ‚
654 2628 794 2661 sufficere
812 2627 979 2660 videbatur
997 2649 1008 2665 ‚
1032 2627 1056 2659 si

188 2669 287 2702 velim
304 2668 473 2710 possidere,
495 2668 518 2701 fi
535 2667 630 2701 sciam
643 2669 742 2702 latere
757 2669 790 2701 in
802 2668 924 2708 fundo,
951 2669 982 2700 &
996 2678 1056 2709 qua

815 2766 1170 2801 CAPUT

1091 113 1690 153 BYNKERSHOEK

1086 204 1173 236 parte
1191 193 1279 225 fundi
1296 194 1410 232 lateat,
1436 201 1472 224 ut
1491 193 1533 225 sic
1549 195 1580 226 in
1599 205 1723 228 manum
1740 207 1838 230 meam
1855 208 1945 233 trane:-

1084 237 1159 268 ferri
1175 235 1275 277 poffit.
1426 235 1429 237 ’

1129 278 1233 317 Atque
1252 277 1318 307 liaec
1335 275 1461 316 disputo
1479 277 1517 308 de
1535 287 1610 309 vero
1634 278 1797 321 thesauro,
1829 290 1864 313 ut
1879 293 1948 317 eum

1086 319 1197 350 delinit
1222 317 1335 349 Paulus
1361 318 1391 348 in
1425 319 1445 349 l.
1461 328 1512 360 31.
1538 319 1567 359 ἓ.
1589 329 1614 350 1.
1634 320 1674 360 ff.
1694 323 1728 352 de
1752 324 1871 354 sit-usar.
1894 335 1948 359 τεν.

1088 361 1194 394 damin.
1222 360 1303 401 cujus
1328 358 1448 390 scilieet
1470 362 1605 391 memoria
1630 372 1685 392 mm
1704 353 1815 404 rastas³
1838 366 1949 408 quique

1086 411 1184 440 aueo,
1215 410 1252 432 ut
1275 401 1361 438 dixi,
1384 401 1412 431 ὅ(
1428 401 1647 440 dicstfflfflus,
1665 405 1951 445 jamdomi'numnon

1088 443 1203 473 hizbeczt,
1249 442 1412 482 Alioquin,
1431 442 1515 473 addit
1528 467 1537 482 ‚
1558 441 1586 480 fi
1600 445 1663 483 quir
1682 445 1794 486 aliquid
1813 448 1860 479 vel
1877 440 1950 482 lucri

1089 484 1194 524 musa,
1225 483 1271 514 vel
1299 489 1407 521 metus,
1438 484 1485 514 <cel
1509 486 1638 524 custodite
1655 488 1815 519 condiderit
1825 490 1880 534 suh
1898 497 1949 522 ter-

1071 536 1121 555 .ru
1135 547 1145 561 ‚
1167 534 1224 554 non
1240 522 1279 564 est
1298 526 1460 570 moymirus,
1486 527 1567 568 cuju:
1584 527 1672 557 eiiam
1683 528 1803 566 furtum
1813 533 1863 571 sit.
1894 531 1949 575 At-¹

1087 575 1189 597 tamen
1213 574 1323 609 verum
1343 565 1386 595 cit
1405 587 1415 602 ,
1450 567 1499 605 id,
1532 567 1617 608 quod
1633 569 1702 608 quis
1720 569 1870 611 deponit,
1896 573 1924 604 ὃς
1941 579 1955 615 fi

1085 605 1234 638 custodite
1244 608 1332 636 caula
1345 625 1354 642 ,
1375 614 1464 638 teri-ze
1480 608 1649 640 visceribus
1667 613 1972 651 commendatam-¹·

1078 650 1199 690 satzi-iim
1215 647 1362 687 appellari
1384 648 1414 678 in
1434 649 1455 679 l.
1475 658 1521 688 15.
1534 650 1575 691 ff.
1593 652 1630 681 rid
1650 650 1760 684 Erchia.
1779 654 1851 685 &in
1866 654 1887 685 l.
1899 665 1950 696 44.

1085 698 1133 730 pr.
1147 688 1187 729 ff.
1203 688 1235 718 dv
1254 687 1377 734 Aequis.
1396 689 1444 720 vel
1465 692 1561 723 amitt.
1576 691 1681 732 poffeff.
1705 703 1764 725 nec
1785 695 1888 726 minus
1898 705 1950 727 ve-

1090 740 1157 775 rum
1178 727 1222 759 est
1237 752 1246 768 ‚
1269 728 1297 767 fi
1314 728 1436 775 ahmin
1452 741 1510 762 meo
1535 733 1720 779 concliilsffitt,
1742 745 1798 766 non
1814 736 1889 767 alias
1908 747 1952 769 me

1086 771 1218 812 poſjzdere
1239 792 1249 807 ‚
1280 780 1366 816 ‘lu‘ffl
1375 770 1402 808 Jz
1419 770 1506 812 ipfius
1528 775 1570 804 rei
1590 774 1776 816 poſjeffiovem
1786 776 1880 817 supra
1898 784 1954 809 ter-

1089 823 1154 844 rum
1180 812 1300 851 adeptus
1311 810 1430 851 juzffem
1454 814 1482 843 cl.
1510 813 1529 844 l.
1550 824 1603 854 44«
1617 821 1666 855 pr.
1689 817 1828 858 adeoque
1845 818 1867 849 fi
1880 829 1953 851 eum

1091 853 1268 885 thesaurum
1285 876 1295 891 ,
1324 853 1354 883 in
1382 860 1463 884 tei-ra
1488 854 1660 896 dffosthm,
1692 867 1756 889 non
1771 857 1954 899 effuderim,

1088 904 1146 926 nec
1171 894 1244 925 loco
1269 893 1423 926 moverim
1439 918 1449 933 ‚
1483 905 1532 926 me
1548 906 1613 928 non
1630 898 1781 938 poffidere
1803 901 1830 931 d.
1854 900 1873 932 l.
1904 910 1952 942 15.

1089 936 1147 968 Sed
1166 936 1231 975 ejus
1249 935 1290 966 rei
1309 944 1371 966 non
1390 936 1449 966 alia
1464 937 1545 968 ratio
1565 938 1628 978 est,
1660 949 1751 980 quam
1770 941 1854 982 quod
1871 951 1954 974 nova

1089 977 1276 1009 desideretur
1301 976 1501 1017 apprehenfio
1518 1002 1528 1018 ,
1561 988 1597 1011 ut
1612 982 1859 1022 antiqua—cedat.
1903 983 1963 1016 Se·.

1090 1028 1146 1050 cus
1171 1017 1217 1048 est
1241 1017 1274 1048 in
1296 1027 1373 1048 vcro
1398 1017 1542 1051 thesauro
1558 1045 1569 1060 ,
1599 1031 1633 1053 re
1648 1031 1781 1063 namque
1798 1033 1815 1054 a
1832 1025 1963 1062 nemine}

1090 1059 1219 1102 poffeffa
1237 1080 1247 1097 ,
1279 1058 1314 1090 ad
1339 1059 1405 1098 ejus
1421 1059 1635 1100 poffeffionem
1656 1063 1883 1105 adipiscendam
1902 1062 1966 1098 n'e:

1092 1101 1171 1132 cesse
1196 1110 1259 1131 non
1282 1099 1326 1130 est
1343 1123 1353 1139 ,
1386 1109 1420 1131 ut
1446 1111 1537 1133 vetus
1562 1103 1712 1144 possessor
1738 1106 1925 1139 excludatur
1943 1129 1956 1146 ,

1092 1143 1207 1187 quippe
1231 1141 1283 1181 qui
1304 1141 1411 1172 nullus
1434 1143 1487 1174 est.
1534 1143 1614 1176 Satis
1639 1145 1670 1176 id
1686 1146 1846 1179 intellexit
1863 1144 1963 1188 Cuja-'Q

1091 1193 1159 1215 cius
1177 1184 1330 1215 Comment.
1356 1183 1393 1213 ad
1417 1183 1456 1214 L.
1476 1183 1559 1217 LIV.
1586 1186 1677 1219 Pauli·
1694 1188 1732 1218 ad
1750 1186 1850 1220 Edi‘et.
1876 1189 1907 1220 in
1922 1189 1952 1221 d.

1091 1226 1111 1255 l.
1136 1235 1166 1265 3.
1199 1223 1226 1264 ὃ.
1252 1234 1282 1264 3.
1308 1222 1348 1263 ff.
1381 1224 1414 1255 de
1446 1224 1570 1265 Acqziir.
1604 1228 1652 1258 ‘cel
1682 1230 1780 1260 amitt.
1799 1229 1904 1271 poffeff.
1930 1231 1956 1262 i-

1091 1266 1231 1310 deoque,
1256 1274 1295 1294 ne
1311 1266 1467 1296 laboraret
1485 1265 1733 1309 Jurisprudentia
1741 1270 1845 1302 Sabini
1857 1294 1867 1310 ‚
1879 1271 1955 1303 Pau-

1091 1307 1135 1344 li,
1160 1306 1374 1350 aliorumque,
1406 1307 1459 1346 qui
1484 1306 1660 1340 thesaurum
1687 1309 1866 1342 lemmatum
1881 1311 1957 1344 defi-

1091 1348 1220 1385 dcrant,
1243 1347 1307 1387 iple
1325 1346 1478 1393 putabat,
1500 1349 1529 1380 d.
1556 1349 1582 1391 ᾗ.
1609 1361 1638 1392 3.
1663 1350 1724 1382 esse
1739 1352 1958 1394 accipiendum

1092 1389 1130 1419 de
1156 1386 1301 1419 thesauro
1317 1411 1327 1427 ,
1360 1397 1412 1428 qui
1432 1391 1602 1432 improprie
1622 1391 1663 1423 fic
1678 1391 1816 1433 dicitur,
1841 1393 1894 1435 qui
1919 1402 1958 1426 ue

1093 1431 1137 1461 ita
1153 1429 1246 1460 habet
1262 1437 1384 1460 certum
1400 1430 1562 1464 dominum
1585 1433 1615 1464 ὃς
1634 1432 1844 1473 possessorem.
1890 1402 1958 1467 30-

1094 1469 1259 1516 thofredus
1283 1470 1315 1516 iri
1342 1470 1439 1511 Gloffa
1453 1494 1465 1510 ‚
1496 1473 1632 1515 aliique,
1662 1475 1822 1516 praeterita
1837 1475 1962 1517 Cujacii

1093 1521 1274 1549 mentione,
1297 1510 1329 1542 id
1346 1511 1468 1553 sequuti
1484 1512 1575 1554 sunt,
1598 1525 1663 1556 quo
1681 1524 1793 1557 nempe
1812 1518 1963 1550 conveni-

1094 1561 1144 1585 ret
1159 1553 1242 1585 inter
1270 1553 1297 1584 d.
1329 1553 1350 1584 l.
1375 1564 1405 1595 3.
1437 1553 1465 1594 §.
1490 1565 1519 1597 3.
1554 1558 1585 1589 &
1615 1558 1644 1589 d.
1676 1558 1696 1589 l.
1722 1567 1775 1599 44.
1827 1569 1852 1590 r.
1877 1558 1908 1591 ὅ(
1929 1559 1960 1591 d.

1095 1597 1115 1628 l.
1142 1604 1189 1636 15.
1235 1594 1295 1626 Sed
1310 1594 1359 1625 cui
1380 1605 1516 1637 unquam
1525 1597 1580 1630 fiet
1596 1598 1777 1639 probabile,
1818 1599 1961 1632 Ctosve-

1097 1645 1195 1676 tei-es,
1220 1645 1292 1668 cum
1313 1644 1375 1667 tam
1391 1635 1530 1678 sollicite
1556 1639 1586 1671 δε
1603 1639 1674 1671 data
1690 1650 1785 1682 opera
1801 1639 1962 1682 disputent:

1096 1679 1135 1710 de
1161 1676 1347 1723 acquirenda
1366 1677 1549 1719 poffeflione
1574 1680 1727 1722 thesauri,
1749 1682 1789 1714 de
1803 1691 1843 1713 eo
1860 1680 1964 1724 dispu-¹

1098 1728 1163 1752 tare
1179 1743 1189 1759 ,
1221 1729 1274 1760 qui
1292 1742 1303 1758 ,
1333 1718 1355 1751 fi
1379 1720 1505 1761 propi-ie
1527 1720 1715 1762 loquamur,
1745 1733 1785 1755 ne
1802 1722 1964 1759 thesaurus

1097 1761 1222 1802 quidem
1248 1759 1302 1792 est.
1348 1760 1469 1802 Utique
1495 1761 1674 1795 thesaurum
1699 1774 1764 1796 non
1791 1764 1872 1804 effe,
1896 1762 1965 1806 ipse

1096 1803 1151 1835 ille
1164 1802 1279 1834 Paulus
1297 1801 1378 1834 dixit
1398 1803 1430 1834 in
1453 1803 1481 1834 d.
1504 1803 1524 1835 l.
1549 1813 1601 1846 31.
1648 1829 1654 1836 .
1684 1814 1709 1837 1.
1729 1805 1770 1847 ff.
1791 1806 1883 1838 deAc
1903 1807 1963 1838 uir.

1096 1855 1153 1876 rer.
1177 1845 1283 1875 domin.
1316 1844 1370 1885 qui
1394 1844 1426 1875 in
1458 1844 1487 1876 h.
1518 1845 1540 1876 l.
1564 1855 1595 1887 3.
1639 1870 1646 1877 .
1671 1856 1701 1888 3.
1725 1847 1764 1878 de
1778 1846 1865 1888 poffe
1890 1855 1966 1878 ione

1097 1884 1231 1917 thesauri
1262 1885 1448 1926 acquirenda
1479 1895 1586 1918 omnes
1619 1894 1764 1919 veterum
1788 1887 1965 1920 Auctorum

1096 1927 1223 1959 loculos
1247 1926 1378 1958 cxcuffit
1391 1949 1403 1965 ,
1437 1926 1467 1958 ἀ
1482 1927 1557 1968 quid
1582 1927 1637 1959 fibi
1656 1928 1710 1969 ipsi
1729 1928 1891 1968 videatur,
1916 1927 1963 1960 su-

1096 1967 1240 2010 perdicit.
1287 1967 1393 2000 Facile
1411 1968 1508 2009 igitur
1523 1968 1644 2000 transeo
1661 1970 1693 2001 in
1714 1968 1899 2001 sententiam
1907 1969 1964 2004 Ba÷

1097 2009 1226 2048 chovii,
1250 2008 1458 2041 existimantis
1485 2010 1639 2041 Comment.
1664 2010 1700 2041 ad
1724 2010 1752 2052 §.
1771 2020 1820 2047 29.
1845 2008 1964 2052 sufficie

1097 2051 1171 2082 Rer.
1194 2051 1280 2091 divisi
1305 2051 1344 2081 de
1370 2059 1448 2082 vero
1472 2050 1616 2082 thesauro
1635 2051 1766 2083 omnino
1782 2051 1878 2083 verba
1897 2051 1965 2085 fieri

1098 2092 1130 2123 in
1153 2093 1180 2122 d.
1205 2091 1225 2122 l.
1247 2102 1277 2134 3.
1303 2091 1330 2133 §.
1355 2102 1386 2133 3.
1413 2100 1472 2123 nec
1493 2101 1543 2123 me
1567 2101 1677 2123 movet
1693 2093 1726 2124 in
1742 2093 1963 2133 contrarium,

1096 2132 1181 2174 quod
1200 2132 1232 2163 in
1250 2131 1414 2163 refutanda
1429 2133 1518 2164 Bruti
1536 2133 1566 2165 ὃ(
1583 2133 1709 2165 Manilii
1723 2132 1876 2165 sententia
1885 2133 1963 2166 Pau·
1989 2159 1994 2171 „

1096 2175 1145 2206 lus
1155 2173 1292 2213 dixerit,
1316 2183 1355 2205 ne
1372 2183 1444 2205 eum
1461 2174 1587 2215 quidem
1604 2175 1687 2206 recte
1705 2174 1881 2206 thesaurum
1896 2173 1967 2206 usu1

1096 2224 1207 2255 capere
1222 2238 1232 2254 ,
1267 2215 1319 2255 qui
1348 2214 1408 2246 scit
1431 2215 1462 2246 in
1479 2214 1580 2247 fundo
1600 2214 1655 2247 suo
1676 2215 1795 2255 latere,
1819 2217 1888 2258 quia
1891 2215 1966 2289 dscit

1098 2257 1225 2288 alienum
1246 2255 1296 2297 effe
1316 2278 1327 2295 ,
1359 2256 1389 2287 id
1411 2255 1494 2288 enim
1515 2256 1680 2297 intelligo,
1705 2258 1889 2298 quemadmo
1913 2265 1965 2289 um

1098 2297 1279 2330 Bachovius
1297 2297 1456 2329 intellexit
1472 2319 1484 2336 ,
1515 2298 1545 2330 ἂ
1564 2296 1629 2338 ipse
1644 2296 1791 2338 Cujacius
1805 2298 1965 2339 explicat,

1099 2346 1135 2370 ut
1161 2338 1240 2370 nihil
1262 2338 1345 2370 aliud
1371 2338 1524 2380 significet
1541 2363 1552 2378 ‚
1582 2348 1673 2378 quam
1699 2339 1784 2380 quod
1804 2338 1881 2371 sciat
1899 2348 1965 2371 non

1099 2379 1161 2411 esse
1179 2379 1284 2418 suum,
1309 2389 1373 2411 non
1388 2388 1510 2419 autem,
1547 2380 1630 2421 quod
1647 2378 1723 2411 sciat
1738 2379 1799 2411 css'e
1813 2379 1942 2411 alterius
1953 2403 1965 2420 ‚

1098 2421 1150 2452 vel
1175 2421 1283 2461 potius
1298 2444 1309 2459 ,
1339 2420 1359 2452 si
1386 2421 1439 2452 cui
1465 2419 1552 2452 foi-te
1574 2419 1767 2452 succurreret
1795 2420 1964 2462 impropria

1100 2460 1235 2495 thesauri
1252 2461 1456 2503 significatio,
1480 2461 1554 2492 huic
1564 2461 1658 2492 etiam
1677 2461 1707 2491 in
1724 2460 1822 2493 Paulo
1838 2462 1963 2493 succur-

1099 2502 1164 2535 sum
1179 2502 1257 2542 csse,
1288 2502 1547 2543 quemadmodum
1577 2500 1757 2534 succursum
1775 2503 1853 2542 erit,
1878 2501 1900 2535 si
1921 2502 1964 2535 le-

1097 2553 1232 2586 gamus,
1272 2553 1328 2585 qua
1350 2543 1413 2584 scit
1441 2543 1569 2574 alienum
1603 2542 1663 2583 effe.
1709 2542 1813 2574 Etiam
1839 2543 1962 2575 aliasve

1097 2588 1165 2627 quia
1189 2585 1219 2616 &
1240 2594 1296 2625 qua
1320 2585 1424 2616 locum
1448 2583 1597 2622 mutass'c,
1620 2583 1758 2624 proclivi
1774 2584 1878 2624 vitio,
1893 2583 1963 2626 plu-

1098 2628 1183 2659 ribus
1200 2625 1353 2667 exemplis
1369 2623 1528 2658 ostendam
1557 2625 1621 2656 hoc
1646 2624 1737 2656 Libro
1755 2624 1828 2658 vn.
1855 2626 1889 2658 C.
1911 2622 1962 2668 25'.

1099 2669 1127 2710 ᾗ.
1148 2680 1178 2712 3.
1956 2672 1957 2675 ’

1271 2765 1334 2799 11.

589 2855 769 2903 Exprzcata
794 2854 836 2897 ὅ)
861 2857 1043 2892 Emendata
1080 2857 1120 2890 L.
1147 2866 1206 2900 43.
1235 2853 1274 2890 ff.
1302 2853 1410 2890 Solut.
1438 2854 1588 2890 matrim.

281 2961 294 2986 t
307 2954 478 2989 Florentiae
488 2978 498 2995 ‚
522 2961 559 2985 ut
577 2953 651 2987 alibi
666 2954 811 2986 locorum
821 2953 936 2994 legitur
946 2976 956 2992 ,
971 2961 1055 2985 men-

306 2996 381 3028 dose
396 2997 511 3038 legitur
533 2996 562 3027 d.
586 2995 607 3027 l.
627 3006 680 3037 43.
723 2995 885 3036 Scriptura
898 2993 923 3026 F
926 2993 1054 3026 lorenti-

192 3045 247 3073 na,
271 3045 306 3067 ut
325 3046 390 3069 eam
408 3037 607 3078 interpunxit
623 3036 826 3076 Taurellius,
840 3035 883 3068 fic
898 3034 1008 3066 habet:
1022 3034 1055 3065 Sl

194 3078 318 3108 anai-itus
341 3080 373 3109 in
397 3080 427 3110 id
443 3080 515 3120 quod
528 3078 635 3118 facere
656 3076 750 3119 potest
769 3078 973 3110 condenmatus
987 3073 1028 3114 fit
1044 3099 1055 3115 ,

195 3115 231 3150 ὅ*
247 3119 364 3149 nomina
375 3117 437 3156 sint
453 3121 491 3150 ad
507 3120 582 3151 dotis
594 3120 789 3162 quantitatem
799 3142 808 3158 ‚
822 3127 910 3159 neque
920 3117 1057 3158 ampliu&

192 3165 282 3197 aeque
295 3158 409 3190 habebit
423 3161 561 3192 mandare
580 3161 718 3193 actiones.
759 3158 1054 3199 RobertusSteplia-

1096 2962 1154 2985 nus
1171 2949 1342 2993 posteriora
1360 2950 1401 2983 fic
1416 2949 1538 2990 edidit,
1571 2960 1660 2992 neque
1685 2950 1808 2991 amplius
1822 2951 1938 2997 habebit
1951 2973 1964 2992 ‚

1096 3003 1185 3041 ireque
1214 2994 1353 3052 mandare
1374 2991 1500 3038 abit-'ones
1519 2993 1641 3046 debebit.
1687 2991 1722 3050 Id
1738 2991 1866 3049 ¹sequuti
1893 2991 1965 3024 sunt

1098 3033 1222 3120 {gagga
1241 3031 1968 3120 assssssfffignff‘miiss320115111’3550‘3&aazia

1096 3115 1245 3147 exhibeat
1262 3116 1363 3155 dehet,
1385 3114 1497 3146 eodem
1513 3113 1610 3147 sensu.
1692 3124 1723 3146 ui
1741 3115 1770 3146 δι’
1789 3115 1871 3146 idem
1887 3122 1963 3153 erit,

1096 3156 1118 3189 fi
1140 3165 1198 3197 pro
1214 3158 1326 3189 debebit
1342 3155 1398 3189 vel
1411 3157 1493 3188 dehet
1512 3156 1597 3197 lega's
1617 3153 1730 3196 potest,
1751 3162 1786 3187 ut
1801 3154 1964 3230 legitigiisn
