2008 3436
169 116 215 155 58

170 192 219 223 tio
241 191 317 224 huic
339 193 416 224 loco
431 193 562 234 quadrat
588 194 690 225 unice.
710 191 919 224 probationes
943 191 1035 231 huius

166 232 312 274 figmenti
320 233 488 276 singulares
505 236 579 277 quia
596 245 660 267 non
679 234 773 266 habet
797 242 815 265 a
840 232 935 266 Costa
947 257 958 272 ‚
982 243 1035 264 va·

171 274 236 305 leat
252 285 325 307 cum
341 276 494 317 reliquis*

211 315 375 357 Superest,
389 317 437 349 ‘ut
451 317 493 349 de
504 319 583 350 Ant.
601 317 703 349 Fabi-o
723 316 872 348 dicamus.
919 316 978 349 llle
986 324 1037 347 au-

169 365 233 389 tem
258 357 293 390 su
314 368 349 391 ra
378 359 510 391 laudatis
533 359 614 391 locis
635 359 697 390 hoc
713 356 781 389 fere
798 357 895 389 modo
917 365 1037 399 arguta-

170 406 234 431 tui·.
314 410 386 432 mne
410 399 757 441 pactumscontrafitui,
780 398 897 431 live'B.
914 398 948 430 F.
975 397 1038 443 siye

171 441 203 472 S.
230 440 256 482 J.
290 441 445 482 adjestum
460 465 471 480 ‚
503 442 636 473 omnino
659 439 756 478 inest3
781 438 878 471 sedin
898 444 1039 480 negotiis

167 481 241 514 fidei
261 482 372 521 bonae,
394 482 513 515 format
533 482 688 514 astionem
706 490 745 512 ex
770 479 837 523 ipso
853 479 1042 518 contractu,

169 522 202 556 in
230 522 329 555 stritti
353 525 431 564 iuris
452 547 463 561 ‚
494 524 617 556 afflone
647 521 837 564 praescriptis
859 521 965 553 verbis
990 519 1037 551 est

170 562 366 596 servandum.
412 563 574 607 Propone:
600 565 687 605 Credo
712 565 767 595 tibi
782 564 917 601 centum,
937 569 970 593 ατ
983 568 1041 608 pso,

168 616 212 637 nze
231 606 356 637 Romam
372 617 440 645 eas,
471 604 533 639 non
559 606 705 644 dabitur,
730 604 854 646 inquit,
876 603 1037 635 condictio

167 647 248 679 certi
274 657 315 679 ex
339 657 451 679 mutuo
470 671 480 687 ,
512 654 546 678 ut
572 647 698 678 Romam
727 657 796 684 eas,
832 647 895 677 hoc
913 644 1037 690 pastum

170 698 234 720 non
261 687 381 719 format
402 689 559 720 actionem
585 688 710 726 mutui,
743 687 794 720 sed
818 695 942 725 tamen,
967 695 1040 726 quia

167 728 265 767 inest,
296 728 487 770 praescriptis
518 730 623 761 verbis
650 729 773 760 utiliter
789 732 921 769 agetur,
944 735 979 758 ut
995 725 1039 757 fa-

169 770 255 801 cium
272 770 401 811 impleas
414 794 424 808 ‚
449 771 501 802 vel
518 771 556 803 ad
577 771 624 809 id,
649 771 735 811 quod
754 768 901 807 interest,
917 769 1041 800 damne-

172 811 225 843 ris.
273 811 360 843 Hinc
381 810 426 843 est
453 812 586 852 petenda
608 812 747 852 ejusdcm
765 810 931 852 sagacitas,
956 807 1041 854 quod

170 852 318 884 nimirum
337 853 491 893 Ulpianus
509 854 541 895 in
560 854 581 885 l.
602 863 631 894 7.
663 852 690 895 §.
709 863 739 893 5.
760 852 801 893 ff.
821 853 854 883 de
869 851 949 892 past.
969 849 1041 882 scri-

170 892 292 933 pserit:
326 893 423 925 Pafta
449 902 594 927 conventa
621 894 704 935 ineffe
740 896 816 925 bonae
839 892 913 939 fidei
945 900 1041 938 Juni-

174 944 239 966 cus
251 957 262 972 ‚
275 935 294 966 i.
306 945 332 967 e.
350 935 511 967 aditionibus
523 959 533 975 ‚
543 946 608 968 non
625 935 837 967 commatibus:
853 944 927 975 quia
939 957 950 972 ,
964 934 1040 980 licet

168 976 257 1017 pat'ta
272 975 386 1008 strietis
405 978 620 1010 contractibus
638 977 753 1015 insint,
776 986 839 1008 non
849 974 1041 1021 tamen-judl-

170 1017 251 1056 ciis‚
282 1016 336 1049 seu
364 1018 539 1051 astionibus
563 1028 674 1050 eorum
700 1018 783 1050 reue
809 1016 904 1049 inesse
929 1017 1040 1053 dices3

171 1068 212 1091 ne
236 1069 275 1090 ue
291 1060 375 1092 enim
394 1059 771 1101 protendunturafflones
789 1069 828 1090 ex
845 1057 958 1090 stric‘tis
967 1066 1039 1089 con-

171 1107 217 1132 tra
252 1101 320 1133 ibus
337 1101 374 1132 ad
383 1111 517 1143 ea‚quae
535 1102 567 1134 in
582 1102 670 1143 pacta
689 1100 819 1132 deduCla
832 1099 1039 1141 sunt,quem-

170 1142 339 1174 admodum
357 1142 395 1175 fit
421 1144 460 1177 in·
478 1143 604 1184 judiciis
630 1143 702 1175 fidei
730 1142 834 1173 bonae.
880 1140 969 1172 Tum
987 1139 1039 1186 de-

173 1193 261 1215 mum
279 1183 512 1225 stipulationem
530 1184 672 1226 excipit,
705 1192 815 1224 utpote
837 1182 926 1223 cujus
944 1181 1038 1212 aetio—

174 1234 247 1257 nem
274 1224 405 1257 formari
434 1227 506 1258 vult
530 1236 569 1258 cx
596 1226 677 1268 paffi
697 1225 890 1265 adjectione,
914 1232 969 1264 per
986 1232 1042 1260 ea,

174 1275 246 1307 quae
260 1266 357 1298 modo
376 1267 493 1307 relata,
517 1268 547 1300 ὅ(
562 1291 573 1307 ,
596 1267 726 1308 opinor,
762 1263 1000 1310 refutatasunt.

214 1307 319 1349 „Quod
337 1308 375 1341 ad
394 1319 478 1348 eam,
512 1318 604 1349 quarn
627 1317 711 1339 nunc
726 1307 947 1343 recitavimus,
969 1305 1043 1337 Sen-

177 1349 327 1389 tentiam,
352 1349 536 1392 fimpliciter
556 1350 660 1392 primo
676 1357 842 1399 negamus,
867 1346 956 1388 pacta
972 1349 1043 1388 qua-

176 1391 339 1433 licumque
361 1391 538 1424 contraCtui
563 1390 667 1423 inesse.
714 1389 774 1422 sed
791 1397 864 1420 cum
878 1388 921 1435 ,ad
939 1396 1044 1434 exem-

174 1433 227 1473 pla
250 1440 437 1473 perventum
461 1431 506 1464 est
526 1456 536 1472 ‚
567 1432 672 1464 nullus
695 1431 790 1471 etiam
811 1430 946 1473 dubito,
968 1438 1044 1471 quin

176 1474 365 1505 verissimum
384 1473 450 1512 est,
472 1484 512 1506 ex
530 1475 592 1506 hoc
608 1473 759 1514 negoti03
786 1472 875 1503 Credo
901 1472 954 1503 tibi
978 1481 1044 1502 cen-

179 1521 260 1554 tum,
288 1522 319 1546 ut
345 1516 468 1547 Romani
491 1527 538 1548 elis
553 1538 563 1554 ‚
595 1516 705 1547 utilem
729 1512 922 1556 praescriptis
937 1511 1044 1544 verbis

177 1556 264 1596 dari,
290 1566 326 1588 ut
351 1557 443 1589 fidem
466 1557 570 1590 datam
591 1557 716 1595 serves,
746 1555 897 1597 quicquid
912 1554 1044 1587 relucte-

179 1607 230 1630 tur
248 1597 427 1631 Bachovius
439 1623 449 1639 ‚
475 1599 565 1639 Fabri
583 1599 686 1638 μάςιξ,
710 1597 748 1629 ad
767 1596 878 1629 Treucz.
900 1595 970 1629 aia.
988 1596 1043 1628 loc.

178 1640 277 1672 Ratio
293 1649 397 1671 autem
426 1640 595 1680 Fabi-iana,
633 1640 717 1682 quod
732 1638 828 1670 verba
839 1662 850 1679 ,
868 1645 900 1671 ut
920 1638 1047 1685 Romam

178 1692 244 1721 eas,
277 1681 471 1715 constituant
496 1683 639 1724 pactum,
673 1680 758 1720 quod
784 1688 898 1712 mutuo
913 1680 1049 1713 inconti-

178 1724 267 1755 nenti
291 1723 443 1763 adietlum
468 1723 566 1763 inest,
595 1723 780 1764 neutiquam
796 1720 844 1754 est
859 1721 1020 1764 probanda
1037 1745 1049 1761 ,

179 1765 272 1798 aliam
287 1764 431 1798 exsecuti
449 1765 552 1798 sumus
573 1766 643 1806 Cap.
652 1764 753 1807 fiaper.
779 1764 812 1796 in
820 1762 986 1806 expoliti.
1000 1771 1048 1795 11.

293 112 444 148 CORN.
471 121 544 150 vAN
569 110 937 149 BYNKERSHOEK
964 104 1256 150 DlSSERTA'T.
1285 112 1351 150 DE
1372 111 1568 159 PACTIS,
1596 124 1675 151 erc.
1700 115 1784 153 Cn.
1810 116 1877 154 Vi.

1076 192 1104 236 §.
1126 203 1152 240 1..
1175 192 1212 234 ff.
1228 194 1262 225 de
1287 192 1327 226 R.
1347 193 1379 226 C⁶
1424 192 1573 234 Denique
1590 204 1654 226 non
1670 195 1773 235 placet
1789 195 1881 228 Fabri
1895 190 1951 232 :ii-<f
1994 200 1996 211 ¹

1077 244 1169 276 gutiav
1181 244 1222 267 ex
1245 236 1267 267 l.
1284 244 1314 276 7.
1339 235 1367 276 §.
1388 244 1418 274 5.
1437 235 1479 276 ff.
1502 237 1535 266 de
1547 235 1625 281 past.
1652 245 1724 268 curn
1742 237 1790 270 uti
1813 247 1852 268 ue
1866 247 1948 273 con-1
1990 241 2005 252 '¹

1080 276 1195 308 tractus
1223 277 1253 308 ἂ
1278 276 1424 316 judicia,
1457 284 1591 308 certem
1610 277 1773 318 praesenti,
1820 277 1942 314 ifferant

1079 316 1175 349 nihil:
1207 317 1401 349 contratiibus
1425 318 1507 349 enim
1532 316 1719 350 adscribitur
1736 319 1767 350 in
1791 319 1811 350 l.
1836 329 1884 362 13.-
1909 321 1953 355 (1³k

1079 358 1202 398 depo&
1233 359 1317 399 quod
1343 359 1375 391 in
1405 360 1434 390 d.
1467 358 1496 400 §.
1512 368 1542 399 5.
1563 359 1697 401 judiciis.
1740 360 1845 402 Atque
1866 362 1948 397 illud!
1998 383 2000 389 ι

1080 398 1227 431 subolem
1252 399 1353 431 Fabro
1374 424 1384 440 ,
1416 401 1443 431 d.
1471 401 1492 431 ί.
1521 409 1569 442 13.
1596 408 1724 442 torquet
1743 401 1942 437 horrendum.

1079 440 1139 473 Sed
1153 450 1218 472 non
1233 439 1278 472 est
1295 440 1414 480 visum,
1440 441 1571 473 ulterius
1592 442 1738 484 progredi
1752 451 1862 476 contra
1870 444 1945 478 Sen-·

1080 481 1211 514 tentiam
1228 481 1365 513 hominis
1386 482 1581 523 singularem.

1122 523 1165 569 At
1188 532 1251 564 quo
1277 530 1309 554 te
1324 545 1337 562 ,
1366 522 1589 564 Hotomanne‚
1621 524 1792 558 referemus
1807 526 1826 558 ⁴?
1848 528 1901 559 vul
1924 537 1949 560 o
2001 531 2003 535 ⁴

1081 563 1208 606 quidem
1225 564 1339 602 audio,
1373 572 1405 596 te
1428 573 1629 598 communem
1652 565 1727 599 DD.
1742 567 1892 600 Scholam
1904 537 1949 606 {ei
2002 570 2003 582 ¹

1081 605 1156 645 qui,
1186 604 1238 637 sed
1261 605 1331 646 quis
1349 605 1410 636 hoc
1435 605 1607 639 sustineat?
1635 607 1757 640 ‘Verum
1774 607 1820 640 est
1828 631 1839 647 ‚
1863 617 1896 641 te
1913 611 1948 643 in'

1083 646 1213 687 Epitom.
1237 647 1275 678 ad
1303 645 1362 678 Tit.
1387 647 1420 678 de
1446 646 1527 687 poet.
1559 658 1590 680 n.
1609 659 1642 689 5.
1672 648 1704 680 ἃ
1734 650 1766 682 in
1791 651 1887 683 schol.
1909 651 1948 684 ad

1082 687 1112 730 §.
1129 695 1160 727 5.
1179 688 1199 719 l.
1217 697 1247 728 7.
1264 688 1324 719 eod.
1348 687 1379 719 ὅτ.
1392 688 1469 734 tib.
1486 687 1544 719 XI.
1569 689 1692 735 Observ.
1704 691 1736 722 C.
1750 690 1771 723 Ι.
1797 690 1948 734 scripfiffe

1082 729 1949 818 {5555<stiffi332325322¹533lffi⁰22a522{ensal}
1996 804 1999 810 s

1084 812 1114 843 δι’.
1128 811 1251 852 Observ.
1275 809 1317 841 L.
1330 809 1406 842 XII.
1429 810 1493 842 five
1510 810 1611 843 Amic.
1630 812 1768 855 Respons.
1786 813 1810 846 1.
1842 815 1876 846 C.
1891 816 1946 848 ult.

1083 852 1222 884 sollicite
1244 850 1435 892 distinguere
1458 851 1540 883 inter
1566 853 1655 893 pasta
1680 855 1858 894 adjicientia
1873 879 1884 894 ,
1915 857 1948 890 ὅ(

1082 894 1122 925 de
1141 891 1311 925 substantia
1335 893 1388 924 vel
1410 893 1609 926 adminiculis
1640 895 1824 931 contr-astus
1846 896 1947 929 detra-

1084 935 1200 966 hentia.
1246 933 1330 965 Haec
1353 935 1440 966 omni
1467 934 1563 966 modo
1591 935 1687 968 inesse
1711 936 1779 976 vis,
1804 936 1860 969 illa
1882 948 1948 970 rur·

1083 975 1151 1008 sum
1169 974 1317 1016 dispescis
1343 975 1374 1007 in
1399 984 1454 1014 oa,
1477 984 1546 1016 quae
1567 975 1761 1018 substantiae,
1785 978 1838 1010 vel
1855 979 1949 1012 admi-

1082 1017 1197 1049 niculis
1215 1016 1291 1057 quid
1308 1016 1431 1048 addant.
1476 1017 1507 1048 Si
1532 1017 1751 1058 adminiculis,
1781 1019 1887 1052 denuo
1903 1021 1948 1055 in-

1082 1058 1144 1095 effe
1161 1057 1344 1090 contendis:
1368 1057 1391 1090 si
1407 1056 1597 1097 substantiae,
1616 1069 1682 1092 non
1695 1060 1783 1093 item.
1829 1060 1949 1095 Iterum

1080 1099 1124 1137 L.
1140 1098 1213 1132 VII.
1239 1098 1363 1145 observ.
1390 1099 1490 1146 92¹5·
1516 1100 1651 1132 multum
1667 1108 1809 1134 mutatus
1822 1102 1861 1134 ab
1878 1103 1949 1144 illo,

1082 1141 1136 1182 qui
1153 1147 1244 1172 antea
1261 1140 1342 1180 Juris
1363 1139 1479 1173 Civssis
1494 1140 1582 1179 loca,
1615 1143 1759 1183 quamvis
1775 1142 1950 1176 distinctio-

1083 1192 1158 1214 num
1174 1180 1356 1219 maeandris,
1387 1181 1587 1221 vindicabas,
1623 1183 1818 1216 manifestam
1834 1185 1948 1217 admit-

1081 1223 1126 1254 'tis
1144 1231 1279 1268 pugnam
1299 1222 1382 1254 inter
1399 1222 1530 1254 Paulum
1547 1223 1580 1255 in
1611 1224 1631 1254 l.
1652 1224 1768 1266 Lecta,
1793 1227 1824 1259 &
1842 1225 1952 1268 Ulpia-

1078 1273 1160 1301 ,num
1179 1273 1211 1294 in
1235 1263 1257 1294 Ζ.
1281 1271 1311 1303 7.
1337 1262 1363 1304 ᾗ.
1387 1265 1524 1304 quinimo.

1130 1303 1190 1336 Nil
1204 1303 1250 1336 est
1272 1304 1305 1335 in
1322 1304 1385 1336 hoc
1401 1304 1588 1346 opinionum
1609 1306 1779 1346 conflicitu,
1800 1309 1888 1348 quod
1903 1318 1952 1340 re-

1085 1345 1279 1378 futationem
1307 1352 1463 1377 mereatur
1489 1355 1605 1379 novam
1619 1370 1629 1386 ,
1653 1357 1725 1380 cum
1738 1349 1783 1381 nil
1803 1349 1842 1380 fit
1856 1350 1954 1389 novi,

1086 1390 1181 1436 quam
1200 1387 1255 1419 illa
1282 1386 1364 1428 pacti
1389 1386 1568 1427 adjicientis
1588 1398 1698 1421 recens
1717 1389 1853 1422 confina
1870 1390 1952 1424 divi-

1086 1430 1140 1462 110'.
1186 1427 1269 1461 Haec
1286 1436 1391 1460 autem
1408 1438 1503 1476 quum
1521 1438 1561 1461 ne
1577 1431 1703 1472 quidem
1719 1431 1752 1463 in
1766 1431 1801 1463 B.
1819 1430 1856 1463 F.
1876 1440 1951 1464 con-

1078 1470 1254 1510 tractibus,
1278 1478 1358 1511 quos
1378 1479 1506 1512 propi-le
1521 1473 1707 1512 concernit,
1730 1473 1794 1504 tam
1810 1472 1904 1505 anxia
1923 1473 1953 1506 δι

1086 1511 1175 1546 varia
1201 1519 1419 1553 proponantur
1444 1512 1476 1544 in
1506 1513 1530 1559 l:
1554 1522 1605 1555 72.
1623 1514 1673 1562 ff.·
1693 1515 1728 1546 de
1747 1515 1847 1547 Contr.
1864 1521 1951 1556 empt.

1075 1553 1119 1593 J&
1142 1553 1264 1594 reliqua
1288 1552 1486 1586 Hotomanni
1521 1563 1552 1586 1n
1572 1555 1784 1597 supenoribus
1798 1565 1954 1598 occupata

1075 1594 1167 1635 ssat,
1192 1595 1240 1626 his
1254 1595 1385 1637 ahisque
1412 1594 1506 1627 miffis
1518 1618 1529 1634 ,
1553 1596 1711 1630 servamus
1725 1597 1847 1639 planam
1867 1598 1953 1630 illam

1088 1635 1281 1679 facilemque
1306 1638 1339 1668 de
1365 1637 1467 1669 Paetis
1499 1638 1620 1680 adjeezis
1636 1640 1809 1672 dostrinam
1826 1662 1839 1680 ‚
1861 1647 1952 1682 quam

1090 1677 1233 1710 dedimus
1259 1677 1489 1720 consequenter
1509 1679 1763 1723 interpretationi
1794 1682 1816 1714 l.
1843 1692 1895 1724 40.
1911 1679 1952 1724 ff.

1074 1714 1077 1717 ’
1091 1721 1125 1752 de
1143 1719 1242 1752 Rebus
1259 1721 1389 1753 creditis.

890 1891 1269 1934 FINIS.

1768 3199 1958 3245 CON-
