2008 3436
404 115 804 153 CORNELII

151 192 281 232 habebis
305 195 393 228 mille
420 195 599 237 sestertios,
626 196 656 228 id
672 197 735 235 etl,
762 197 891 228 unicum
911 195 1018 228 sester-

152 235 242 267 tium.
289 236 375 269 Hinc
399 237 498 270 facile
523 239 566 270 est
595 240 747 280 colligere
763 261 772 275 ‚
798 237 918 269 usuram
939 241 1017 269 inte-

149 285 236 316 gram
260 276 355 310 sortis
371 290 463 321 3750.
490 280 558 311 den.
578 290 656 320 quot
674 280 825 311 mensibus
842 279 912 310 dare
929 280 1019 310 dena-

149 318 215 349 rios
234 319 362 360 triginta
381 322 499 362 septem
511 322 814 358 cumdimidi031ion
824 320 1015 352 XXXVIII.

148 366 185 389 ut
211 360 313 393 minus
336 372 482 394 accurate
509 361 674 394 Duarenus
699 363 736 393 ad
771 362 829 392 Tit.
855 363 888 392 de
912 361 954 392 R.
983 363 1014 393 C.

153 400 224 440 Cap.
251 401 290 434 V.
314 405 352 435 aa
375 405 394 436 l.
422 404 524 436 Lecta.
572 403 715 444 Namque
741 403 878 434 Centum
898 403 1016 434 dabunt

148 449 267 480 unum,
287 443 371 483 five,
396 455 430 477 ut
459 446 503 477 ait
523 444 637 476 Paulus
653 469 661 483 ,
685 445 803 475 denarii
820 444 943 475 centeni
962 444 1014 474 de-

148 484 253 515 narios
270 484 427 527 singulos,
452 496 527 527 ergo
547 486 633 517 mille
653 486 782 522 decem,
816 494 852 515 ac
870 486 913 515 ita
931 485 1015 515 dein-

149 532 234 565 ceps.
283 526 373 559 Unde
389 529 482 559 etiam
501 527 604 558 mirari
624 526 725 565 subit,
751 526 970 558 Hotomanum
980 526 1018 557 ad

150 565 180 597 h.
203 566 222 597 l.
250 567 280 598 in
308 569 413 610 Cfflfffie
446 568 668 609 constitntlone,
700 568 829 599 eandem
849 567 1017 599 nobiScum

150 605 257 639 facere
282 607 430 642 summam
457 610 624 641 usurariam
645 633 654 648 ,
689 618 784 649 quum
813 618 915 640 tamen
939 608 1014 640 XV.

148 648 310 681 denarium
341 652 439 683 millia
464 650 556 682 fuiss'e
586 650 706 681 credita
723 650 776 681 fibi
798 650 930 690 aliisque
949 659 1015 689 pei·-

150 687 295 722 suadeat:
321 692 405 724 illius
421 693 504 723 enim
529 691 621 723 sortis
646 691 852 723 Centeiimam
868 692 900 722 in
916 690 1015 731 fingu-

149 730 199 762 Ios
226 731 344 764 menses
365 733 402 764 ad
430 733 494 765 CL.
526 734 595 764 den.
630 732 792 772 adsurgere
808 756 817 771 ,
841 733 936 763 etiam
952 742 1017 763 non

149 771 299 814 Lynceus
310 772 406 805 facile
417 774 541 806 viderit.
563 774 635 805 Haec
646 775 695 815 qai
709 774 831 815 diffusas
847 773 1014 815 intelligere

152 815 227 845 velit
237 836 248 852 ,
268 824 305 846 ex
323 818 490 857 argentarii
508 819 593 847 abaco
618 816 739 853 metius,
763 825 849 856 quam
869 815 1017 856 JCtoram

150 855 234 886 libris
251 858 433 888 examinabit
443 881 452 896 ,
463 857 567 889 dicere
578 857 671 888 liceat
681 866 753 887 cum
762 857 889 888 Alciato
909 856 946 887 ad
955 857 982 887 h.
994 857 1014 887 l.

194 896 295 928 Porro
312 898 537 930 advertendum
553 897 613 937 est,
641 898 753 935 verba,
774 898 805 929 iii
821 907 954 938 quorum
963 907 1015 929 ex-

148 937 324 978 plicatione
342 939 521 980 versamur,
553 940 693 972 exactam
713 938 811 970 usurae
831 939 1015 970 Centesimae

149 978 394 1020 descriptionem
420 982 596 1014 continere.
649 980 731 1012 Cum
759 980 843 1011 enim
871 981 1015 1011 denarius

148 1021 324 1053 menstruus
350 1023 380 1054 in
406 1023 550 1055 denarios
581 1031 736 1054 contenos
761 1021 928 1062 penditur,
954 1022 1016 1052 erit

147 1062 156 1093 i
184 1061 213 1093 sa
229 1062 424 1103 Cencefima,
450 1065 494 1096 ita
511 1064 593 1096 dieta
605 1088 614 1103 ‚
640 1073 705 1095 non
722 1073 739 1094 a
752 1063 922 1095 centesimo
932 1072 1015 1094 men-

162 1113 199 1142 e,
227 1113 291 1145 quo
321 1104 438 1137 sortem
460 1115 589 1147 aequat,
622 1113 655 1136 ut
686 1114 847 1146 perperam
870 1104 1016 1136 nonnulli

149 1145 303 1184 credunt;
329 1145 380 1178 sed
398 1157 415 1178 a
436 1147 603 1179 centesima
630 1146 723 1178 sortis
745 1153 832 1187 parte
851 1145 1017 1178 menstrua-

150 1186 209 1218 tim
226 1185 436 1227 exsolvenda,
461 1188 723 1230 quemadmodum
741 1211 750 1226 ,
782 1196 897 1228 praetei·
913 1187 1016 1218 aueto-

149 1228 277 1260 ritatem
292 1228 522 1271 Harmenopuli
548 1230 586 1262 L.
605 1229 658 1261 III.
689 1229 722 1260 T.
740 1238 768 1269 7.
795 1228 821 1269 §.
845 1239 890 1265 19.
917 1227 1018 1269 ipsum

150 1269 242 1301 vocis
268 1278 400 1312 etymon
427 1270 499 1303 satis
540 1271 733 1312 probaverit.
786 1270 890 1301 Fuisse
913 1278 1018 1300 autem

149 1309 360 1344 centesimam
386 1312 465 1344 hanc
490 1321 632 1353 tempore
660 1311 765 1344 Severi
783 1312 835 1342 vel
850 1310 1018 1343 Caracallae

148 1351 293 1392 licitam,
326 1354 356 1385 ἅ
381 1354 566 1395 quandoque
587 1353 765 1394 stipulatam
783 1351 918 1392 praesens
936 1351 1016 1383 Cau-

149 1393 199 1424 tio
216 1393 360 1426 dubitare
381 1403 446 1426 non
470 1395 599 1435 patitur.
650 1394 800 1425 Attamen
828 1393 952 1425 Basilici
976 1392 1017 1424 L.

151 1434 280 1468 XXIII.
310 1435 369 1469 Tit.
395 1436 419 1468 I.
455 1437 485 1468 C.
505 1446 556 1477 42.
596 1434 729 1478 posuiffe
752 1435 896 1467 contenti
919 1435 1017 1466 τοιόνδ’

147 1481 239 1516 τόκον,
263 1484 356 1509 certas
372 1478 491 1519 aficras,
526 1488 566 1510 ne
591 1477 743 1509 videlicet
768 1476 817 1516 jus
833 1476 1018 1518 abrogatum

148 1518 211 1552 suae
238 1519 416 1560 Purgatiom'
443 1519 603 1552 inseruisse
628 1519 689 1550 hoc
714 1518 789 1548 loco
810 1518 1016 1550 viderentur:

150 1562 236 1602 gnari
257 1563 373 1602 quippe
389 1571 443 1602 per
467 1562 488 1593 l.
513 1565 564 1594 26.
592 1562 622 1593 C.
654 1562 686 1591 de
708 1559 785 1601 asar.
810 1559 1017 1592 Centefimam

150 1602 212 1634 effe
230 1601 391 1634 sublatam.
933 1609 936 1635 l

193 1645 304 1677 Multa
317 1644 356 1676 de
375 1643 559 1677 Centefimae
588 1643 729 1684 origine,
751 1650 877 1683 natura,
902 1643 932 1675 ot
949 1653 1018 1685 quae

151 1686 223 1721 sunt
245 1685 276 1718 id
291 1694 388 1727 genus
407 1686 488 1725 alia,
512 1686 574 1717 dici
593 1685 736 1727 possent,
761 1683 812 1716 sed
827 1685 1020 1726 quandoqui-

150 1729 221 1761 dem
232 1750 244 1766 ,
267 1727 402 1769 explosis
418 1727 571 1759 Veterum
589 1727 797 1764 chimaeri‘cm
825 1735 915 1767 paene
930 1727 1018 1758 dixe-

151 1770 213 1802 'rim
224 1791 236 1808 ,
253 1768 415 1811 ,figmentis
426 1791 437 1807 ,
460 1768 530 1810 post
550 1768 757 1800 Hermolaum
774 1768 942 1800 Barbarum
954 1791 965 1807 ,
987 1769 1018 1800 &

151 1811 304 1843 Socinum
322 1809 459 1851 JCcum,
476 1811 550 1852 quid
568 1810 621 1842 iIIa
640 1809 694 1848 fit,
710 1809 811 1850 palam
830 1810 1020 1849 innotuerit,

154 1851 298 1884 minutiis
320 1852 405 1883 circa
430 1851 511 1883 hanc
533 1850 737 1884 discutiendis
753 1860 817 1883 non
838 1851 1017 1883 immorabi-

151 1903 222 1926 mur
237 1916 248 1932 ,
301 1893 363 1925 uod
388 1892 483 1925 vastis
509 1893 726 1925 voluminibus
748 1892 786 1924 ab
811 1892 880 1925 aliis
905 1892 1022 1935 praesti-

153 1942 232 1966 tum.
277 1903 419 1967 {betium
445 1942 547 1967 tamen
578 1944 681 1975 operae
705 1934 785 1974 erit,
810 1935 913 1966 datam
931 1934 1021 1977 supra

153 1976 340 2009 Centesimae
358 1976 575 2008 definitionem
599 1976 758 2008 vindicare
779 1976 817 2007 ab
837 1985 897 2007 una
911 1977 1020 2008 altera-

151 2026 194 2052 ve
209 2017 397 2049 difficultate
416 2040 427 2055 ,
461 2027 532 2058 quae
546 2027 613 2049 eam
633 2026 755 2049 tantum
770 2027 834 2049 non
855 2016 1020 2050 subvertit.

152 2058 326 2098 Diximus,
349 2059 378 2090 ὅ(
395 2059 489 2090 hodie
503 2060 615 2090 dicunt
634 2068 763 2097 omnes,
789 2058 911 2090 usuram
940 2059 1020 2091 Cen-

155 2099 294 2133 tefimam
317 2099 378 2131 effe
396 2123 407 2139 ,
445 2099 466 2132 fi
488 2100 655 2132 centefima
687 2099 780 2131 sortis
804 2110 874 2141 pars
893 2110 957 2141 quo
982 2110 1020 2132 ue

154 2140 259 2174 mense
269 2138 408 2172 solvatur
418 2140 484 2182 (uti
497 2142 527 2173 in
537 2142 699 2183 proposito
707 2142 837 2184 37.den.
857 2142 886 2173 &
905 2152 937 2174 2.
988 2142 1017 2175 S.

155 2183 211 2214 ubi
232 2190 326 2223 caput
353 2182 452 2214 debiti
476 2192 543 2214 erat
568 2192 661 2224 3750.
682 2184 774 2223 den.)
798 2183 870 2222 vel,
894 2185 978 2224 quod
997 2186 1020 2216 i-

154 2224 245 2263 dem,
266 2223 447 2256 si.duodena
462 2233 562 2256 annua
578 2226 609 2256 in
629 2224 744 2266 fingula
764 2224 800 2257 C.
821 2227 1018 2266 praeitentur,

155 2265 252 2298 Aliud
269 2273 373 2296 tamen
391 2265 474 2296 velle
490 2265 616 2297 videtur
629 2266 710 2306 juris
728 2265 842 2298 Civilis
857 2269 887 2299 <St
905 2266 1020 2298 Gothi-

158 2307 188 2338 ci
214 2307 369 2347 interpres
396 2306 535 2339 Anianus
555 2330 565 2347 ,
597 2306 648 2338 seu
673 2308 812 2349 quisquis
828 2309 907 2341 alius
924 2309 955 2341 in
973 2309 1017 2341 in-

156 2348 384 2389 terpretatione
407 2348 427 2379 l.
448 2358 476 2380 2.
503 2349 534 2380 C.
559 2348 662 2380 Theod.
687 2350 720 2380 de
743 2349 817 2391 zfitr.
844 2351 887 2381 ita
900 2349 1017 2382 scribit:

160 2390 193 2421 Si
213 2391 277 2430 quis
288 2390 357 2429 plus
372 2399 457 2430 quam
474 2390 609 2432 legitima
640 2389 799 2429 Centesima
815 2394 944 2423 continet
954 2415 966 2430 ,
988 2393 1019 2423 id

157 2429 219 2471 eft,
242 2436 300 2462 tres
308 2429 433 2472 siliquas
455 2432 488 2462 in
502 2441 577 2462 anno
589 2438 643 2472 per
653 2431 780 2473 solidam
791 2456 802 2470 ,
833 2434 958 2474 amphus
973 2435 1020 2465 de-

158 2473 244 2504 bitori
258 2471 313 2513 suo
328 2494 340 2510 ,
372 2471 514 2511 occasione
535 2472 707 2514 neceffitatz‘s
721 2496 732 2512 ,
755 2476 885 2515 accipere
901 2475 948 2506 vel
970 2485 1020 2506 au-

150 2514 236 2555 ferre
250 2512 457 2554 praesamserz't,
482 2538 490 2546 .
514 2539 521 2546 .
547 2539 553 2545 .
579 2512 747 2555 constrictus
757 2517 910 2557 quadrupli
923 2522 1022 2556 paena,

159 2553 302 2596 restituet.
347 2554 438 2586 Anne
457 2563 519 2586 tres
536 2556 650 2596 filiquae
669 2556 699 2587 in
716 2566 797 2588 aurio
814 2566 870 2597 pei·
887 2557 1022 2589 solidum

158 2594 356 2628 constituunt
376 2594 614 2628 Centesimum?
644 2597 742 2628 immo
764 2599 844 2638 plus.
891 2598 1023 2631 Constat

158 2637 269 2678 utique
297 2643 361 2667 tres
386 2636 508 2677 siliquas
533 2637 663 2668 obolum
682 2661 692 2676 ,
728 2641 802 2670 otto
818 2640 934 2671 obolos
951 2639 1022 2672 soli-

157 2679 254 2716 dum,
284 2684 378 2717 atque
405 2677 484 2708 adeo
509 2678 593 2709 hunc
621 2687 731 2718 capere
751 2680 871 2721 iiliquas
888 2681 1022 2714 XXIV:

159 2720 265 2760 itaque
284 2725 347 2749 tres
360 2717 500 2750 efficiunt
516 2728 635 2760 partem
657 2719 745 2751 solidi
770 2722 928 2760 octavam,
953 2732 1024 2762 quae

161 2761 197 2793 in
217 2766 369 2792 centenos
385 2760 554 2800 quotannis
582 2770 686 2791 veram
718 2760 923 2793 Centesimam
949 2763 1024 2795 XII.

160 2801 280 2842 siliquis
303 2801 325 2832 i.
351 2809 378 2832 e.
410 2798 529 2832 semiss'e
557 2810 620 2833 uno
643 2800 829 2842 exsuperat,
855 2810 889 2833 ut
907 2804 1024 2835 &Aue

163 2840 358 2884 Augustinus
369 2841 409 2874 L.
420 2841 460 2874 II.
472 2842 597 2874 Emend.
608 2843 641 2874 C.
657 2852 704 2875 10.
716 2846 745 2875 ἃ
756 2843 904 2884 Cujacius
916 2845 957 2876 L.
971 2845 1024 2876 III.

167 2884 288 2925 Observ.
316 2883 348 2914 C.
367 2892 421 2925 35.
443 2883 473 2915 &
490 2884 526 2915 ad
550 2883 633 2915 Nov.
656 2895 707 2925 532.
742 2886 879 2916 rationes
895 2886 1024 2917 ducunt.

165 2923 385 2957 Nihilominus
401 2933 526 2965 quoque
541 2925 614 2956 alibi
635 2926 756 2957 iervata
775 2934 914 2958 cernitur
935 2928 1025 2957 Ania-

167 2975 234 2997 neae
261 2964 448 2997 Centesimae
473 2966 573 3002 1·atio;
595 2976 728 3007 namque
747 2966 852 3000 Graeci
876 2968 917 2999 L.
942 2967 1025 2999 LIII.

166 3009 331 3045 mmm-Tu,
368 3005 427 3038 Tit.
452 3016 484 3047 5.
535 3007 743 3040 Centesimum
767 3008 901 3047 finiunt,
924 3010 1029 3048 ιερρέπκ

168 3047 238 3081 rojam
262 3053 297 3083 τῷ
324 3049 454 3079 vorticum
475 3071 483 3084 ,
517 3048 648 3080 testante
670 3049 802 3089 Cujacio
818 3050 855 3081 ad
877 3050 897 3082 l.
917 3060 967 3082 20.
994 3050 1026 3081 C.

169 3098 202 3118 ae
225 3088 300 3127 ajin:
334 3089 341 3119 i
369 3088 398 3120 se
421 3090 506 3121 enim
523 3090 614 3122 locus
630 3099 646 3121 a
661 3090 802 3123 Fabi-oto
819 3090 947 3123 omissus
970 3090 1026 3123 est.

163 3127 212 3167 ¹Et
237 3128 313 3169 Imp.
340 3098 408 3161 {eo
439 3130 521 3162 Nov.
539 3136 589 3173 83.
617 3133 649 3162 in
662 3130 719 3171 fia.
743 3133 873 3163 trientes
891 3132 1027 3164 Centefi-

167 3178 225 3200 mae
243 3169 410 3206 dCsCffiblt,
426 3174 510 3211 dio-7:542
530 3176 566 3202 lc·
582 3174 690 3211 κέρθίτιου
709 3172 730 3203 ’ἓν
748 3176 789 3207 ἐφ’
806 3174 929 3208 {liaustu
943 3186 1028 3208 ιομιν-

166 3221 228 3244 μαῖ’
250 3212 298 3240 ἁνιὶ
327 3215 378 3239 πᾶν
405 3213 471 3244 ’έπΐν
492 3236 501 3252 ,
533 3214 617 3255 quod
638 3214 793 3256 vulgareis
812 3215 939 3247 excedit
954 3224 1025 3256 qua-

154 124 200 149 20
880 117 990 153 vliN

1063 117 1667 156 BYNKERSHOEK

1063 207 1137 231 tuor
1165 199 1293 241 siliquis.
1338 200 1492 232 Similiter
1516 201 1703 240 Jullinianus
1735 201 1766 232 in
1803 201 1924 238 Novell.

1060 251 1122 282 32,
1147 251 1208 283 34,
1233 240 1269 276 ὅ)
1296 246 1364 274 106.
1390 251 1617 274 commemorat
1641 243 1759 274 ociavae
1777 244 1875 283 partis
1891 255 1923 276 u-

1062 284 1182 321 suram,
1206 282 1235 313 δε
1255 283 1285 314 in
1303 285 1365 315 ead.
1387 283 1467 314 Nov.
1487 285 1645 325 32.&44.
1670 293 1786 315 annuas
1801 283 1924 325 siliquas

1060 324 1090 354 in
1111 323 1246 365 singulos
1265 324 1381 356 solidos
1397 325 1434 355 ab
1451 325 1599 365 agricolis
1619 324 1778 356 usurarum
1798 327 1925 360 nornine

1059 365 1143 406 exigi
1162 366 1338 406 permiss'as,
1363 366 1447 407 quod
1465 365 1563 406 ipsum
1580 365 1766 398 Graecorum
1784 367 1813 399 &
1833 368 1924 401 Ania—

1059 407 1089 438 ni
1108 407 1238 439 trientes
1267 409 1378 440 incidit
1396 431 1405 446 ,
1439 407 1515 439 sicut
1535 407 1655 439 oCtavae
1673 408 1769 449 partis
1786 408 1876 442 usura
1892 411 1925 444 in

1058 449 1228 480 eorundem
1249 449 1466 482 Centesimam.

1105 488 1128 520 F
1131 499 1212 521 rane.
1233 490 1459 523 Hotomannus
1483 490 1523 523 L.
1544 490 1583 522 II.
1613 491 1736 532 Observ.
1761 491 1794 523 C.
1811 501 1842 529 9.
1873 493 1924 526 ad-

1062 530 1164 561 hibito
1184 532 1298 563 calculi
1317 532 1424 564 labore
1440 530 1502 563 sese
1522 532 1774 564 animadvertisse
1790 534 1853 573 ait,
1865 533 1924 576 Ju-

1053 570 1219 612 stim'anzcm
1247 574 1279 603 in
1309 574 1390 605 Nov.
1421 582 1471 613 34.
1510 575 1586 614 apud
1615 576 1753 605 barbaras
1785 575 1896 607 Gentes
1911 601 1922 617 ‚

1063 613 1216 653 Scythiam
1241 616 1380 646 nimirum
1406 613 1442 648 ὅ)
1467 614 1620 655 Moefiam,
1647 622 1701 656 pro
1718 616 1921 656 consuetudine

1050 655 1194 696 sermonis
1205 656 1356 695 popularis
1368 658 1412 686 ita
1428 655 1552 687 locutum
1567 657 1617 697 effe
1626 679 1636 695 ,
1660 667 1725 688 cum
1744 657 1856 690 Latino
1858 658 1922 700 fir-

1059 705 1139 727 mone
1154 701 1238 726 utens
1248 719 1256 734 ,
1288 697 1417 727 dicturus
1426 696 1531 737 fuzffet
1544 708 1553 728 :
1584 698 1714 740 Fmtgum
1729 700 1842 740 quidem
1858 700 1923 742 usa-

1059 747 1123 769 ram
1142 736 1192 777 effe
1211 739 1310 768 dehere
1334 737 1541 777 Centefimanm
1558 742 1688 779 pecunz'ae
1708 749 1775 771 vero
1790 751 1924 774 numera-

1060 784 1095 809 τεο
1111 780 1254 809 trientem.
1280 778 1502 817 Postmodum,
1526 780 1642 819 putatis
1659 781 1833 814 rationibus
1846 806 1856 822 ,
1878 784 1924 815 vi-

1060 820 1107 851 dit
1124 818 1332 852 differentiam
1343 843 1353 859 ,
1377 830 1468 861 quam
1487 821 1582 851 modo
1600 820 1617 852 s
1615 831 1703 853 umus
1717 824 1860 864 executi3
1877 834 1923 857 at-

1061 870 1122 902 que
1148 860 1220 892 liuic
1243 861 1321 892 bene
1346 861 1514 909 propositae
1538 860 1712 903 subjungit:
1738 863 1789 894 Ex
1806 874 1858 905 quo
1875 868 1922 898 in-

1060 903 1206 944 telligitur
1223 925 1233 942 ,
1264 908 1374 944 quanta
1392 904 1460 943 suit
1494 904 1526 933 in
1550 903 1655 934 octava
1663 903 1869 943 frumentaria
1885 909 1924 939 ad

1063 942 1251 982 Centesimam
1280 944 1420 984 defebtio,
1453 949 1568 975 tantam
1596 944 1646 985 effe
1669 946 1701 975 in
1712 944 1822 987 filiqua
1836 953 1924 988 pecu.

1058 987 1160 1016 niaria
1179 986 1216 1016 ad
1231 986 1367 1016 trientem
1382 987 1614 1026 exuperantiam.
1661 986 1771 1025 Male,
1794 989 1926 1024 eandem

1059 1027 1142 1058 enim
1164 1027 1326 1067 utriusque
1343 1026 1443 1058 usurae
1460 1027 1699 1068 proportionem
1710 1027 1838 1067 ess'e,ex
1849 1041 1925 1073 prae-

1059 1067 1242 1099 cedentibus
1269 1068 1387 1099 clarere
1411 1077 1544 1109 putem,
1579 1067 1628 1100 sed
1653 1069 1727 1109 quid
1748 1069 1927 1106 Hotoman-

1059 1119 1134 1141 num
1151 1108 1322 1148 fefellerit,
1347 1109 1488 1149 videbit,
1501 1110 1552 1150 qui
1572 1110 1730 1142 calculum
1744 1110 1850 1144 facere
1860 1123 1927 1148 non

1060 1150 1250 1192 gravabitur.
1273 1150 1418 1182 Tandem
1434 1151 1618 1190 concludit,
1631 1151 1836 1191 Justinianum
1849 1156 1926 1198 Scy-

1060 1191 1149 1222 thico
1170 1190 1312 1223 sermone
1335 1201 1407 1223 cum
1433 1192 1560 1232 Scythis
1580 1192 1747 1233 locutum,
1769 1195 1927 1229 rationem

1059 1242 1125 1264 non
1145 1231 1283 1263 habuisse
1303 1233 1425 1273 parvuli
1443 1232 1630 1265 discriminis
1642 1258 1652 1272 ‚
1678 1233 1729 1266 sed
1746 1245 1878 1269 numero
1893 1247 1927 1270 u-

1060 1273 1127 1305 sum
1144 1272 1206 1304 effe
1223 1273 1379 1312 rotundo,
1403 1283 1442 1304 ne
1459 1274 1613 1314 imperitae
1632 1275 1662 1306 &
1676 1276 1772 1308 tardae
1783 1278 1927 1311 multitu-

1059 1314 1123 1346 dini
1141 1314 1284 1354 injiceret
1304 1313 1496 1355 scrupulum.
1542 1312 1649 1347 Habes
1666 1318 1769 1359 igitur
1782 1317 1852 1350 heic
1880 1320 1927 1353 in-

1061 1355 1321 1396 terpretationem
1352 1355 1434 1388 Nov.
1453 1366 1505 1398 34.
1539 1356 1570 1388 &
1589 1356 1678 1390 fiinul
1697 1357 1927 1398 responsionem

1060 1397 1097 1429 ad
1117 1404 1234 1428 motam
1253 1406 1292 1429 ex
1318 1407 1353 1428 ea
1380 1397 1619 1437 difficultatem,
1644 1409 1722 1440 qua,
1747 1399 1770 1432 fi
1793 1401 1898 1434 valeat
1914 1424 1928 1441 ‚

1061 1438 1156 1472 etiam
1174 1438 1284 1471 liceret
1301 1439 1346 1470 uti
1362 1439 1399 1470 ad
1432 1438 1514 1471 Nov.
1533 1449 1584 1481 32.
1615 1439 1718 1473 datam
1734 1441 1772 1473 ad
1785 1443 1931 1476 eumdem

1060 1480 1267 1514 Barbarorum
1284 1480 1457 1512 Praefidem.
1483 1480 1561 1519 Sed,
1584 1490 1623 1512 ne
1639 1482 1713 1523 quid
1730 1482 1928 1525 diffimulem,

1061 1522 1116 1554 illa
1139 1520 1354 1563 expostulatio
1378 1521 1523 1554 adversus
1545 1521 1749 1562 Justinianum
1776 1524 1931 1559 rusticane

1061 1564 1244 1604 loquentem
1261 1563 1388 1595 videtui·
1415 1563 1491 1595 mihi
1520 1563 1561 1596 fic
1578 1562 1669 1606 satis,
1695 1573 1730 1597 ut
1748 1566 1792 1598 ita
1806 1566 1908 1600 dicam
1919 1591 1932 1607 ‚

1061 1604 1221 1647 Scythica.
1267 1605 1404 1646 Singulis
1422 1605 1618 1646 Provinciis,
1641 1609 1694 1650 qui
1714 1608 1930 1642 Romanorum

1062 1645 1185 1688 legibus
1203 1646 1408 1688 regebantur,
1433 1646 1488 1678 suo
1504 1647 1622 1689 cuique
1641 1659 1729 1682 more
1744 1649 1839 1681 fuiss'e
1857 1649 1929 1683 scri-

1061 1696 1152 1730 ptum
1177 1687 1271 1720 etiam
1294 1689 1427 1729 legimus
1450 1698 1628 1730 nunquam:
1661 1699 1696 1723 ut
1712 1700 1814 1733 neque
1830 1691 1930 1732 illud,

1061 1729 1258 1771 praecipuuin
1275 1730 1349 1770 quid
1369 1729 1510 1762 Bai-baris
1526 1731 1590 1763 illis
1605 1753 1616 1772 ,
1647 1733 1733 1774 quod
1749 1733 1787 1765 ad
1806 1733 1932 1774 usuras,

1060 1771 1154 1804 fuiffe
1170 1771 1360 1804 concess'um.
1405 1770 1536 1804 Usuram
1565 1774 1664 1814 partis
1687 1775 1829 1814 octavae,
1853 1775 1885 1807 in
1901 1776 1930 1807 a'-

1059 1815 1114 1846 liis
1132 1822 1259 1854 quoque
1275 1813 1432 1855 negotiis,
1448 1814 1557 1846 retulit
1576 1815 1658 1848 idem
1677 1816 1791 1858 Imper.
1804 1817 1836 1848 in
1846 1816 1928 1850 Nov.

1061 1858 1136 1888 106.
1162 1853 1194 1886 N
1198 1863 1239 1885 on
1255 1853 1409 1887 satisfacit
1419 1855 1699 1896 igit'urHotomani
1711 1858 1812 1898 ratio,
1825 1867 1930 1899 quarn—

1063 1899 1116 1928 vis'
1132 1896 1161 1928 ἂ
1178 1895 1315 1928 Contius
1337 1906 1372 1928 ea
1389 1906 1514 1939 quoque
1530 1897 1601 1931 usus
1618 1898 1656 1931 fit
1680 1899 1720 1932 L.
1734 1899 1775 1932 II.
1792 1898 1929 1933 Leman.-

1054 1937 1132 1980 sulff.
1160 1937 1192 1970 C.
1208 1947 1236 1969 2.
1261 1947 1326 1970 non
1344 1938 1497 1971 duntaxat
1522 1940 1559 1972 ad
1582 1941 1874 1983 interpretationem
1895 1942 1925 1973 d.

1064 1980 1146 2012 Nov.
1168 1989 1222 2021 34.
1248 1977 1299 2011 sed
1318 1980 1348 2012 ὅς
1366 1980 1403 2011 ad
1423 1981 1713 2024 interpretationem
1728 1982 1860 2021 Aniani,
1876 1991 1927 2014 ro·

1064 2021 1161 2052 tunde
1181 2021 1301 2053 scilicet
1318 2021 1387 2053 haec
1406 2022 1468 2054 effe
1494 2023 1694 2065 accipienda,
1718 2023 1769 2055 sed
1786 2032 1926 2064 quaeren-

1062 2062 1101 2093 da
1116 2060 1159 2094 ess
1179 2062 1262 2094 ratio
1277 2062 1478 2103 universalis,
1503 2075 1563 2104 qua
1582 2065 1683 2104 Iocis,
1705 2074 1775 2106 quae
1793 2065 1928 2106 protuli-

1062 2113 1151 2142 mus,
1177 2104 1322 2136 omnibus
1340 2106 1416 2137 σέφον
1430 2107 1594 2147 contingat
1612 2109 1755 2145 Φάρμακον.

1105 2143 1141 2176 In
1160 2153 1199 2175 eo
1214 2143 1317 2177 facem
1338 2145 1484 2186 praeferet
1503 2147 1579 2179 Ant.
1598 2146 1790 2189 Augustinus
1798 2148 1826 2179 d.
1840 2147 1927 2182 Libr.

1063 2185 1103 2218 II.
1129 2186 1162 2217 C.
1184 2194 1231 2217 10.
1276 2185 1358 2218 Nam
1383 2186 1546 2229 postquam
1571 2187 1755 2220 sententiam
1782 2188 1900 2221 Alciati
1916 2212 1928 2228 ‚

1063 2227 1267 2268 praeceptoris
1286 2226 1330 2259 sui
1343 2251 1354 2267 ,
1376 2230 1428 2270 qui
1447 2230 1475 2261 ὅ(
1495 2230 1673 2269 vulgatam,
1689 2230 1838 2262 &Auiani
1850 2230 1931 2263 Cen‹

1064 2268 1202 2300 tesimam
1222 2267 1391 2301 confundit
1415 2270 1455 2301 L.
1473 2270 1511 2302 II.
1547 2271 1673 2313 Par-erg.
1700 2272 1732 2303 C.
1750 2281 1767 2302 2
1794 2296 1800 2303 .
1825 2272 1928 2304 minus

1062 2318 1170 2341 veram
1196 2309 1256 2341 effe
1281 2310 1438 2351 probasset
1457 2335 1466 2350 ,
1501 2312 1539 2343 de
1560 2312 1683 2344 Aniano
1704 2312 1761 2344 scri
1787 2313 1834 2352 it,
1855 2322 1929 2346 eum

1062 2351 1162 2382 videri
1180 2350 1226 2382 sui
1246 2353 1397 2392 temporis
1416 2351 1558 2391 usuram,
1582 2363 1650 2393 quae
1677 2363 1742 2386 non
1758 2354 1892 2386 multum
1912 2364 1930 2386 a

1063 2391 1241 2424 Centefiina
1257 2392 1392 2432 abesset,
1414 2403 1472 2434 pro
1488 2394 1663 2427 Centefima
1675 2394 1768 2426 fuiss'e
1781 2395 1929 2435 interpre-

1064 2441 1184 2472 tatum,
1206 2443 1271 2466 non
1288 2435 1378 2467 aliter
1400 2435 1466 2467 fere
1477 2458 1489 2474 ,
1520 2444 1612 2476 atque
1627 2435 1691 2476 Jac.
1705 2434 1930 2468 Gothofredus

1064 2475 1097 2507 in
1129 2474 1290 2517 Prolegom.
1327 2477 1393 2508 Cod.
1432 2476 1564 2519 Theodosi
1597 2476 1628 2508 C.
1655 2475 1710 2508 VI.
1741 2475 1850 2508 verfic.
1874 2476 1928 2508 Ex

1065 2517 1130 2548 aevz'.
1176 2516 1323 2557 Cujacius
1345 2517 1383 2548 ad
1407 2518 1488 2550 Nov.
1516 2528 1568 2560 3²-
1593 2517 1630 2551 &2⁹
1655 2521 1724 2549 106.
1747 2515 1852 2549 usuras
1870 2517 1928 2550 ibi-

1064 2558 1154 2596 dem,
1177 2566 1213 2589 ut
1233 2558 1262 2589 &
1286 2557 1367 2589 Nov.
1389 2569 1440 2600 34.
1467 2566 1727 2590 commemoratas
1746 2558 1931 2599 interpreta·

1066 2607 1117 2630 tur
1136 2599 1229 2630 etiam
1249 2599 1436 2631 Centeilmas
1456 2600 1485 2631 ὅ(
1501 2597 1687 2631 Centesimae
1705 2599 1854 2638 trientes,
1878 2598 1931 2632 sed

1066 2640 1254 2671 auctoritate
1279 2639 1389 2671 Aniani
1418 2641 1448 2672 ἀ
1476 2640 1612 2678 Leonis,
1635 2649 1706 2672 cum
1727 2640 1869 2682 alioquin
1885 2640 1930 2673 fa-

1069 2690 1170 2712 teatur
1191 2702 1202 2719 ‚
1237 2690 1341 2712 veram
1368 2680 1573 2713 Centefimam
1596 2681 1705 2713 excedi
1729 2681 1768 2715 ali
1795 2690 1852 2714 uot
1868 2682 1929 2714 iili-

1067 2723 1136 2763 quis
1155 2721 1408 2754 excurrentibus:
1434 2722 1463 2754 ὅ(
1479 2722 1554 2753 hinc
1573 2722 1620 2754 Ob
1634 2728 1727 2757 ervat.
1797 2725 1852 2755 ihr.
1871 2722 1927 2756 111.-

1072 2765 1102 2794 C.
1123 2772 1173 2804 35.
1207 2761 1370 2804 distinguit
1394 2763 1474 2794 inter
1497 2763 1706 2796 Ccnteimam
1733 2772 1872 2796 veterem
1899 2765 1931 2796 δε

1068 2814 1204 2842 novam,
1232 2803 1306 2844 quin
1331 2804 1361 2835 &
1389 2804 1584 2836 noviffimam
1610 2806 1639 2837 in
1676 2806 1832 2837 Commeat.
1854 2803 1925 2846 post.

1068 2846 1106 2877 ad
1143 2846 1163 2876 l.
1186 2855 1236 2877 20.
1269 2845 1302 2875 C.
1334 2846 1367 2875 de
1396 2845 1471 2877 aar.
1529 2846 1628 2878 Vetus
1662 2845 1707 2878 est
1734 2846 1871 2888 vulgaris
1894 2847 1931 2878 iI-

1069 2887 1098 2917 Izi
1126 2887 1147 2914 ἧς
1171 2885 1335 2917 duodecim
1356 2887 1386 2917 in
1431 2895 1538 2918 entum
1561 2897 1670 2919 annua.
1715 2886 1812 2919 Nova
1826 2887 1871 2919 est
1887 2887 1928 2920 A·

1070 2927 1174 2965 niani,
1208 2927 1323 2958 Leonis
1341 2949 1351 2964 ,
1381 2927 1542 2968 justiniani
1555 2952 1564 2968 ,
1595 2938 1656 2970 qua
1671 2929 1710 2961 de
1726 2938 1786 2960 nos
1800 2929 1928 3000 agimus.

1070 2967 1247 2999 Noviffima
1264 2966 1308 2999 cst
1326 2978 1365 2999 cx
1387 2969 1625 3011 Har-menopulo
1636 2992 1646 3008 ,
1670 2978 1748 3001 mox
1764 2969 1814 3000 lau
1837 2969 1930 3009 ando,

1070 3008 1177 3049 estque
1209 3010 1349 3041 omnium
1375 3011 1518 3042 maxima.
1565 3010 1654 3043 Illam
1687 3018 1790 3042 autem
1817 3010 1932 3042 Auiani

1070 3059 1183 3081 novam
1211 3049 1275 3081 sive
1300 3052 1450 3091 majorem
1467 3051 1589 3084 arceffit
1606 3061 1623 3083 a
1641 3060 1784 3092 tempore
1796 3051 1930 3092 Impera·

1072 3092 1149 3122 toris
1176 3090 1373 3124 Constantini
1399 3102 1461 3134 arg.
1496 3093 1516 3124 l.
1546 3101 1573 3125 1.
1611 3093 1643 3124 C.
1671 3092 1775 3124 Toeod.
1800 3093 1834 3124 de
1852 3091 1926 3133 usur.

1070 3131 1128 3164 Sed
1144 3141 1274 3172 vercor,
1300 3141 1333 3164 ut
1346 3142 1413 3166 eam
1432 3134 1475 3166 ibi
1492 3132 1605 3166 frustra
1621 3143 1757 3174 quaeras,
1789 3133 1930 3174 quuitur

1071 3173 1154 3205 enim
1172 3173 1210 3204 de
1225 3175 1310 3215 asora
1328 3177 1420 3206 tertiae
1432 3177 1528 3216 partis
1538 3173 1691 3218 superflue
1714 3175 1745 3206 in
1768 3173 1927 3215 frugibus,

1070 3214 1133 3246 hoc
1151 3213 1195 3246 est
1207 3237 1219 3253 γ
1250 3224 1284 3247 ut
1315 3215 1380 3256 ipse
1398 3215 1622 3251 Constantinus
1643 3216 1803 3257 explicat,
1820 3213 1850 3254 fi
1864 3215 1928 3294 ‘1555

1897 3264 1926 3284 ΥΟ

1978 22 1985 31 K
2003 0 2008 22 I

2005 43 2008 54 ι

1984 83 2008 137 ct!

1987 137 2008 170 ,ᾗ

1988 195 1989 198 ,
2000 181 2008 207 ΙΙ

1988 235 2008 281 ,¹¹¹
