2008 3436
250 109 411 148 Lissai
464 102 830 145 SiNGULAais
877 90 975 136 AD'
1007 101 1048 136 L.
1105 83 1317 146 LEc'TA,
1369 100 1638 142 ciarum,

51 207 102 236 ra,
125 193 372 238 quandoquidem
389 199 426 222 ex
441 198 475 220 ea
487 193 573 229 parte
596 184 765 221 cautionis,
787 188 914 213 DOLUM

51 247 179 271 MALUM
200 245 283 268 nuic
302 242 360 266 REl
380 235 676 267 paoniissiouiqun
694 232 834 261 Amissa,
856 230 912 254 AB·

50 285 294 318 FUTURUMQUE
317 274 388 306 ess'e.
414 298 420 305 .
448 296 454 304 .
483 296 490 304 .
514 295 521 302 .
547 269 654 315 incertz]
673 270 803 309 agatur,
815 261 912 304 stipu-

49 323 168 353 lationis
191 320 306 350 utiliter
333 313 545 356 interponendae
570 314 673 352 grana
688 330 700 347 ‚
729 306 843 352 l.·121.
861 311 910 351 pr.

42 363 83 406 ff.
106 364 140 394 dc
159 361 201 394 V.
227 360 266 392 Ο.
315 356 400 396 Sed,
429 355 514 387 dicat
537 350 671 393 aliquis,
700 348 783 380 actio
804 346 914 392 condi:

47 405 153 443 stitia,
188 410 223 434 ut
246 402 276 434 ὃ(
301 396 496 440 stipulator-ia
511 417 522 435 ,
554 395 584 425 ὅ(
611 392 650 423 dc
667 389 744 436 dolo
761 388 914 434 creditori

47 445 254 480 nihilominus
270 439 431 482 supersunt
447 438 478 469 in
494 434 566 467 casu
585 430 738 465 cominiffi
758 429 841 462 doli:
865 438 912 460 re-

47 488 97 520 ste
115 486 278 529 equidem,
300 483 321 515 11
339 481 377 514 ad
393 477 574 518 tantundem
585 482 715 516 agatur,
737 480 773 504 ut
786 470 850 503 fert
859 479 912 502 cu-

47 529 159 571 jusque
175 525 305 559 actionis
321 527 501 554 memoratae
519 525 629 550 natura
640 539 650 555 ,
673 524 738 547 non
757 519 861 559 autern
876 511 915 543 ad

46 568 214 606 intercise,
258 562 496 597 uemadmodum
515 558 656 601 placuit,
673 556 696 589 si
711 553 914 600 salutar-isdo-

48 613 72 646 li
86 608 221 643 clausula
265 604 429 647 ipulationi
452 600 567 634 inserta
590 598 697 638 foret,
722 604 809 643 urea
828 595 913 627 utili-

49 662 98 686 ter
115 658 284 693 operetur,
309 648 338 679 d.
363 647 382 678 1.
406 654 475 678 121.
521 641 599 675 Non
616 649 721 673 autem
740 638 820 670 utile
836 637 913 668 dun-

48 701 135 728 taxat
153 714 165 731 ,
192 690 244 723 sed
267 690 298 722 «Sc
325 686 529 721 neceffurium
554 682 600 715 est
625 682 664 713 de
688 681 765 713 dolo
780 687 914 716 cavere,

47 745 118 770 nam
142 733 232 766 mille
257 732 329 764 sunt
354 728 502 766 fraudes,
532 735 603 767 qua:
619 731 742 769 norreo
760 720 914 766 tendunt,

49 787 84 810 ut
100 777 328 809 intervertatur
344 769 548 807 tantundem,
569 775 605 798 ac
623 765 725 807 prom’
741 761 914 794 condictio-

46 827 87 852 ne
100 817 200 856 cerri,
224 815 334 846 velex
355 811 506 859 stipulatu
523 808 667 845 afflone,
696 805 764 837 doli
780 802 915 848 mentio-

46 869 86 894 ne
102 857 262 901 praeterita
277 880 288 895 ,
316 852 471 887 vindicari
491 856 651 892 nequeunt
667 858 675 879 :
709 845 782 878 sunt
796 853 914 889 etenim

47 902 110 935 illae
130 899 225 933 stricti
243 897 340 938 juris,
363 895 487 936 suisque
507 889 636 936 inclusae
652 888 777 936 finibus.
820 885 915 935 ᾼθιιο

46 943 112 976 (1011
133 941 258 974 dabitur
272 938 398 980 quidem
418 935 556 976 semper,
579 939 612 963 at
628 930 684 977 1113
703 926 913 974 lui-esban-

47 983 139 1028 gusto
158 981 309 1023 temporis
329 978 430 1020 spatio
453 971 722 1018 circumscribitur
734 992 746 1008 ,
778 968 914 1009 ideoque

47 1030 81 1060 in
99 1025 290 1068 stipulatione
317 1021 375 1052 doli
401 1017 532 1060 clausula
553 1024 610 1046 non
636 1018 692 1044 erte
710 1010 912 1057 detrahenda,

47 1070 117 1116 quia
138 1076 176 1099 ex
201 1065 259 1097 doli
286 1061 416 1104 clausula
438 1069 495 1091 non
512 1059 545 1090 de
565 1055 626 1088 dolo
640 1053 714 1086 aerio
730 1052 915 1088 intendztur,

48 1111 94 1149 led
113 1119 150 1141 ex
163 1105 328 1149 stipulatu,
361 1101 465 1143 inquit
494 1098 650 1140 Ulpianus
665 1096 697 1127 111
721 1094 741 1126 l.
759 1102 791 1140 4:
816 1091 845 1134 ὃ.
865 1095 913 1138 10.

38 1147 80 1185 'in
92 1150 148 1192 fin.
167 1149 208 1191 ff.
237 1148 270 1178 de
298 1145 354 1177 dol.
372 1143 441 1176 mal.
462 1141 498 1177 ὃ)
513 1146 581 1172 met.
599 1142 709 1178 except.
731 1135 762 1175 ,ἃ
780 1135 864 1166 idem
881 1143 916 1166 111

49 1194 69 1226 l.
92 1201 117 1225 1.
144 1190 173 1233 §.
188 1200 220 1230 4.
244 1189 277 1220 in
294 1185 351 1227 fin.
385 1185 415 1217 ὃ(
447 1184 466 1215 l.
487 1193 517 1224 7.
541 1181 569 1223 §.
589 1191 618 1223 3.
638 1179 679 1221 ff.
705 1179 738 1209 de
762 1176 818 1208 dol.
841 1175 913 1207 mal.

89 1232 236 1273 Denique
252 1230 283 1262 ὅ(
299 1228 359 1260 3113
381 1226 526 1264 ratione,
547 1223 625 1255 dolo
643 1217 774 1252 excluso
787 1241 798 1257 ,
822 1217 913 1263 &tta-

49 1285 120 1310 men
148 1271 280 1306 admisso
295 1294 306 1310 ,
338 1267 488 1311 pinguior
514 1264 560 1297 est
581 1273 622 1296 ex
638 1261 790 1308 stipulatu
803 1258 885 1291 36110
902 1282 913 1299 ,

47 1326 140 1360 quam
168 1315 192 1348 fi
214 1311 325 1345 omissa
339 1310 405 1343 doli
423 1307 563 1345 cautela,
587 1303 770 1351 simpliciter
787 1309 914 1342 compe-

48 1366 130 1392 teret
147 1356 200 1389 vel
217 1354 344 1392 eadem,
366 1351 419 1384 vel
436 1349 515 1382 certi
531 1346 692 1380 condistio
702 1368 712 1385 ,
735 1343 788 1376 vel
804 1342 844 1390 de
859 1343 914 1373 do-

47 1402 81 1435 10
105 1398 197 1434 aetio.
245 1396 364 1429 Omnes
390 1393 473 1425 enirn
497 1390 567 1423 illas
585 1385 785 1421 solummodo
802 1394 834 1417 in
852 1383 914 1416 hae-

48 1442 154 1475 redem
179 1439 245 1471 dari
265 1461 277 1477 ,
307 1442 460 1479 quatenus
489 1430 654 1474 pervenit,
680 1427 811 1460 omnino
830 1425 916 1458 vide-

49 1492 101 1516 tur
117 1480 298 1514 dicendum.
341 1477 393 1511 De
410 1475 533 1508 afflone
547 1471 614 1506 doli
639 1469 803 1503 testabitur
824 1468 844 1499 l.
867 1477 914 1509 17.

50 1525 79 1568 §.
103 1534 128 1557 1.
149 1523 191 1565 ff.
206 1523 239 1554 de
256 1521 311 1553 dol.
329 1519 398 1551 mal.
423 1517 553 1557 reliquae
572 1521 679 1559 autem
693 1511 762 1543 duae
783 1508 855 1542 sunt
870 1509 916 1550 iu-

49 1567 94 1599 ris
118 1564 214 1598 1111ἃί
230 1587 240 1603 ,
275 1563 304 1594 &
319 1560 486 1593 definitum
511 1555 556 1588 cst
571 1578 582 1595 ,
604 1556 636 1587 in
653 1563 693 1586 iis
709 1559 833 1584 tanturn
849 1560 915 1582 con-

50 1606 210 1645 tracrihus,
231 1606 332 1647 quihus
347 1602 406 1634 doli
419 1598 566 1642 praestatio
584 1597 632 1629 vel
649 1597 723 1627 bona
735 1592 811 1634 fides
827 1591 914 1635 inest,

48 1649 187 1681 baereclem
211 1645 384 1687 insolidum
408 1642 526 1680 teneri,
556 1639 576 1670 l.
605 1647 675 1677 152.
708 1636 736 1678 §.
766 1646 795 1667 2.
814 1634 855 1677 ff.
880 1635 914 1666 de

48 1689 91 1723 R.
109 1689 145 1732 J.
191 1688 340 1728 Adeoque
355 1709 365 1725 ,
396 1692 493 1726 quum
514 1690 616 1721 neque
644 1678 722 1711 fides
742 1677 845 1716 bona,
863 1685 914 1709 ne-

48 1741 111 1805 que
137 1730 203 1763 doli
227 1727 407 1771 praestatiO,
432 1724 486 1757 nisi
503 1724 536 1756 in
555 1721 740 1763 stipulatum
753 1718 885 1751 deducta
901 1741 913 1758 ,

69 1773 139 1805 istis
155 1771 327 1804 astionibus
346 1768 417 1800 infit
427 1776 490 1808 arg.
516 1765 538 1797 l.
554 1773 607 1796 21.
624 1762 666 1804 ff.
674 1761 763 1804 solut.
783 1761 912 1792 matrim.

47 1814 204 1855 sequitur,
229 1811 313 1853 quod
328 1810 428 1842 haeres
446 1806 587 1840 defunfti
602 1805 634 1837 in
651 1803 785 1836 solidum
796 1810 915 1834 conve-

50 1855 110 1893 niri
136 1864 202 1888 non
231 1853 354 1896 posset,
382 1850 440 1884 nisi
457 1847 595 1882 clausula
610 1846 649 1878 de
666 1844 803 1878 nummis
816 1844 916 1886 probis

679 1943 1046 1982 CAPUT

1783 103 1824 144 15'

955 180 1030 228 reste
1059 180 1240 227 praestandis
1265 181 1417 215 Cautioni
1440 182 1548 216 fuiss'et
1569 184 1692 216 inserta.
1739 182 1828 215 Hinc'

955 222 997 255 Pa
1022 232 1143 271 inianus
1168 223 1200 255 in
1235 223 1254 255 l.
1280 232 1348 255 121.
1375 223 1404 265 §.
1429 225 1484 257 ult.
1513 226 1555 267 ff.
1580 229 1613 258 de
1639 226 1680 258 V.
1709 225 1750 257 O.
1775 224 1827 256 Ex

947 264 990 305 fa
1020 274 1034 295 ο
1057 274 1102 295 ret
1123 266 1316 305 promittendi
1343 266 1401 297 doli
1421 264 1577 307 stipulatio
1608 268 1745 299 haeredem
1765 266 1828 307 ejus

956 311 1054 344 tenet,
1076 304 1157 354 ‚ficut
1180 316 1217 337 ex
1241 307 1350 337 caeteris
1383 308 1452 339 aliis
1470 308 1701 340 contractibus.-
1729 307 1825 338 veluti

956 348 1090 394 mandat}
1103 371 1112 387 ,
1132 346 1263 395 *depo-fici.
1309 347 1353 379 Et
1371 350 1497 390 prolixe
1514 349 1688 390 Venulejus
1699 349 1729 380 in
1741 350 1761 379 l.
1775 357 1823 384 19.

951 395 1000 430 pr.
1012 388 1164 435 ff.]udzC.
1175 389 1256 436 solv.
1301 389 1352 421 Ex
1373 390 1524 432 stipulatu
1541 392 1660 433 igitur,
1682 390 1827 431 quamvis

956 430 1105 477 delictum
1130 430 1195 462 doli
1223 429 1392 472 versetur,
1428 433 1512 464 reste
1544 441 1657 465 contra
1682 431 1829 463 heredem

957 478 998 504 ex
1022 481 1140 504 erietur
1159 471 1330 518 Creditur,
1355 473 1377 506 1.
1396 484 1447 515 49.
1468 474 1510 516 ff.
1527 476 1561 506 de
1582 475 1622 506 O.
1646 473 1683 509 ἐξ
1698 472 1741 504 A.

1037 523 1083 545 aec
1103 513 1196 545 nobis
1209 514 1258 560 'de
1284 515 1394 547 usitata
1419 515 1495 548 istac
1513 516 1676 554 formula,
1699 515 1829 555 ejusque

957 553 1047 602 sensu
1065 555 1095 586 &
1112 554 1169 586 usu
1184 554 1315 602 dicenda
1332 557 1530 590 videbantur.
1576 558 1629 590 Ex
1649 556 1764 598 quibus
1780 555 1827 586 fa-

957 597 1020 643 cile
1032 594 1092 643 ‘est
1116 597 1289 643 colligere,
1322 599 1418 631 etiam
1434 609 1497 632 non
1517 599 1610 631 otiari
1629 599 1684 630 i'lla
1699 597 1826 638 stipula-

960 637 1099 670 tionibus
1116 637 1232 685 inserta
1247 641 1362 680 verba,
1388 643 1451 673 vim
1475 651 1533 673 non
1542 640 1632 682 fieri,
1657 640 1772 681 quibus
1789 638 1828 669 de

958 680 978 710 l.
1002 688 1070 721 133.
1091 678 1132 721 ff.
1158 681 1192 711 cle
1223 681 1265 727 V.
1297 682 1336 713 O.
1362 693 1472 714 verum
1494 683 1565 724 pius
1582 682 1733 714 utilitatis
1752 689 1829 712 cori—

957 720 1063 759 ferre,
1086 730 1179 762 quam
1196 722 1331 755 ediciam
1345 732 1400 756 aut
1429 725 1630 757 interdictum
1650 734 1692 756 ex
1712 721 1775 765 ipsa
1796 720 1828 752 vi

958 770 1154 803 competens.
1199 764 1259 796 Sed
1279 765 1347 796 hate
1364 764 1556 798 suffecerint.

1001 804 1146 856 chzlendz'r
1163 804 1292 845 futuris.
1339 807 1460 839 Basilici
1490 807 1570 840 bene
1588 815 1718 840 vertunt
1735 807 1828 835 u’ngm

956 858 1031 892 panus,
1051 851 1183 892 proximo
1202 847 1314 889 mense,
1339 858 1379 880 ne
1406 850 1605 890 caeteroquin
1621 850 1717 882 nimia
1735 857 1827 890 gene-

957 887 1065 918 ralitas
1093 896 1125 919 in
1154 891 1191 924 τῷ
1204 887 1324 928 suturis
1347 888 1468 922 sensum
1502 891 1602 932 pariat
1638 891 1825 924 ridiculum:

957 937 1152 970 quanquam,
1175 929 1197 961 fi
1219 940 1282 976 non
1302 940 1466 972 appareat,
1492 932 1567 974 quid
1583 932 1686 965 actum
1700 932 1736 964 fit
1749 933 1831 973 ,pri-

956 979 1019 1000 mas
1037 969 1190 1016 Kalendas
1204 971 1382 1012 spetiarzdczs
1403 982 1444 1005 ex
1470 974 1588 1006 Sabino
1607 983 1699 1014 putet
1721 973 1829 1015 Ulpia-

957 1020 1016 1042 nus
1041 1020 1074 1042 111
1096 1011 1193 1058 1241.
1223 1019 1271 1053 pr.
1298 1013 1339 1061 ff
1373 1015 1406 1046 de
1441 1015 1483 1047 V.
1512 1016 1552 1046 O.
1598 1016 1708 1047 Simile
1724 1025 1830 1047 exem-

956 1052 1045 1094 plum
1064 1052 1158 1099 dabit¹
1169 1053 1363 1100 Pomponius
1381 1056 1413 1088 in
1437 1056 1458 1088 l.
1483 1061 1535 1094 89·
1560 1056 1588 1098 §.
1619 1066 1646 1089 1.
1665 1057 1705 1098 ff.
1726 1059 1760 1088 de
1786 1057 1830 1089 V.

959 1094 989 1125 S.
1023 1093 1054 1125 &
1079 1094 1265 1127 Bonifacius
1293 1096 1382 1129 VIII.
1406 1098 1438 1130 in
1467 1098 1537 1139 Capi
1559 1108 1610 1130 21.
1635 1100 1667 1130 de
1681 1100 1769 1139 praeb.
1794 1100 1829 1130 in

956 1134 1013 1167 VI.
1044 1134 1221 1182 ‘Caeterum
1237 1137 1380 1185 constare
1395 1139 1530 1181 opinor,
1553 1149 1608 1181 pei·
1629 1139 1752 1172 futuras
1765 1140 1830 1172 five

956 1185 1118 1224 proximas
1138 1177 1290 1211 Calendas
1301 1179 1401 1221 ipsum
1411 1180 1620 1214 Calendarum
1628 1181 1711 1213 diem
1721 1206 1731 1221 ,
1742 1191 1828 1213 eum-

980 1228 1024 1266 ue·
1042 1218 1196 1266 finitum,
1228 1219 1421 1261 significari:
1453 1231 1548 1264 atque
1573 1223 1652 1255 adeo
1676 1224 1707 1256 in
1725 1222 1830 1264 specie

972 1259 1094 1301 ubJecta
1117 1261 1247 1302 perinde
1272 1262 1352 1304 esse,
1384 1272 1492 1297 utrum
1514 1264 1685 1305 Calendis,
1710 1266 1748 1297 ad
1772 1264 1831 1297 Ca-

958 1302 1085 1349 lendas,
1117 1310 1192 1335 ante
1215 1302 1386 1346 Calendas,
1411 1307 1494 1339 intra
1515 1305 1689 1347 Calendas,
1714 1307 1767 1338 vel
1785 1315 1831 1338 et-

957 1353 1020 1391 iam
1048 1342 1120 1385 post
1146 1343 1299 1378 Calendas
1320 1345 1420 1380 fuerit
1450 1347 1661 1390 promiss'um3
1698 1348 1829 1381 eandem

958 1394 1076 1427 quippe
1092 1385 1201 1418 haruin
1218 1387 1421 1421 locutionum
1440 1389 1472 1422 in
1489 1389 1562 1431 Jure
1576 1390 1749 1423 efficaciam
1765 1390 1831 1422 effe

958 1428 1039 1476 bene
1052 1428 1176 1500 Erobat
1201 1428 1312 1469 Joann.
1336 1430 1497 1465 Robertus
1516 1431 1727 1474 Animadvevs.
1754 1432 1830 1474 Jur.

959 1469 1027 1502 sz.
1084 1470 1121 1501 zb.
1141 1468 1198 1502 III.
1225 1471 1261 1503 C:
1277 1481 1328 1509 29.
1373 1473 1454 1506 Rem
1471 1472 1568 1514 ipsam
1592 1474 1678 1515 quod
1695 1474 1830 1511 attinet,

958 1511 1058 1558 yulgo
1073 1518 1186 1543 notum
1211 1511 1275 1552 est,
1310 1513 1444 1546 Veteres
1462 1515 1494 1546 ὅ(
1513 1513 1649 1556 sortem,
1676 1516 1707 1548 ὅ(
1725 1515 1832 1547 usuras

958 1562 992 1585 in
1008 1552 1141 1595 fingUlaS
1159 1552 1315 1587 Kalendas
1339 1555 1516 1588 condixisse
1545 1557 1566 1588 l.
1583 1565 1635 1598 41.
1661 1556 1690 1598 §.
1715 1556 1766 1596 fin.
1786 1556 1830 1598 ff.

959 1595 992 1626 de
1006 1593 1084 1640 usur.
1108 1594 1138 1642 ·l.
1155 1604 1207 1643 90.
1226 1595 1267 1637 ff.
1292 1597 1326 1628 de
1349 1597 1391 1630 V.
1421 1598 1462 1630 O.
1492 1597 1557 1631 five
1573 1622 1584 1638 ‚
1616 1599 1671 1641 qui
1691 1597 1831 1631 mensem

955 1635 1080 1668 faciunt
1094 1637 1275 1682 ’Jurldlcum
1295 1662 1306 1678 ,
1337 1640 1371 1670 in
1393 1640 1454 1671 dies
1481 1641 1612 1683 triginta
1635 1663 1647 1679 ,
1679 1640 1726 1672 uti
1750 1646 1830 1672 mor

955 1677 1072 1725 Paulus
1092 1676 1304 1726 intusurarum
1322 1678 1537 1722 stipulatione.
1583 1681 1660 1715 Inde
1677 1681 1830 1714 Kalenda-

955 1728 995 1766 rii
1013 1718 1248 1766 denominatio,
1275 1721 1306 1767 ὃς
1322 1721 1412 1762 plura
1431 1722 1536 1764 paffim
1552 1722 1648 1755 obvia
1663 1724 1832 1764 antiquita—

958 1767 1000 1792 tis
1017 1760 1168 1802 vestigia,
1192 1762 1231 1793 de
1248 1762 1363 1804 quibus
1383 1764 1506 1806 optime
1522 1764 1670 1805 CuJ'acius
1687 1767 1725 1796 acl
1738 1764 1829 1804 Afri-

958 1811 1026 1835 can.
1053 1801 1154 1835 Trac‘r.
1178 1803 1266 1836 Vin.
1292 1805 1328 1836 ad
1351 1810 1400 1845 pr.
1426 1806 1447 1838 l.
1466 1812 1537 1847 pen.»
1557 1806 1597 1848 ff.
1623 1807 1657 1839 de
1681 1807 1722 1838 R.
1751 1807 1784 1838 C.-

1146 1944 1194 1982 V.

337 2038 521 2087 Stipulatus
548 2034 593 2084 est
618 2035 754 2071 Publius
779 2032 947 2077 Maevius,
964 2031 1136 2080 spospondi
1161 2043 1218 2079 ego
1242 2033 1366 2070 Lucius
1395 2033 1516 2072 Titius.

143 2147 184 2170 oc
201 2137 313 2179 Capite
337 2136 560 2169 constituimus
589 2132 750 2174 explicare
768 2130 798 2163 &
815 2130 916 2163 vindi-

167 2189 236 2211 care
254 2178 425 2211 solemnem
439 2179 525 2210 illam
542 2175 713 2208 verborum
729 2173 915 2213 conceptio-

51 2232 124 2255 nem
135 2245 145 2260 ‚
156 2230 225 2262 quae
234 2227 334 2252 totam
345 2218 556 2260 stipulationis
565 2224 706 2249 naturam
717 2213 864 2254 absolvit,
874 2223 915 2245 ex

60 2264 94 2296 T.
124 2259 245 2303 rlnst.
269 2261 304 2296 &³
353 2284 361 2292 .
385 2261 418 2291 de
449 2260 493 2292 V.
517 2259 558 2291 O.
580 2257 674 2290 Nihil
691 2255 776 2288 enim
796 2255 829 2286 in
847 2257 916 2297 jure

49 2305 148 2347 magis
167 2305 277 2335 tritum
292 2311 309 2333 e
345 2311 458 2342 ,quam
474 2301 562 2333 illam
577 2301 687 2331 συνθήκην
699 2299 814 2338 ῥημάτων
824 2318 835 2335 ,
845 2307 914 2340 quae

50 2345 176 2378 Graecis
190 2344 326 2384 dicitur,
350 2342 520 2374 verborum
535 2340 763 2383 obligationem
777 2337 894 2370 inferre
904 2361 916 2378 ,

51 2396 179 2429 eamque
196 2385 312 2423 solam,
336 2384 367 2416 δ(
388 2394 443 2426 per
460 2383 523 2415 hoc
538 2381 681 2424 respuere
697 2379 848 2423 quicquid
863 2390 914 2422 pa-

51 2423 100 2462 &a
114 2427 247 2460 redolet.
291 2425 368 2458 Hoc
385 2434 488 2457 tamen
503 2424 579 2465 juris
590 2423 781 2465 principium
798 2420 915 2453 follici-

53 2476 100 2502 tat
118 2469 273 2511 Ulpianus
290 2468 321 2499 in
346 2467 365 2499 l.
384 2476 415 2508 7.
438 2466 467 2508 ᾗ.
490 2476 536 2498 12.
556 2465 597 2507 ff.
622 2466 655 2496 de
665 2464 747 2505 past.
767 2461 853 2508 Quod
865 2462 917 2504 fe.-

52 2521 105 2551 re,
125 2511 228 2552 inquit
239 2533 251 2549 ,
281 2507 432 2583 n⁰v}ffi'⁷²‘¹'
443 2513 530 2549 parte
549 2505 701 2548 pastorum
717 2507 762 2537 ita
769 2505 847 2546 solet
865 2505 912 2536 in-

45 2553 128 2595 seri,
150 2552 312 2584 Rocavrr
366 2560 479 2589 rrius,
509 2554 721 2581 SPOSI‘ONDIT
739 2547 912 2584 Mffivms3

53 2595 110 2626 baec
137 2594 229 2624 verba
250 2602 308 2624 non
332 2597 447 2623 tantum
456 2590 603 2632 pastionis
628 2590 686 2621 loco
702 2589 911 2629 accipiuntur,

45 2636 100 2678 fid
119 2636 209 2666 etiam
220 2630 441 2673 stipulationis,
472 2634 587 2673 ideoque
604 2641 642 2663 ex
652 2629 800 2672 stipulatu
818 2628 912 2670 nasci-

55 2684 104 2709 tur
127 2675 201 2707 αὲἶίο
222 2685 231 2705 .·
260 2673 316 2713 nz'fi
332 2676 509 2706 contrarium
525 2673 700 2715 specialiter
716 2673 887 2713 approbetur
901 2692 912 2708 ,

54 2718 127 2760 quod
154 2726 211 2747 non
235 2717 330 2760 animo
347 2714 555 2757 stipulanrz'um
579 2715 629 2746 hoc
647 2713 768 2755 fastum
786 2711 845 2754 est,
858 2711 914 2753 fid

56 2765 170 2792 tanturn
190 2758 407 2797 paciscentium.
452 2757 524 2798 Jure
547 2755 663 2788 merito
686 2755 764 2788 licet
788 2755 841 2786 hic
858 2763 914 2785 no-

53 2810 129 2832 vum
150 2807 229 2839 opus
247 2797 396 2829 nunciare
410 2797 548 2839 Ulpiano
561 2820 572 2836 ,
595 2806 668 2829 cum
684 2805 797 2829 contra
813 2793 913 2836 pristi-

54 2851 125 2875 nam
148 2839 318 2871 verborum
343 2838 476 2871 formam
499 2839 529 2871 &
548 2838 695 2870 effeetum
710 2839 862 2871 moliatur
883 2846 914 2868 e-

54 2884 178 2917 lumbes
201 2879 334 2926 alicujus
360 2880 438 2921 paCti
456 2881 560 2919 vires,
581 2880 629 2911 uti
644 2889 723 2912 mox
741 2878 913 2922 apparebit.

57 2925 144 2973 Quod
153 2922 221 2968 ferg
235 2945 244 2960 ,
269 2928 332 2960 ait,
355 2920 504 2962 novifflma
519 2927 606 2962 parte
617 2921 769 2962 puerorum
786 2920 915 2962 itafhlet

56 2965 146 3008 inseri
157 2987 166 3002 ‚
203 2962 234 2993 id
259 2961 322 3008 est,
347 2964 431 3003 quod
448 2962 516 3002 illi,
541 2963 653 3004 quibus
670 2972 707 2995 ea
722 2972 771 2995 res
788 2970 914 3003 agitur,

53 3009 87 3041 in
103 3013 243 3038 extrema
260 3001 456 3035 instrumenti
472 3004 699 3036 conventionis
713 3014 802 3046 parte
814 3003 917 3036 solent

55 3049 201 3092 adderet·
215 3044 303 3086 pacta
324 3045 409 3076 enim
425 3054 488 3077 non
507 3044 560 3076 hic
577 3044 774 3086 accipiuntur
790 3054 849 3086 pro
866 3054 917 3086 pa-

56 3090 115 3123 stis
129 3087 236 3124 nudis,
259 3094 296 3117 nt
310 3095 471 3127 perperam
487 3085 566 3117 illud
585 3085 619 3118 in
634 3087 736 3126 mala,
770 3086 833 3118 hoc
850 3093 916 3118 tam

59 3141 127 3163 tum
142 3131 242 3166 bona,
267 3127 352 3167 quod
369 3127 457 3158 brevi
473 3127 558 3169 huJus
579 3126 606 3168 §.
620 3136 668 3159 12.
694 3129 807 3160 οὶ-,λόσᾴ
823 3127 918 3159 inter-

58 3179 199 3214 pretatus
216 3167 261 3200 est
284 3167 348 3208 Jac.
374 3167 594 3200 Gothofredus
621 3168 658 3199 ad
682 3169 703 3201 l.
722 3169 756 3201 Si
781 3168 916 3209 Barsato-

58 3222 119 3245 rem
137 3222 184 3254 13„
217 3210 249 3242 C.
269 3210 304 3241 de
313 3208 441 3252 fidejuff.
482 3209 542 3242 Sed
565 3218 623 3251 pro
641 3208 822 3251 scripturis,
845 3218 916 3251 quae

952 2129 1044 2176 pasta
1061 2140 1081 2161 i.
1093 2140 1121 2163 e.
1146 2131 1378 2177 conventiones
1395 2135 1553 2177 quaslibet
1568 2135 1755 2173 continent,
1772 2138 1832 2176 pro

957 2170 1173 2204 instrumentis
1194 2195 1203 2209 ,
1235 2182 1304 2213 quae
1327 2174 1393 2220 afta
1411 2176 1495 2218 gesta
1516 2185 1715 2215 memorant,
1738 2176 1830 2208 fieuti

958 2212 1084 2244 Fabium
1108 2220 1282 2245 conventum
1298 2236 1309 2252 ,
1340 2225 1374 2247 in
1406 2219 1426 2250 l.
1446 2227 1497 2259 71.
1518 2218 1560 2260 ff.
1571 2225 1624 2260 pro
1632 2218 1695 2259 soc.
1721 2218 1773 2249 ubi
1799 2218 1831 2250 δι

958 2253 1219 2302 consuetudinem
1236 2256 1322 2302 illam
1340 2256 1544 2301 stipulatione
1569 2259 1732 2292 claudendi
1752 2269 1829 2291 con-

957 2303 1133 2345 ventiones⁴
1145 2306 1278 2344 praeVias
1295 2302 1452 2340 reperies,
1476 2311 1536 2342 qua
1551 2301 1591 2333 de
1605 2301 1732 2332 uberius
1746 2300 1830 2332 dice-

960 2345 1012 2369 tur
1031 2347 1063 2370 111
1087 2338 1209 2380 Differt.
1227 2340 1262 2371 de
1279 2340 1383 2373 Pastis
1407 2342 1549 2385 adjefftis,
1581 2342 1614 2374 C.
1632 2341 1688 2374 IV.
1713 2341 1750 2373 ad
1772 2351 1828 2374 ex-

959 2378 1052 2421 pofit.
1076 2380 1167 2427 l.·27·.
1192 2381 1223 2412 C.
1245 2382 1279 2413 de
1297 2382 1379 2423 pati.
1424 2384 1585 2426 Siquidem
1603 2383 1701 2425 igitur
1715 2382 1827 2415 instru-

958 2428 1069 2452 mento
1096 2424 1271 2470 inierantur
1293 2423 1362 2456 haec
1390 2428 1512 2458 verba:
1548 2425 1591 2457 Ro
1609 2425 1682 2456 avit
1702 2424 1798 2456 Titius
1815 2441 1832 2464 ,ι

948 2461 1118 2504 spospondzc
1145 2464 1276 2511 ,Μιεζυιῑις
1292 2488 1303 2504 ,
1334 2466 1389 2498 1113
1403 2491 1413 2506 ,
1446 2467 1550 2508 pergit
1606 2467 1748 2508 lpianus‚
1770 2476 1828 2498 nrm

958 2509 1075 2551 tanturn
1084 2504 1238 2553 paerzoms·
1258 2507 1316 2538 loco
1337 2510 1544 2550 accipiuntur,
1554 2508 1609 2550 fi’d
1625 2509 1715 2540 etiam
1729 2505 1824 2549 stipu-

955 2546 1087 2593 latzonzs3
1132 2546 1274 2579 Inaudita
1302 2550 1423 2582 oratio!
1448 2560 1527 2582 anne
1545 2550 1640 2582 verba
1659 2549 1776 2582 dii-etsta
1795 2550 1826 2582 ὅ(

955 2586 1108 2634 1010111313
1137 2588 1180 2620 R.
1209 2589 1244 2621 T.
1270 2589 1305 2638 S..
1326 2591 1377 2623 M.
1407 2591 1585 2634 pastionis,
1614 2591 1714 2623 immo
1728 2592 1827 2633 magis

955 2628 1110 2670 pastionis
1143 2629 1226 2670 (hoe
1256 2641 1340 2665 enim
1357 2635 1504 2671 ἔμφιπκῶς
1525 2633 1582 2666 fibi
1600 2633 1673 2664 vult
1687 2643 1745 2664 non
1761 2638 1827 2664 tan-

957 2669 1038 2718 tum)
1063 2680 1160 2718 ,quam
1189 2672 1400 2720 stipulationis
1429 2675 1505 2707 loco
1522 2674 1706 2716 accipienda
1722 2673 1792 2706 sunt
1809 2674 1827 2705 ,9

957 2720 1001 2744 ita
1017 2714 1142 2759 quidem
1162 2714 1288 2747 tollitur
1304 2717 1450 2758 princeps
1467 2716 1664 2755 differentia,
1689 2724 1758 2756 quae
1773 2714 1825 2747 sti-

957 2753 1112 2802 pulationi
1133 2764 1210 2803 cum¹
1223 2757 1308 2789 nudo
1325 2758 1437 2800 patto,
1469 2759 1560 2789 velut
1577 2756 1756 2799 symbolum
1771 2756 1825 2788 ali-

957 2795 1044 2870 quod
1060 2797 1237 2830 intercedit.
1267 2799 1442 2845 *Quinimo
1457 2807 1587 2840 oportet
1600 2797 1776 2835 fateamur,
1796 2806 1826 2829 a·

976 2839 1042 2885 tum
1066 2837 1129 2870 effe
1154 2839 1193 2885 de
1221 2839 1366 2872 universa
1391 2839 1595 2882 stipulatione
1613 2862 1624 2878 ,
1649 2838 1670 2870 fi
1687 2847 1826 2870 ceremo-

957 2879 1050 2928 nialis
1067 2880 1178 2926 agendi
1191 2880 1348 2920 formula,
1365 2879 1527 2922 stipulatus
1541 2878 1601 2921 eft,
1624 2879 1687 2911 five
1704 2881 1827 2922 rogavit

957 2921 1008 2952 zlle
1018 2944 1028 2960 ,
1043 2920 1212 2962 spospondit
1228 2923 1299 2961 ille,
1323 2922 1419 2953 etiam
1437 2922 1561 2964 pastum
1577 2921 1723 2960 inducat,
1735 2920 1826 2952 adeo-

959 2971 1020 3010 qnue
1039 2964 1122 2994 ultra
1137 2964 1360 3004 exceptionem
1375 2972 1440 2995 non
1457 2970 1616 3004 operetur.
1660 2961 1751 3002 Apud
1759 2962 1829 2994 Ana

959 3009 1051 3045 tzquos
1066 3004 1141 3034 illud
1158 3006 1271 3036 nemini
1287 3014 1414 3045 unquam
1434 3006 1466 3035 in
1483 3009 1607 3035 mentem
1632 3003 1758 3044 veniffe,
1781 3013 1826 3035 re-

960 3045 1009 3077 cie
1031 3043 1138 3076 censet
1165 3045 1391 3077 Hotomannus
1421 3045 1463 3077 L.
1481 3045 1554 3077 VII.
1593 3045 1717 3083 Observ.
1744 3045 1777 3077 C.
1794 3055 1826 3087 3.

960 3086 1012 3133 Ex
1031 3084 1163 3132 adverso
1185 3094 1254 3118 tota
1269 3087 1347 3126 juris
1367 3088 1516 3125 duam-sia,
1542 3087 1572 3119 ὃ(
1590 3081 1829 3118 auriol-nasim-

960 3126 1073 3160 nifesta
1101 3136 1133 3158 in
1157 3128 1185 3160 h.
1210 3128 1231 3159 l.
1266 3127 1379 3166 Lefta,
1412 3128 1544 3169 aliisque
1564 3128 1755 3165 innumeris,
1777 3131 1828 3159 ab·

960 3169 1042 3200 unde
1059 3169 1199 3215 probat,
1232 3168 1429 3210 scrupulosas
1450 3169 1519 3202 illas
1536 3171 1706 3201 verborum
1726 3170 1827 3200 amba·
1848 3202 1852 3204 ,

959 3219 1013 3252 ges
1028 3209 1262 3249 stipulationem
1276 3234 1285 3249 ,
1323 3211 1353 3242 ὅ(
1381 3211 1535 3244 astionem
1560 3221 1600 3243 ex
1618 3221 1652 3243 ea
1667 3209 1828 3252 stipulato*

1085 3266 1088 3269 ·
1755 3261 1832 3283 flam
