2008 3436
163 113 211 152 58
418 103 821 139 conNELM

161 187 315 218 idoneum.
361 182 518 215 Sexcenta
536 191 710 215 occurrunt
734 184 815 225 apud
839 184 968 215 Veteres
987 182 1018 211 οἵ.

162 232 219 261 «ηιξ
236 227 380 260 λεγόμενοι,
405 234 473 266 quae
494 224 607 256 frustra
627 225 715 265 quis,
747 234 781 257 ut
798 224 950 265 suspefita,
975 234 1020 270 re-

161 267 266 306 jiciat3
288 265 321 296 ἃ
336 266 478 305 quamvis
494 266 623 297 ixei-'oum
644 266 802 302 masuam
822 267 1022 310 ini-enautica

160 307 303 339 videatur
324 305 416 339 fuiffe
437 307 584 348 vulgare,
618 316 718 338 tamen
744 306 846 348 potest
868 307 919 337 vel
943 315 1020 352 anti-

159 348 300 387 quitate,
328 357 399 388 qnae
420 346 554 389 superest
569 372 579 384 ,
611 358 683 378 cum
699 356 750 379 tot
766 349 834 379 aliis
847 346 995 378 excidisse
1011 370 1020 385 ,

159 388 212 422 viel
228 389 545 429 meaminquaercndo
555 388 699 429 effugisse
715 389 917 429 diligentia-m.
927 387 1021 418 Glos-

159 427 191 460 sa
213 429 378 467 χειεέμίιλον
389 431 493 468 facere
520 430 699 470 simpliciter
716 431 855 471 exp-licat
870 431 1021 469 recipere,

155 470 241 511 quod
257 470 328 505 satis
345 471 462 504 metum
477 471 537 502 effe
550 471 675 501 videt-ur
685 495 694 509 ,
725 481 793 502 nam
803 494 811 509 ,
837 479 1022 515 quamquam

158 511 285 547 auetore
309 519 399 543 certo
418 511 621 543 destituamur
637 534 646 549 ‚
674 519 775 543 tamen
791 511 943 542 sententia
957 511 1021 541 loci

157 553 288 587 omnino
303 552 456 593 postulat,
483 562 516 584 ut
544 562 598 593 per
621 552 780 589 χειρέμὲολον
810 552 1021 593 intelligamus

155 592 360 628 ministerium
375 594 518 625 achunx'e
534 594 616 633 ejus,
641 593 694 633 qui
710 594 871 624 vestorum
890 592 1022 624 sarcinas

157 644 318 666 mercesve
333 635 472 674 excipit,
494 636 525 666 ἃ
541 635 570 665 in
586 635 657 665 navi
672 634 811 675 deponit.
858 633 908 665 De
926 634 1023 664 verbo

154 675 252 716 igitur
269 683 429 715 utcimque
446 685 509 706 non
525 676 657 715 liqueat,
684 676 712 706 ὅ(
734 674 967 706 deliberandum
987 674 1024 704 fit

157 716 309 757 amplius,
339 716 378 746 de
402 725 434 745 re
461 716 561 756 liquet
579 718 608 748 dc
624 716 831 748 constitutum
847 715 900 747 est.
948 714 1022 746 Hoc

155 757 238 788 enim
252 755 331 787 dicit
348 756 500 796 Ulpianus
515 758 669 790 continuo
687 757 827 788 sermone
849 766 866 788 a
884 756 911 797 §.
931 766 958 787 ρ.
986 755 1023 786 ad

158 797 185 837 §.
204 808 233 837 4.
279 797 424 828 Tenetur
444 798 482 830 de
505 807 634 839 recepto
658 798 721 840 ipse
743 806 859 836 nauta,
897 805 1022 842 nautam

157 839 208 870 hic
228 838 398 878 accipimus
409 862 418 877 ‚
430 840 484 880 qui
500 840 606 871 navim
622 848 750 871 exercet
761 863 769 878 ‚
784 839 928 880 quamvis
944 838 1019 869 alio-

158 880 234 919 quin
250 888 285 910 ea
301 889 368 910 vox
390 880 482 913 latius
507 881 702 922 porrigatur,
727 891 790 912 non
811 881 906 921 igitur
920 879 957 910 de
975 888 1021 909 re-

159 929 255 961 cepto
280 920 439 962 obligetur
464 931 518 962 per
542 923 692 963 remigem
715 923 765 953 vel
790 920 1022 965 mesonautam,

159 960 209 992 sed
224 971 278 1002 per
294 960 340 1000 se,
366 962 416 993 vel
432 964 527 994 etiam
544 972 598 1003 per
613 964 701 995 navis
719 962 916 1005 magistrum,
941 961 1024 992 aliud

159 1010 261 1034 tamen
272 1026 282 1042 ‚
308 1002 329 1036 fi
348 1003 398 1036 cui
414 1013 454 1034 ex
468 1004 517 1036 liis
531 1005 690 1037 committi
707 1005 836 1045 jusserit.
861 1004 1023 1043 Suntprae-

160 1050 244 1074 terea
261 1044 291 1075 in
306 1044 455 1083 navibus,
480 1046 534 1087 qui
556 1051 716 1081 numanum
737 1046 867 1077 audiunt
885 1045 915 1076 ἃ.
927 1045 1023 1090 dieta-

156 1085 213 1124 rii,
239 1085 270 1116 hi
290 1095 362 1116 cum
378 1083 588 1121 custodiendis
604 1087 752 1126 navibus,
779 1087 808 1118 ἃ
822 1095 948 1118 navrum
962 1085 1025 1116 dic-

155 1126 197 1159 tis
213 1125 354 1167 praefint‚
380 1127 462 1159 rec'le
479 1128 650 1168 recipiunt,
676 1129 718 1160 ita
736 1137 771 1159 ut
788 1128 869 1159 aelio
891 1128 922 1159 in
937 1136 1025 1158 exer-

160 1167 297 1202 citorem
327 1168 444 1207 detur,
480 1179 518 1201 ex
549 1169 613 1210 ipsa
644 1168 764 1202 scilicet
788 1168 1023 1210 praepoiitione,

160 1208 191 1239 «St
214 1209 310 1240 officii
335 1217 462 1248 natura,
489 1220 557 1250 quae
580 1210 646 1241 htec
659 1210 720 1249 est,
747 1219 797 1250 ut,
823 1209 1026 1251 permittente

181 1249 242 1281 uafi
265 1250 464 1289 exercitore,
498 1251 641 1283 videatur
673 1253 710 1284 iis
734 1251 902 1283 committi.
949 1249 1025 1281 Non

173 1301 248 1323 ecus
271 1291 383 1333 igitur,
408 1291 429 1323 fi
456 1292 525 1333 quis
548 1303 588 1324 ex
612 1293 660 1324 his
683 1293 837 1334 receperit
855 1316 865 1331 ,
900 1300 971 1336 com
995 1300 1024 1321 e-

159 1341 209 1365 tet
233 1332 333 1371 affio,
357 1333 483 1373 quamsi
500 1333 563 1374 ipse
580 1335 788 1366 navicularius
816 1335 867 1365 vel
882 1334 978 1373 magii
1012 1341 1026 1362 r

158 1374 330 1415 receperit,
357 1374 387 1405 id
401 1374 462 1413 est,
488 1374 601 1407 fecerit
622 1376 794 1414 χειυέμεζηω.
816 1376 875 1407 Sed
891 1376 948 1408 etii
963 1383 1026 1406 ma-

160 1416 254 1458 gister
268 1425 331 1447 non
348 1415 465 1453 exstet,
490 1417 629 1448 nondum
643 1416 729 1449 forte
746 1418 816 1449 navi
833 1415 1027 1461 praepolitus,

160 1466 263 1488 tamen
282 1456 440 1487 tenebitur
454 1458 683 1498 navicularius,
709 1459 739 1490 id
760 1458 823 1498 est,
849 1465 1026 1495 exereitor,

161 1499 245 1530 hunc
261 1498 344 1528 enim
362 1498 488 1538 proprie
509 1501 736 1531 navicularium
757 1501 1026 1540 dicimus,quem·

163 1538 329 1571 admodum
345 1539 381 1569 ad
402 1540 428 1569 l).
452 1540 490 1570 L,
514 1542 639 1582 prolixe
663 1541 843 1573 observavit
861 1541 1002 1574 Budaeus.

206 1579 355 1612 Diximus
373 1580 411 1611 de
426 1579 578 1615 sententia
593 1583 718 1624 Ulpiani
734 1594 743 1622 3
774 1593 857 1615 nunc
870 1583 908 1614 de
922 1581 1028 1614 verbis

162 1621 332 1653 videamus.
379 1621 421 1653 Et
444 1622 487 1653 ait
502 1647 511 1662 ,
537 1634 709 1666 quanquam
735 1627 793 1666 ipse
816 1625 1028 1656 navicularius

162 1664 213 1695 vel
231 1662 373 1704 magister
395 1663 457 1698 &a
509 1664 590 1697 Illud
611 1677 801 1708 quanquam,
825 1666 969 1697 constans
993 1665 1027 1697 li-

163 1713 215 1736 cet
231 1705 262 1736 in
279 1704 424 1736 omnibus
447 1705 550 1738 Libris
573 1707 609 1739 fit
634 1708 745 1747 lectio,
771 1708 844 1739 huic
868 1707 943 1739 loeo
965 1716 1031 1738 non

164 1745 334 1784 convenit,
365 1746 440 1786 quid
469 1747 552 1782 enim
582 1748 647 1781 hoc
669 1749 771 1781 effeti?
795 1755 920 1782 tenetur
943 1757 1030 1780 exer-

162 1787 264 1825 citor,
288 1786 310 1818 fi
334 1789 402 1827 quis
424 1797 464 1819 ex
487 1789 614 1824 naviuin
644 1790 824 1823 custodibus
853 1797 907 1822 aut
935 1790 1030 1821 dieta-

166 1829 221 1860 riis
244 1828 416 1868 receperit,
438 1839 609 1871 quanquam
630 1831 696 1873 ipse
718 1832 890 1873 receperit,
907 1832 978 1870 vel,
996 1839 1032 1862 ut

163 1869 215 1900 alii
254 1869 525 1909 interpretantur,
557 1883 727 1913 quanquam
756 1873 821 1914 ipse
856 1872 1031 1914 receptioni

164 1909 259 1948 adiit,
284 1909 322 1940 de
346 1919 409 1949 quo
434 1911 503 1952 quis
526 1914 620 1945 etiam
644 1915 793 1947 dubitet?
817 1923 875 1946 nec
891 1923 1030 1946 commo-

164 1952 234 1982 dior
266 1951 325 1982 erit
355 1950 475 1991 sensus,
508 1964 704 1997 quaeeunque
729 1956 852 1988 tandem
873 1955 1033 1994 χειρεμέόλυ

164 1992 261 2023 fucrit
284 1991 479 2032 significatio.
524 1995 597 2035 Est,
629 1997 681 2038 qui
701 1998 898 2039 negationem
921 1996 1006 2028 addit
1022 2020 1031 2035 ,

166 2034 196 2066 ἃ
214 2033 502 2075 legitsquanquam
523 2037 581 2077 ipse
597 2040 809 2074 navicularius
823 2039 872 2071 vel
892 2037 1033 2079 magister

165 2076 197 2107 ici
222 2084 294 2109 ivon
308 2075 413 2114 facias
432 2075 494 2110 &a
540 2078 611 2113 Hac
637 2079 808 2120 sententia,
842 2090 881 2111 ex
905 2088 1034 2122 recepto

166 2115 331 2150 custodum
354 2118 406 2161 vel
430 2118 633 2155 dietariorum
656 2121 814 2163 obligatur
846 2122 1005 2157 exercitur
1023 2146 1032 2161 ,

168 2166 343 2203 quanquam
366 2157 430 2198 ipse
454 2169 518 2192 non
541 2163 713 2203 receperit3
739 2162 788 2195 sed
807 2164 836 2195 id
852 2173 915 2195 non
933 2163 1034 2204 probo

169 2199 211 2231 ob
235 2198 300 2229 vim
323 2199 481 2238 majorem.
528 2201 622 2237 Plana
652 2211 756 2237 autem
789 2213 880 2236 erunt
904 2205 1031 2243 omnia,

170 2239 192 2271 ii
224 2248 281 2280 'pro
304 2249 493 2280 quamquam,
515 2250 549 2273 ut
581 2243 744 2285 legendum
775 2254 871 2286 puto,
897 2247 1033 2287 legamus

169 2288 335 2321 tamquam,
358 2280 510 2317 facillima
525 2285 711 2319 mutatione.
757 2287 862 2328 Atque
877 2287 921 2319 ita
937 2287 1033 2326 dicet,

893 112 1001 139 vAN

786 2385 1144 2427 CAPUT

1070 106 1678 145 BYNKERSHOEK

1064 185 1176 217 Edicto
1209 187 1315 218 locum
1347 186 1408 218 effe
1421 210 1430 225 ‚
1464 186 1486 218 fi
1515 189 1669 230 receperit
1684 212 1694 227 ‚
1719 197 1812 231 quem
1835 198 1931 225 nauta

1064 227 1155 257 rebus
1186 228 1374 268 recipiendis
1406 227 1594 269 praeposuit,
1619 229 1730 261 eodem
1752 231 1866 272 modo,
1889 243 1925 265 ac

1064 267 1086 300 fi
1110 266 1174 308 ipse
1196 269 1378 310 recepisset,
1403 278 1476 299 cum
1490 268 1607 301 factum
1624 270 1749 302 suorum
1765 271 1927 308 hominurn

1064 307 1207 349 praestare
1235 318 1406 350 oporteat:
1437 310 1533 341 modo
1561 321 1600 342 ne
1623 312 1660 343 iis
1683 312 1928 356 committatur,

1066 350 1118 390 qui
1142 350 1232 381 alteri
1255 352 1387 392 negotio
1410 350 1558 393 praesunt,
1579 361 1613 384 ut
1631 362 1708 384 mox
1724 352 1861 394 disputat
1870 355 1925 387 Ul-

1066 391 1173 431 pianus
1197 391 1228 422 in
1253 391 1280 432 §.
1303 403 1334 433 5.
1376 391 1453 424 Non
1484 393 1671 425 inconcinna
1700 393 1776 425 esset
1806 395 1836 428 δι
1860 395 1928 428 haec

1067 432 1160 463 lectio
1183 432 1213 463 &
1237 433 1456 474 transpositio:
1488 433 1523 465 Si
1536 437 1603 476 quis
1618 437 1715 476 igitur
1731 445 1766 467 ex
1788 437 1834 468 his
1849 447 1928 469 rece-

1060 475 1165 513 perit,
1187 479 1259 513 puco
1271 476 1305 505 in
1326 477 1521 506 exercitorem
1537 478 1665 508 dandam
1680 476 1839 516 astionem.
1859 485 1928 512 tan·

1066 525 1155 556 quam
1183 515 1241 555 ipse
1265 516 1478 548 navicularius
1504 518 1553 549 vel
1579 517 1720 560 magister
1746 520 1777 550 id
1796 520 1929 560 faciat:

1065 558 1136 598 quia
1159 557 1204 594 is,
1227 559 1278 598 qui
1298 567 1344 589 eos
1364 559 1534 600 hujusmodi
1557 558 1646 601 officio
1666 563 1830 601 praeponit,
1852 563 1930 604 quod

1065 597 1229 636 χειρέμξολιυ
1249 599 1420 640 appellant,
1444 602 1587 633 committi
1603 604 1646 634 eis
1658 604 1825 643 permittit.
1866 604 1928 636 Sae-

1065 648 1104 679 pe
1127 639 1158 669 in
1182 638 1343 672 Pandeffis
1366 641 1542 681 hujusmodi
1574 644 1753 675 luxationes
1785 644 1814 676 ἀ
1838 644 1929 685 traje-

1066 679 1186 710 triones
1217 680 1386 712 verborum
1414 691 1564 723 apparent
1579 707 1589 723 ,
1615 685 1644 716 <St
1668 685 1780 716 melius
1802 685 1847 716 ita
1869 685 1932 727 (ut

1066 719 1207 751 Accurfii
1232 721 1330 752 verbo
1348 723 1441 764 utar)
1464 724 1648 758 descenderet
1672 726 1793 765 oratio,
1819 726 1870 758 sed
1886 735 1930 759 ta-

1066 770 1153 799 men,
1178 770 1274 801 quum
1299 762 1329 793 δι
1351 763 1424 794 alias
1448 764 1529 796 refte
1545 765 1698 807 subsistat,
1723 768 1933 800 mutationem

1064 811 1129 833 non
1153 811 1258 843 urgeo.

1107 844 1254 885 Sequitur
1271 845 1302 876 in
1326 844 1384 885 fin.
1413 847 1442 878 h.
1467 847 1496 887 §.
1514 858 1546 889 3.
1582 848 1640 881 Sed
1661 848 1714 889 etsi
1735 851 1784 882 hoc
1806 860 1864 882 non
1877 861 1933 883 ex·

1059 883 1121 925 fiet
1133 908 1142 922 ,
1165 891 1262 916 tamen
1277 889 1311 917 de
1326 894 1440 927 recepto
1457 890 1671 923 navicularius
1686 894 1845 924 tenebitur.
1869 893 1931 924 Ve-

1068 934 1147 957 teres
1162 926 1239 957 Edd.
1255 926 1322 958 fere
1340 928 1470 960 habent:
1485 931 1541 970 sed
1562 931 1616 970 etsi
1646 934 1696 964 hoc
1722 943 1779 966 non
1801 941 1932 966 exercet.

1068 967 1253 1008 Eguinarius
1271 969 1351 1000 Baro
1369 970 1400 1001 in
1425 971 1531 1003 Comm.
1553 975 1590 1004 ad
1599 974 1679 1006 aL.
1701 975 1756 1014 ait,
1766 974 1934 1008 seLibrum

1069 1009 1200 1046 habere,
1211 1008 1241 1039 in
1261 1019 1324 1050 quo
1340 1010 1477 1052 legatur,
1490 1013 1546 1053 sed
1561 1014 1614 1054 etsi
1626 1016 1676 1047 hoc
1693 1026 1750 1047 non
1762 1016 1812 1056 est.
1872 1027 1932 1049 uae-

1069 1058 1192 1090 cunque
1217 1059 1320 1082 autem
1344 1052 1439 1083 lectio
1459 1055 1630 1096 placuerit,
1663 1057 1790 1089 habebit
1805 1067 1842 1089 ea
1876 1058 1934 1090 iffi-

1069 1091 1239 1129 cultatem,
1256 1101 1325 1123 nam
1345 1093 1406 1131 ait,
1431 1093 1453 1125 si
1473 1097 1636 1134 χιιρέμςολω
1656 1108 1721 1130 non
1737 1106 1844 1138 extet,
1869 1109 1934 1133 non

1069 1139 1271 1172 exerceatur,
1295 1133 1349 1164 vel
1364 1143 1428 1165 non
1443 1135 1498 1176 sit,
1525 1145 1627 1171 tamen
1643 1139 1871 1174 navicularium
1889 1148 1936 1172 te-

1068 1174 1144 1205 neri.
1191 1171 1289 1219 Quod
1304 1184 1368 1206 non
1383 1175 1545 1219 intelligo,
1571 1179 1591 1211 fi
1613 1179 1776 1218 χειρίμέιλον
1794 1181 1832 1214 fit
1849 1182 1936 1215 ac'tus

1069 1215 1121 1246 vel
1145 1213 1347 1246 ministerium
1371 1216 1454 1256 ejus,
1481 1220 1534 1260 qui
1558 1230 1676 1253 merces
1699 1221 1936 1256 sarcinasvere-

1069 1256 1165 1298 cipit,
1197 1265 1298 1297 neque
1326 1256 1410 1288 enim
1443 1266 1518 1291 tunc
1547 1261 1651 1302 potest
1680 1261 1742 1294 effe
1771 1266 1935 1306 receptiO,

1068 1297 1125 1329 nisi
1156 1296 1193 1328 fit
1220 1297 1397 1343 χειρέιιῖολον.
1446 1300 1479 1331 Si
1510 1301 1628 1344 fingere
1659 1304 1735 1336 licet
1769 1305 1937 1344 xupfuss'nhov

1070 1338 1203 1382 speciale
1231 1338 1322 1371 fuiffe
1353 1339 1558 1374 ministerium
1577 1348 1771 1384 vavelxex&‚
1793 1346 1936 1380 alterius-

1070 1389 1111 1411 ve
1133 1389 1150 1411 e
1172 1380 1293 1419 nautis,
1316 1381 1378 1421 jam
1402 1381 1610 1425 intelligerem
1624 1411 1636 1427 ,
1661 1386 1735 1428 quid
1757 1387 1812 1420 fibi
1836 1388 1938 1421 vellet

1071 1421 1233 1462 Ulpianus.
1267 1422 1413 1462 Scilicet,
1438 1426 1582 1465 quamvis
1603 1428 1775 1469 recipiendi
1798 1428 1938 1462 ministe-

1070 1464 1151 1495 rium
1179 1462 1353 1505 specialiter
1379 1464 1597 1499 demandatum
1625 1479 1689 1502 non
1709 1469 1747 1502 fit
1767 1474 1940 1511 revela-m,

1070 1504 1202 1537 alterive
1219 1514 1237 1536 e
1252 1505 1371 1545 nautiS,
1390 1513 1492 1538 tamen
1508 1508 1622 1542 Edicto
1637 1511 1745 1543 locum
1757 1510 1846 1552 fore,
1866 1513 1940 1554 quia

1071 1554 1146 1578 tunc
1163 1547 1349 1578 cunctorum
1362 1545 1406 1578 est
1420 1547 1479 1579 illo
1495 1549 1603 1582 officio
1616 1551 1726 1594 fungi,
1751 1560 1845 1595 atque
1859 1554 1940 1585 adeo

1058 1588 1101 1630 y&
1117 1588 1328 1620 exercitorem
1343 1588 1382 1620 de
1394 1597 1525 1630 recepto
1538 1594 1655 1633 teneri,
1680 1594 1770 1635 quia,
1793 1595 1878 1636 quod
1900 1595 1941 1629 ad

1072 1629 1154 1669 hoc,
1178 1638 1289 1661 eorum
1313 1639 1438 1670 quoque
1463 1640 1557 1672 opera
1579 1633 1650 1667 usus
1673 1633 1726 1667 est.
1773 1636 1833 1668 Sed
1847 1646 1940 1677 vero,

1073 1670 1144 1711 quia
1167 1680 1231 1702 non
1255 1671 1355 1712 liquet
1378 1671 1477 1716 adhuc
1503 1674 1669 1711 χειρίμςόλον
1694 1676 1788 1709 fuiffe
1815 1678 1938 1711 deman-

1073 1713 1179 1743 datum
1207 1712 1300 1743 alicui
1324 1711 1500 1753 specialiter
1518 1715 1740 1758 ministerium,
1766 1719 1876 1755 malim
1888 1719 1941 1759 id,

1073 1760 1109 1785 ut
1135 1752 1222 1794 supra
1242 1753 1325 1792 dixi,
1358 1755 1544 1794 generaliter
1559 1758 1706 1791 exaudire
1720 1760 1759 1791 de
1772 1760 1842 1792 aCtu
1860 1761 1938 1792 reci-

1073 1795 1197 1835 piendi,
1229 1795 1259 1826 &
1284 1803 1342 1835 pro
1364 1797 1434 1834 hoc,
1456 1797 1539 1837 quod
1563 1808 1646 1831 nunc
1667 1799 1712 1832 est
1727 1824 1738 1841 ,
1769 1800 1940 1833 rescribere

1073 1838 1139 1874 hic,
1162 1843 1198 1866 ut
1221 1845 1285 1867 non
1306 1836 1343 1867 ad
1364 1837 1529 1872 χειρὲμςολον
1548 1861 1558 1875 ,
1579 1839 1629 1872 sed
1643 1841 1680 1872 ad
1694 1841 1873 1883 magistrum
1886 1852 1940 1874 na-

1074 1877 1123 1908 vis
1147 1876 1308 1908 referatur.
1355 1877 1504 1910 Proxime
1523 1880 1645 1913 dixerat
1660 1906 1670 1921 ,
1701 1882 1725 1914 fi
1749 1884 1818 1924 quis
1832 1892 1872 1915 ex
1886 1893 1940 1915 cu-

1075 1917 1213 1950 stodibus
1230 1918 1281 1948 vel
1295 1918 1435 1951 dietariis
1451 1921 1631 1962 recepisset,
1650 1924 1778 1964 perinde
1791 1923 1868 1964 effe,
1893 1934 1940 1957 at-

1076 1969 1136 2001 que
1150 1959 1172 1991 fi
1185 1959 1394 1990 navicularius
1410 1961 1461 1993 vel
1480 1962 1624 2003 magister
1641 1964 1673 1996 id
1689 1964 1833 2004 fecisset,
1858 1975 1943 1998 nunc

1076 2001 1178 2040 addit,
1205 1999 1255 2031 sed
1272 2000 1327 2032 etsi
1352 2002 1399 2032 hic
1419 2011 1482 2034 non
1500 2003 1601 2036 exstet
1620 2029 1630 2044 ,
1654 2015 1766 2052 nempe
1779 2006 1940 2048 magister,

1075 2042 1114 2073 dc
1128 2051 1192 2083 quo
1208 2041 1249 2072 s1c
1263 2050 1328 2072 erat
1344 2042 1488 2082 locutus,
1514 2052 1615 2077 tamen
1631 2054 1840 2079 exereitorem
1856 2056 1940 2080 tene-

1075 2083 1119 2122 ri,
1145 2092 1180 2114 ca
1196 2081 1368 2122 sententia,
1401 2093 1492 2124 quam
1515 2086 1576 2125 jam
1595 2087 1745 2127 explicui.
1792 2088 1840 2120 Ita
1863 2099 1940 2130 quo-

1076 2134 1136 2165 que
1162 2123 1288 2165 perinde
1313 2124 1381 2163 est,
1413 2127 1636 2165 quomodocun
1663 2138 1700 2160 ue
1717 2127 1876 2170 sequentia
1898 2130 1940 2162 le-

1076 2175 1146 2206 gas,
1173 2174 1244 2196 cum
1259 2164 1399 2206 alioquin
1424 2168 1450 2194 π’
1469 2175 1588 2200 exercet
1606 2192 1615 2207 ,
1648 2179 1657 2200 1
1682 2170 1732 2201 hoc
1755 2171 1854 2212 legas,
1878 2181 1943 2203 non

1076 2207 1204 2244 habeat,
1238 2207 1275 2237 ad
1306 2206 1390 2247 quod
1414 2207 1575 2241 referatur.
1621 2210 1680 2242 Sed
1707 2212 1792 2253 quod
1814 2213 1846 2244 in
1870 2211 1942 2244 Flo-

1076 2248 1202 2280 1entino
1224 2247 1261 2279 fit
1283 2246 1399 2288 exstet,
1420 2250 1530 2291 utique
1553 2250 1718 2283 servamus.

1242 2388 1336 2423 XV.

247 2466 406 2512 Ulpianus
430 2469 463 2502 in
498 2470 518 2504 l.
539 2480 570 2516 3.
606 2468 637 2518 ᾗ.
662 2480 694 2515 7.
719 2469 758 2507 ff.
786 2471 829 2508 de
857 2472 974 2510 Adim.
1004 2474 1058 2508 vel
1087 2475 1207 2511 transf.
1235 2476 1339 2521 legat.
1367 2487 1435 2510 cum
1464 2476 1601 2522 Ulpiano
1627 2479 1814 2526 conrpofilas
1837 2483 1872 2517 ἰη

509 2520 531 2553 1.
548 2518 618 2557 io.
654 2520 690 2556 in
716 2521 775 2556 fin.
801 2533 853 2567 pr.
879 2521 918 2558 ff.
946 2522 989 2563 de
1016 2523 1108 2559 Reb.
1132 2525 1226 2560 Dii-b.
1253 2534 1307 2570 ope
1328 2525 1599 2571 interpunfflonrs.

265 2621 307 2658 on
324 2613 408 2652 vidi,
434 2614 487 2654 qui
502 2614 672 2660 Ulpianum
696 2618 778 2649 rec'le
794 2617 848 2650 fibi
865 2619 1039 2651 concilient

288 2663 319 2685 in
334 2654 383 2685 his
406 2655 474 2686 Lll.
498 2657 528 2687 S]
547 2658 600 2689 uni
619 2657 656 2690 fit
677 2659 834 2700 legatum,
859 2660 888 2691 &
907 2669 1039 2691 coneur-

172 2706 243 2727 rant
259 2695 384 2736 paribus
400 2697 573 2730 rationibus
591 2699 673 2739 duo,
699 2701 812 2733 inutile
827 2700 888 2732 esse
904 2701 1040 2743 legatum

175 2736 316 2774 constat3
340 2746 397 2770 nec
413 2737 495 2769 enim
511 2738 609 2771 dividi
625 2740 746 2781 potest,
772 2742 843 2782 quia
862 2742 903 2774 sic
919 2742 1039 2782 praesta-

175 2786 262 2810 retur
284 2785 397 2814 contra
417 2779 616 2814 voluntatem
637 2781 792 2820 defuncti,
818 2783 870 2824 qui
887 2792 951 2815 non
965 2784 1040 2816 utri-

176 2828 236 2859 que
254 2818 437 2859 dimidium,
470 2819 520 2854 scd
545 2819 678 2854 solidum
695 2823 747 2854 uni
767 2824 829 2855 dari
846 2825 959 2855 voluit.
1007 2824 1041 2855 In

178 2860 360 2891 haereditate
392 2870 492 2892 tamen
520 2871 580 2895 una
600 2862 717 2905 species
738 2862 783 2896 est
799 2889 809 2904 ‚
849 2875 909 2907 qua.
930 2866 1043 2898 divisio

178 2900 315 2941 placuit,
346 2910 388 2933 ex
409 2902 550 2943 singulari
572 2906 712 2944 ratione,
744 2904 830 2937 forte
848 2908 877 2938 &v
893 2915 931 2937 ex
946 2907 1041 2947 privi-

180 2941 262 2986 legio
282 2942 482 2982 Imperatoris
506 2946 524 2975 li
544 2954 593 2983 40.
612 2948 641 2978 dt
657 2956 695 2986 41
720 2947 761 2996 ff.
781 2950 814 2979 de
834 2948 956 2980 Haereat.
969 2947 1041 2988 inst.

183 2982 211 3012 ὅ(
235 2982 263 3020 ᾖ.
282 2983 338 3014 ull.
361 2985 433 3025 anl.
459 2988 492 3016 cie
515 2987 609 3029 Vulg.
628 2988 754 3028 substat.
776 2999 849 3021 nam
863 2990 903 3021 ibi
921 3000 953 3020 as
970 2999 1044 3020 con-

184 3030 229 3063 tra
246 3031 386 3066 *mentem
410 3025 567 3060 testatoris
588 3029 761 3069 dividitur,
791 3031 844 3076 qui
862 3031 970 3072 utique
994 3030 1048 3060 vel

186 3060 344 3107 instituto,
371 3067 420 3097 vel
439 3067 605 3102 substituto
625 3078 728 3103 totum
748 3071 811 3102 dari
827 3072 941 3103 voluit.
988 3071 1047 3103 Sed

187 3101 214 3145 ¹25¹
225 3123 234 3137 2
245 3110 277 3132 ut
290 3103 354 3148 dlxi
366 3129 374 3143 ‚
392 3107 420 3152 in
441 3118 528 3144 certa
544 3109 646 3151 specie
663 3113 692 3144 ὅ(
706 3121 746 3144 ex
760 3113 938 3154 privilegio.
967 3113 1044 3144 Rur-

186 3143 233 3185 ius
254 3149 376 3183 utrique
402 3148 532 3181 solidum
559 3151 682 3183 videtur
697 3153 801 3185 deberi
827 3153 858 3185 in
882 3153 970 3186 causa
986 3154 1043 3185 Le-

185 3191 230 3219 gis·
245 3182 416 3228 castrensis,
428 3197 518 3228 quam
534 3190 665 3234 Antiqui
679 3193 849 3236 posuerunt
864 3195 902 3229 ad
919 3196 946 3230 h.
958 3196 979 3230 l.
992 3204 1042 3230 10.

1076 2621 1116 2663 ff.
1139 2622 1176 2652 de
1196 2621 1269 2653 Reb.
1291 2622 1360 2654 dub.
1391 2622 1421 2654 ὃς
1435 2621 1473 2654 de
1491 2631 1551 2694 {lua
1563 2622 1645 2655 dixit
1663 2624 1805 2658 Alciatus
1826 2626 1864 2658 L.
1886 2626 1945 2660 ix,

1083 2662 1211 2704 Parerg.
1245 2664 1276 2694 C.
1308 2674 1352 2696 10.
1388 2671 1463 2704 puta
1504 2674 1511 2694 i
1546 2663 1614 2696 Iiex
1644 2667 1807 2706 praemium
1831 2667 1945 2700 consti-

1084 2712 1169 2743 tuat,
1195 2705 1248 2745 qui
1271 2705 1405 2745 primum
1435 2713 1558 2750 murum
1592 2705 1747 2746 ascendit,
1774 2708 1804 2739 δε
1825 2708 1889 2739 duo
1912 2708 1946 2741 fi-

1084 2747 1148 2777 niul
1173 2745 1381 2783 ascenderint3
1412 2752 1487 2777 tunc
1510 2754 1592 2777 enim
1617 2747 1698 2778 ratio
1722 2748 1868 2781 utilitatis
1891 2759 1946 2791 pu-

1083 2787 1174 2818 blicae
1198 2797 1261 2818 non
1286 2787 1459 2827 permittit,
1485 2785 1710 2827 Legislatorem
1734 2788 1895 2830 praesumi,
1913 2799 1945 2822 u-

1084 2837 1158 2859 num
1190 2827 1340 2859 duntaxat
1370 2827 1401 2859 in
1431 2827 1494 2868 pari
1519 2827 1630 2867 causa,
1655 2825 1711 2860 ves
1730 2838 1876 2862 neutrum
1891 2855 1901 2870 ,
1925 2830 1949 2863 sx

1085 2876 1290 2907 concurrant,
1315 2869 1351 2899 ad
1374 2868 1491 2899 bonum
1509 2868 1669 2920 publicum
1685 2872 1815 2910 prtem-io
1829 2871 1946 2904 voluis-

1086 2909 1116 2940 se
1139 2910 1285 2940 excitare.
1323 2909 1409 2941 Hinc
1432 2909 1470 2939 de
1494 2908 1680 2942 cursoribus
1702 2912 1796 2944 Silius
1819 2912 1947 2945 Italicus

1087 2951 1176 2982 Lihr.
1199 2949 1287 2983 XVI.

1130 3007 1214 3015 --·-
1237 2991 1394 3032 AEquatur
1409 2992 1515 3032 cursus
1526 3015 1537 3029 ‚
1557 2995 1731 3036 pariterque
1745 2996 1893 3034 ruebant3

1128 3033 1170 3064 Ec
1179 3032 1288 3073 forsan
1307 3035 1425 3071 gemina
1446 3033 1616 3074 meruiffent
1633 3037 1756 3077 praemia
1766 3037 1888 3076 palma,

1128 3073 1368 3112 Per-veelifiuzul
1384 3076 1422 3106 ad
1438 3082 1532 3106 melas

1088 3115 1168 3146 Vide
1193 3116 1220 3146 ὅ(
1247 3115 1320 3155 quid
1336 3115 1375 3146 de
1390 3115 1446 3147 hac
1466 3115 1567 3158 specie
1581 3116 1772 3160 Chrysippus
1785 3118 1900 3151 dixerit
1916 3129 1944 3151 a·

1087 3156 1148 3196 pud
1165 3155 1366 3188 Plutarchum
1389 3158 1422 3188 tle
1445 3157 1585 3199 Repugn.
1613 3159 1700 3190 Stoic.

1127 3197 1190 3230 Sed·
1203 3198 1345 3237 quamvis
1359 3198 1390 3231 in
1412 3197 1504 3233 causa·
1525 3199 1668 3241 publica,
1698 3201 1738 3232 ad⁴
1751 3200 1945 3247 excitandam

1792 3251 1796 3255 ·
1882 3251 1945 3274 vir-
