2008 3436
474 152 877 188 CORNELII

205 233 348 264 omnibus
375 232 403 263 in
429 231 600 264 Hollandia
624 231 784 272 Judicibus
810 229 916 262 causas
936 230 973 261 ad
989 229 1067 260 arbi-

207 281 273 304 tros
291 273 470 312 remittere,
495 274 524 305 ἃ
543 274 668 313 jubere,
691 280 725 303 ut
737 271 816 311 apud
832 272 903 302 illos
921 280 1066 312 peroren-

208 322 276 352 tur,
303 314 472 345 transmissa
495 315 531 345 ad
558 313 608 351 se,
632 322 722 353 quam
749 312 977 352 pronuncient,
1002 310 1067 342 sen-

207 356 324 393 tentia,
351 356 579 395 promptissimo
599 354 669 385 sane
687 353 852 393 imperitiae
870 353 922 383 vei
947 351 1068 383 desidiae

208 396 398 427 velamento.
445 396 617 428 Videbatur
633 395 727 434 igitui-
743 394 874 425 Senatus
894 393 1071 433 proclivior

211 437 249 467 ad
273 437 466 477 largiendum
496 436 682 468 Mandatum
706 433 924 474 appellationis
939 457 948 471 ,
978 433 1071 472 idque

209 477 322 516 etiam,
355 478 557 518 permittente
584 477 718 513 Senatu,
740 474 910 515 significavi
932 474 1071 515 Syndico

208 518 304 549 Urbis
328 516 634 550 Amsteidammensis
652 540 661 553 ,
692 515 743 555 qui
771 524 820 547 ine
845 515 886 545 ob
911 524 978 545 eam
1005 523 1070 545 rem

211 558 321 590 adivit.
366 559 425 590 Sed
442 558 579 593 Maevia,
604 557 642 587 de
666 564 770 587 mente
798 556 929 588 Senatus
952 555 1070 585 certior

207 598 311 636 faeta,
335 601 600 635 interlocutoriae,
626 607 717 637 quam
736 597 820 635 dixi,
838 595 1008 628 Sententize
1024 604 1068 626 re-

208 641 381 672 nunciavit.
437 640 508 683 Qua
532 638 766 670 renunciatione
797 637 902 668 audita
927 644 1071 677 negatum

209 691 334 722 quoque
356 681 401 712 est
427 680 611 712 Mandatum
643 678 863 719 appellationis
905 688 955 709 22.
984 678 1070 716 Sept.

214 730 302 761 1729.
348 721 507 752 Prolixius
529 721 606 751 banc
625 719 747 752 causam
766 719 925 757 enarravi,
948 728 986 750 ne
1004 717 1072 749 aliis

210 760 243 793 in
259 762 416 803 posterum
433 762 470 795 sit
488 761 680 803 proejudicio.

205 157 273 189 262
942 161 1000 186 vix
1024 161 1047 186 N

778 860 1132 904 CAPUT

1111 147 1717 185 BYNKERSH‘OEK

1151 228 1312 260 Mandata:
1338 228 1432 268 igitur
1449 226 1660 267 Jurisdiffioni
1685 227 1763 267 apud
1786 226 1856 259 Nos
1884 229 1966 271 leges
2003 249 2006 259 1

1110 279 1273 309 moresque
1292 276 1483 309 repugnant,
1514 267 1564 299 sed
1588 277 1650 299 non
1678 268 1795 299 definio
1813 293 1822 308 ,
1847 279 1883 301 an
1906 280 1967 303 non
1999 291 2001 300 i

1111 309 1268 351 praestaret
1287 311 1433 342 mandare
1449 308 1697 348 jurisdietionem
1712 331 1722 346 ,
1745 318 1835 348 quam
1847 319 1969 342 exerce-

1112 361 1164 389 re,
1188 351 1228 386 si,
1250 352 1302 391 qui
1319 358 1468 381 exercere
1487 349 1677 386 tenetur,ad
1694 349 1890 388 judicandum
1907 361 1968 384 non

1113 392 1209 432 magis
1225 400 1315 432 aptus
1337 391 1392 428 sit,
1415 400 1505 431 quam
1530 389 1627 421 asinus
1645 390 1682 420 ad
1706 390 1822 430 lyram,
1846 391 1867 423 si
1887 392 1969 432 bipef

1113 433 1186 464 dum
1204 432 1241 464 sit
1258 432 1499 473 imperitiffimus
1511 454 1521 468 ,
1544 430 1565 462 si
1583 430 1808 470 ignavissimus,
1832 442 1902 465 nam
1920 432 1968 465 so·-

1114 474 1143 504 la
1159 473 1316 513 probitate
1334 473 1450 513 Judicis
1473 472 1613 504 officium
1633 480 1694 502 non
1720 471 1911 512 absolvitur,
1934 482 1970 506 uc

1114 513 1200 552 sunt,
1225 514 1277 553 qui
1299 514 1351 545 sibi
1369 513 1562 554 persuadent.
1605 512 1729 552 Judices
1749 513 1881 545 minores
1898 524 1968 555 pos-

1114 554 1185 585 sunt
1204 555 1234 586 &
1254 554 1356 585 solent
1373 554 1537 594 peritiores
1565 553 1749 590 consulere,
1773 552 1822 584 sed
1848 554 1886 585 de
1909 565 1970 588 ma-

1113 595 1231 635 joribus
1244 595 1317 635 quid
1336 594 1414 626 fiet?
1438 595 1468 625 hi
1487 594 1540 626 fibi
1562 601 1708 635 reputant
1724 593 1887 633 dedecori,
1907 605 1970 629 non

1114 644 1234 667 tantum
1249 636 1412 675 peritiores
1429 635 1608 673 consulere,
1636 634 1686 665 sed
1709 634 1739 666 δε
1762 643 1816 666 eos
1835 639 1971 676 praeeum

1116 685 1163 707 tes
1180 675 1272 716 sequi.
1316 677 1421 708 Solius
1440 676 1590 717 Principis
1604 676 1648 706 est
1660 697 1669 712 ,
1693 676 1743 716 qui
1760 675 1825 707 fere
1842 678 1970 718 majores

1115 717 1239 758 judices
1258 725 1364 755 creat,
1395 716 1488 748 ctiam
1519 716 1576 747 hae
1601 724 1689 756 parte
1714 715 1898 759 consulere,
1929 727 1969 752 ne

1117 758 1191 799 quid
1209 757 1398 798 Respublica
1413 758 1592 791 detrimenti
1608 765 1720 798 capiat.
1964 770 1966 773 ·

1222 865 1405 909 vXIII.

370 956 422 991 An
450 957 486 991 ob
510 956 648 990 debitum
677 954 910 1001 Univerfitatis
926 955 1059 1001 fingula
1084 956 1224 990 membra
1249 954 1410 989 conveniri
1436 949 1476 993 &J
1501 951 1647 988 damnari
1667 948 1810 1000 pffnt?

219 1047 234 1052 ’
294 1051 360 1082 ecre
387 1052 524 1094 disputat
545 1053 662 1085 Seneca
690 1053 729 1084 L.
751 1052 806 1084 VI.
837 1054 870 1083 de
887 1052 1018 1092 Benefic.
1041 1053 1072 1084 C.

317 1104 367 1125 20.
392 1103 460 1135 quae
480 1094 670 1127 Universitas
687 1093 798 1131 debet,
823 1103 841 1125 a
863 1093 987 1134 singulis
1009 1103 1072 1125 non

212 1135 318 1168 deberi
341 1135 395 1166 nisi
413 1144 469 1175 pro
489 1135 636 1175 portione
656 1134 717 1166 sua.
763 1134 888 1166 Totum
913 1135 1007 1174 igitur
1023 1134 1074 1165 de-

211 1178 314 1208 bitum
332 1186 349 1206 a
365 1175 489 1216 singulis
510 1185 573 1207 non
599 1175 683 1207 reae
707 1175 859 1216 exigitur,
883 1184 942 1206 nec
964 1176 1077 1212 etiam,

214 1228 283 1258 quae
302 1217 563 1257 reciprocationis
578 1217 660 1248 ratio
678 1216 741 1254 est,
766 1216 919 1247 creditum
939 1215 1073 1247 Univer-

212 1259 311 1291 sitatis
347 1257 456 1298 singuli
493 1257 576 1288 refile
615 1257 757 1298 exigunt.
801 1257 832 1288 Si
861 1264 1029 1296 utrumque
1058 1263 1076 1286 a

213 1299 315 1340 JCco,
347 1308 438 1339 quam
463 1297 658 1338 Philosopho
683 1298 789 1328 audire
819 1297 939 1334 mavis,
968 1297 1076 1336 accipe

213 1341 282 1372 haec
301 1340 426 1380 Ulpiani
455 1339 522 1369 inl.
549 1348 576 1378 7.
602 1338 630 1379 §.
659 1348 685 1369 1.
704 1337 745 1377 ff.
771 1337 856 1384 Quod
875 1338 1008 1379 cujusque
1032 1337 1074 1368 U-

215 1381 323 1421 niveis
348 1390 421 1410 nom.
449 1378 482 1410 Si
500 1380 592 1420 quid,
614 1379 679 1417 ait,
706 1377 903 1417 Univerfitati
918 1379 1074 1416 debeatur,

207 1421 336 1464 finguli's
351 1430 408 1458 nori
421 1421 554 1456 debetur,
580 1430 632 1451 nec
646 1443 655 1456 ‚
681 1421 751 1461 quod
765 1421 845 1450 debet
868 1417 1053 1457 Univerfitas
1066 1443 1074 1456 ‚

207 1462 256 1503 fin
281 1463 322 1493 uli
347 1462 461 1492 debent.
519 1460 679 1504 Quicquid
706 1460 899 1492 Universitas
931 1468 1076 1492 mutuum

213 1472 298 1542 dedit
314 1503 365 1534 vel
382 1502 505 1542 accepit
514 1524 525 1540 ,
550 1510 590 1533 aes
603 1501 687 1534 suurn
705 1502 757 1534 vel
772 1502 907 1533 alienum
925 1500 969 1537 est
986 1501 1077 1541 ipsius

213 1543 435 1576 Univerfitatis
447 1567 455 1582 ,
480 1543 510 1575 δε
526 1543 598 1582 quia
613 1542 747 1584 singulos
766 1552 824 1583 pro
841 1551 928 1582 parte
942 1541 993 1574 sua
1009 1551 1077 1583 age-

211 1596 247 1618 re
264 1585 316 1616 vel
335 1584 499 1616 conveniri
516 1583 736 1616 difficillimum
752 1583 911 1624 explicatu
926 1582 971 1615 est
982 1607 992 1621 ,
1009 1584 1077 1615 nul-

212 1627 236 1660 li
256 1626 452 1668 permittitur
467 1625 622 1666 experiri,
651 1625 705 1657 nisi
718 1625 766 1663 ei,
787 1625 837 1656 cui
856 1625 908 1656 lex
922 1625 1080 1667 permittit

215 1669 238 1700 l.
261 1678 292 1710 3.
310 1666 350 1708 ff.
376 1667 450 1698 an.
474 1666 613 1708 Syndico
630 1665 753 1698 scilicet
769 1666 1004 1705 Universitatis,
1024 1675 1079 1706 per

215 1718 330 1751 quem,
355 1707 438 1748 quod
463 1707 675 1739 communiter
697 1707 744 1748 agi
761 1707 892 1748 fierique
911 1714 1078 1748 oporteat,

217 1757 347 1791 agatur,
376 1748 430 1780 fiat
457 1749 478 1780 l.
505 1755 531 1780 1.
556 1747 584 1789 §.
612 1758 640 1780 1.
664 1749 737 1780 Eod.
791 1747 850 1781 Ille
876 1747 1079 1789 repraesentat

216 1800 318 1823 arcam
335 1799 555 1827 communem,
578 1790 608 1821 δι
627 1789 648 1821 si
670 1789 743 1831 quid
765 1789 793 1820 ei
819 1789 988 1828 debeatur,
1011 1790 1078 1821 exi-

215 1833 281 1873 git,
313 1832 343 1864 &
368 1831 388 1863 fi
411 1831 486 1871 quid
509 1840 544 1861 ea
563 1830 676 1869 debet,
708 1831 762 1862 ille
779 1831 985 1869 convenitur,
1008 1840 1079 1863 nam

217 1884 235 1905 a
257 1872 383 1913 singulis
407 1872 556 1903 membris
589 1871 716 1913 exigere
733 1896 742 1911 ‚
773 1871 921 1912 quicquid
951 1871 1100 1903 nomine‘

219 1914 350 1955 publico
382 1912 427 1944 est
456 1912 674 1952 contractum,
707 1913 819 1945 durum
846 1912 922 1945 esset
946 1913 976 1945 ὃς
1009 1922 1078 1944 ava-

219 1965 297 1987 rum.

262 1995 440 2027 Secundum
462 1995 529 2027 haec
548 1996 579 2027 in
595 1996 776 2034 Sententia,
799 2005 816 2026 a
837 1994 932 2027 Curia
948 1994 1081 2027 Hollan-

219 2037 280 2068 dice
302 2046 347 2073 19.
367 2036 454 2068 NOV.
473 2047 563 2077 1441.
586 2046 696 2069 contra
712 2036 914 2069 Enchusanos
932 2036 1080 2077 lata(1),

219 2078 408 2111 nominatim
426 2078 565 2109 additum
586 2077 652 2116 est,
675 2088 713 2109 ne
732 2088 768 2109 ea
791 2078 971 2109 executioni
996 2078 1081 2108 dare-

221 2127 272 2150 tur
289 2127 400 2149 contra
417 2119 504 2149 cives
522 2119 550 2149 δι
571 2119 691 2150 incolas
711 2117 932 2156 Encliusanos,
951 2118 987 2149 ad
1004 2127 1082 2158 quos

219 2169 255 2191 ea
276 2168 323 2190 res
340 2168 401 2191 non
419 2159 605 2200 pertinebat.
649 2160 691 2191 Et
718 2159 876 2199 Philippus
898 2159 1082 2200 Burgundus

219 2201 251 2245 in
269 2199 474 2240 Diplomate,
504 2200 589 2240 quod
613 2210 659 2231 12.
684 2200 754 2232 OQ.
785 2203 874 2240 1464.
901 2200 986 2231 dedit
1003 2199 1082 2240 (2),

221 2241 375 2273 astionem
399 2249 509 2272 contra
542 2240 696 2272 Civitates
720 2240 898 2272 Hoilandiae
920 2241 1082 2279 Borealis‚

219 2281 363 2314 adversus
392 2280 594 2313 Encliusanos
620 2282 798 2314 executioni
822 2282 1016 2320 mandatam,
1038 2282 1084 2314 su-

221 2323 361 2363 spendit,
385 2324 615 2363 convocarique
633 2323 713 2362 juffit
729 2332 857 2361 omnes,
879 2331 913 2353 ut
929 2323 966 2354 ab
982 2323 1083 2354 omni-

223 2364 280 2396 bus
297 2373 434 2404 prorata
455 2364 595 2395 debitum
618 2364 804 2403 exigeretur.
852 2363 1014 2404 Philippus
1037 2371 1082 2394 et-

221 2406 281 2437 iam
302 2404 342 2436 ll.
368 2404 495 2445 Hispan.
516 2405 601 2442 Rex,
626 2405 656 2436 in
673 2405 702 2446 §.
725 2414 772 2436 11.
789 2404 911 2443 Ediai,
925 2405 1009 2445 quod
1026 2414 1084 2445 pro

222 2446 364 2478 Flandiis
381 2446 479 2477 edidit
505 2455 551 2476 1‘2.
569 2445 634 2486 Jan.
658 2449 747 2486 1586.
771 2445 830 2487 (3)
852 2446 1004 2486 agricolas
1026 2455 1082 2486 pro

221 2487 329 2518 debito
348 2486 588 2518 Universitatum
609 2487 773 2518 conveniri
792 2487 910 2525 vetuit,
924 2496 982 2527 pro
1010 2494 1084 2518 toto

222 2537 356 2569 nempe,
392 2527 527 2568 singulos
553 2528 636 2559 enim
667 2527 830 2559 conveniri
860 2527 996 2568 permisit
1025 2537 1082 2569 pro

222 2578 308 2609 parte
328 2567 394 2606 sua,
418 2578 465 2599 που
485 2568 547 2599 veel
572 2570 629 2599 hun
648 2570 836 2610 contingent,
860 2575 940 2609 quote
964 2578 998 2599 en
1018 2575 1083 2609 por-

224 2611 263 2641 lz'e
279 2611 444 2650 hedi-uagom
462 2609 518 2639 καὶ.
545 2609 642 2653 Quod
661 2619 725 2641 non
742 2610 832 2640 aliter
854 2610 972 2650 probo,
991 2619 1084 2650 quam

226 2650 276 2681 ubi
295 2659 363 2681 arca
382 2650 557 2681 communis
569 2659 630 2681 non
650 2648 702 2681 est.
749 2650 790 2681 Et
806 2659 901 2690 quum
919 2651 1083 2682 Admirali-

225 2700 270 2723 tas
287 2690 464 2722 [lullandiae
481 2691 617 2721 noi-caiis
633 2690 669 2720 ad
687 2690 872 2730 Supremuin
888 2691 1034 2722 Senatum
1053 2691 1084 2722 in

225 2733 271 2771 ius
293 2740 425 2767 vocata,
449 2732 478 2762 dt
506 2731 547 2762 ibi
563 2731 703 2762 damnata
729 2730 804 2761 esset
824 2730 854 2761 in
880 2730 969 2762 causa
992 2740 1085 2771 pecu-

225 2773 338 2811 niaria,
366 2782 442 2804 unus
457 2772 581 2812 quidem
599 2780 635 2804 ex
650 2780 685 2802 ea
703 2771 820 2811 Judex,
842 2778 876 2801 ut
894 2770 1085 2803 satisfaceret

224 2814 413 2852 sementim,
438 2810 552 2844 arresto
571 2813 732 2850 detentus,
758 2811 806 2842 sed
821 2821 902 2842 anno
930 2815 1018 2852 1659.
1041 2812 1085 2843 di-

226 2855 332 2886 inill'us
355 2854 400 2886 est
423 2854 499 2894 (υτ
525 2854 564 2885 de
611 2862 648 2885 ua
676 2853 774 2892 injus
798 2853 967 2884 vocatione
991 2853 1084 2884 etiam

226 2895 331 2942 postea
350 2896 464 2926 acriter
490 2895 535 2926 est
558 2894 588 2925 di
608 2901 749 2934 putatum
786 2893 836 2933 5).
883 2892 1018 2925 Memini
1042 2901 1086 2925 et-

225 2947 307 2975 iam,
333 2946 381 2968 me
409 2936 557 2973 Picenae,
583 2935 752 2966 Consulem
797 2933 1085 2974 larderovicenum,

225 2977 267 3008 ob
286 2978 426 3009 debiturn
442 2977 533 3018 ipsius
559 2976 669 3015 Urbis,
693 2974 806 3007 arrcsto
830 2973 890 3006 effe
905 2974 1085 3013 detentum,

264 3106 323 3141 (ι)
346 3107 432 3143 Deris.
452 3110 529 3137 misc.
553 3118 613 3143 1¹9·

263 3147 321 3179 (2)
342 3146 510 3183 Hanclvesteii
524 3156 575 3176 van
589 3146 736 3184 Eizchuysen
756 3155 782 3183 p,
808 3154 868 3174 ηπ.

265 3183 324 3218 (3)
347 3184 438 3212 imitat
460 3185 603 3221 separatim
621 3187 691 3213 iuter
706 3185 862 3213 collectanea
883 3194 947 3215 mea,

259 3221 318 3258 (4)
340 3221 468 3254 [xitzniia
489 3222 591 3260 Hlflur.
613 3223 647 3253 L.
670 3224 810 3255 XXXlX,
832 3226 934 3260 ppei.

1118 1051 1168 1083 sed
1195 1049 1318 1091 repulso
1344 1048 1550 1087 Adversario,
1580 1050 1740 1081 Sententia
1762 1050 1902 1091 Supremi
1921 1051 1973 1084 Se³

1118 1099 1207 1124 natus
1225 1090 1379 1123 dimissum
1401 1100 1451 1132 30.
1470 1091 1538 1130 Jun.
1559 1101 1646 1131 1730.
1672 1100 1743 1121 cum
1761 1092 1834 1124 alias
1847 1092 1888 1123 ob
1904 1089 1974 1124 causs

1119 1133 1182 1171 sas,
1199 1140 1265 1163 tum
1281 1132 1375 1162 etiam
1392 1133 1434 1163 ob
1451 1133 1479 1162 cl.
1497 1131 1517 1162 l.
1531 1141 1559 1172 7.
1584 1132 1610 1173 ᾗ.
1630 1141 1656 1163 1.
1674 1131 1713 1172 ff.
1741 1131 1826 1179 chod
1841 1133 1974 1175 cu'usqud

1124 1173 1260 1214 Univers.
1285 1183 1359 1203 nom.
1408 1172 1512 1212 Atque
1529 1174 1598 1203 liaec
1616 1174 1767 1213 probant,
1792 1143 1887 1214 quod]
1901 1174 1976 1206 Uni·

1117 1214 1245 1245 versitas
1261 1213 1372 1249 debet,
1396 1213 1531 1253 angulos
1548 1222 1610 1244 non
1629 1213 1750 1244 debere.
1788 1213 1818 1244 ld
1834 1224 1911 1246 vero
1930 1214 1976 1247 est

1117 1253 1338 1290 certiffimum,
1361 1254 1444 1293 quod
1471 1252 1578 1293 singuli
1598 1254 1732 1292 debent,
1762 1255 1797 1286 ad
1823 1255 1978 1288 Universi-

1119 1303 1216 1327 tatem
1231 1302 1295 1324 non
1304 1295 1458 1334 pertinere
1467 1315 1478 1331 ,
1490 1302 1589 1333 neque
1605 1294 1683 1325 adeo
1699 1295 1736 1325 ab
1746 1304 1781 1326 ea
1789 1297 1977 1336 exigendum

1118 1336 1191 1368 esse.
1235 1334 1360 1366 Privata
1375 1343 1445 1365 arca
1463 1335 1617 1374 expungit
1640 1334 1779 1367 debitum
1799 1337 1978 1376 privatum,-

1119 1376 1245 1419 publica
1259 1375 1431 1416 publicum.
1476 1374 1588 1406 Multo
1605 1375 1706 1407 minus
1721 1376 1877 1408 tenebitur
1902 1377 1978 1410 Uni-

1119 1418 1264 1455 versitas,
1294 1415 1315 1448 fi
1340 1416 1414 1457 quid
1433 1415 1613 1456 delinquat,
1635 1417 1687 1456 qui
1710 1417 1878 1449 membrum
1902 1418 1978 1451 Uni·

1120 1459 1276 1491 versitatis
1292 1456 1347 1489 est.
1393 1456 1484 1488 Unde
1501 1456 1655 1489 Ordinum
1680 1455 1881 1491 Generaliuni
1896 1458 1980 1491 Conv-

1120 1500 1225 1533 filiarii
1242 1509 1292 1531 22.
1311 1498 1372 1538 Jul.
1394 1501 1482 1537 1666.
1508 1498 1590 1529 recte
1615 1497 1839 1539 responderunt
1856 1498 1980 1532 Ordini:

1121 1540 1178 1574 bus
1201 1539 1406 1572 Generalibus
1421 1561 1433 1577 ,
1463 1538 1505 1569 ob
1527 1538 1674 1571 delictum
1698 1540 1844 1572 monachi
1873 1549 1979 1582 perpes

1122 1590 1187 1615 rain
1212 1581 1291 1623 apud
1314 1581 1460 1612 Senatum
1484 1579 1706 1612 Brabantinum
1725 1580 1838 1614 arresto
1855 1581 1982 1615 detenta

1122 1624 1183 1656 esse
1198 1623 1279 1655 bona
1298 1621 1389 1663 ipsius
1403 1619 1588 1653 Monasterii
1605 1621 1672 1662 (6).

1164 1663 1318 1711 Quamvis
1331 1671 1436 1695 autem
1451 1662 1517 1693 haec
1535 1663 1579 1693 ita
1594 1662 1670 1702 fint,
1682 1663 1712 1696 &
1725 1665 1793 1704 J'ure
1803 1664 1981 1704 subsistant,

1121 1715 1234 1739 vereor
1254 1713 1379 1743 tamen,
1413 1711 1451 1734 ne
1474 1712 1528 1743 per
1552 1703 1694 1743 injuriam
1719 1706 1769 1736 vel
1794 1705 1980 1747 imperitiam

1122 1748 1241 1787 semper
1258 1747 1289 1778 &
1313 1745 1428 1786 ubique
1449 1744 1493 1776 ita
1517 1743 1720 1777 obtinuerint.
1765 1745 1839 1778 Non
1867 1747 1982 1788 loquor

1121 1790 1161 1821 de
1175 1799 1210 1820 ca
1227 1787 1345 1829 specie,
1370 1795 1429 1825 qua
1448 1785 1590 1826 privatus
1613 1795 1669 1826 pro
1689 1786 1907 1820 Universitatis
1927 1787 1980 1819 de-

1122 1831 1212 1868 bito,
1240 1838 1296 1869 per
1320 1828 1448 1860 modurn
1471 1825 1727 1867 Repressaliarum
1744 1850 1754 1866 ,
1781 1828 1926 1861 detentus
1948 1828 1981 1861 dc

1122 1873 1283 1903 damnatus
1299 1868 1362 1907 est,
1385 1878 1456 1900 nam
1474 1869 1544 1913 quia
1563 1867 1759 1908 Repreffaiiis
1786 1878 1847 1901 non
1871 1869 1916 1901 est
1935 1870 1981 1901 lo-

1123 1922 1197 1951 cus,
1221 1911 1277 1943 nisi
1296 1911 1447 1950 denegata
1469 1907 1606 1948 justitia,
1631 1918 1667 1940 ea
1692 1908 1811 1950 species
1831 1910 1891 1942 huc
1915 1919 1981 1942 non

1123 1954 1272 1995 pertinet.
1304 1951 1434 1992 Loquor
1453 1950 1491 1981 de
1510 1959 1545 1981 ea
1564 1948 1684 1990 specie,
1704 1960 1763 1990 qua
1778 1960 1888 1983 contra
1905 1950 1980 1983 Uni-

1124 1994 1302 2026 vei-fitatem
1325 1991 1509 2031 experiundi
1534 1989 1668 2031 potestas
1694 1990 1757 2030 est,
1789 1992 1819 2024 &
1843 1992 1894 2024 vel
1919 1991 1982 2030 fic,

1124 2035 1208 2077 quod
1233 2033 1424 2066 Univerfitas
1447 2031 1596 2071 debebat,
1627 2031 1750 2073 singulis
1771 2031 1852 2073 saepe
1875 2041 1982 2064 extor-

1125 2085 1191 2108 tum
1210 2074 1264 2106 est.
1310 2075 1340 2106 Si
1358 2074 1399 2105 ob
1420 2072 1547 2104 salutem
1565 2073 1720 2113 publicam
1736 2073 1797 2105 tale
1814 2074 1888 2115 quid
1906 2073 1960 2106 fiat
1972 2089 1984 2113 5

1123 2116 1249 2149 defendi
1266 2113 1496 2156 quodaminodo
1517 2113 1635 2154 potest,
1667 2113 1689 2146 fi
1715 2114 1783 2146 haec
1800 2124 1864 2146 non
1883 2113 1984 2146 verses

1125 2166 1196 2195 tur,
1218 2157 1348 2188 omnino
1364 2154 1542 2195 improbum
1558 2153 1610 2185 est.
1656 2155 1743 2186 Salus
1760 2155 1804 2187 uti
1829 2165 1866 2186 ue
1882 2154 1983 2197 publi:

1125 2209 1162 2230 ca
1177 2197 1345 2230 Ordinibus
1366 2195 1545 2227 Hollandiae
1561 2195 1648 2226 cordi
1669 2196 1699 2228 δι
1713 2205 1794 2228 curm
1828 2196 1892 2234 uit,
1909 2204 1983 2228 cum

1125 2241 1157 2272 in
1173 2239 1330 2271 notiffimo
1352 2237 1407 2269 illo
1426 2236 1556 2275 Editio,
1581 2236 1664 2277 quod
1682 2237 1721 2268 de
1743 2236 1909 2269 exaffione
1929 2236 1983 2269 tri-²

1125 2281 1274 2312 buterum
1289 2279 1408 2310 editum
1424 2275 1469 2308 est
1486 2277 1541 2308 ult.
1563 2277 1659 2309 Mart.
1688 2283 1777 2318 1588.
1801 2279 1900 2319 palam
1919 2277 1984 2310 sana

1126 2322 1283 2358 civerint,
1307 2329 1365 2360 pro
1389 2328 1452 2350 non
1475 2317 1585 2349 solutis
1609 2318 1735 2350 tributis
1753 2318 1902 2355 Urbium,
1925 2318 1982 2350 Pa-

1126 2372 1234 2403 gorum
1254 2360 1532 2401 Collegiorumque
1546 2382 1555 2398 ,
1585 2359 1680 2391 etiarn
1709 2359 1825 2400 singula
1848 2358 1984 2391 membra

1126 2405 1156 2436 dc
1174 2411 1314 2444 quosque
1332 2401 1451 2432 incolas
1463 2409 1572 2432 eorum
1591 2400 1734 2432 locorum
1753 2399 1933 2437 conveniri,
1950 2399 1984 2431 ὅσ

1126 2444 1165 2475 ab
1186 2444 1223 2476 iis
1241 2443 1357 2475 tributa
1383 2441 1465 2482 exigi
1485 2440 1579 2482 posse.
1626 2441 1730 2481 Atque
1754 2450 1789 2472 ea
1814 2440 1874 2481 ipsa
1899 2440 1981 2472 ratio

1124 2484 1250 2523 effecit,
1276 2492 1310 2515 ut
1330 2484 1360 2515 «St
1375 2492 1503 2520 eorum,
1524 2491 1591 2522 quae
1607 2481 1716 2523 singuli
1730 2481 1861 2519 debent,
1885 2481 1984 2512 etiam

1124 2534 1236 2558 contra
1253 2523 1493 2557 Univerfitatem
1511 2522 1546 2555 sit:
1561 2522 1641 2554 actio
1662 2531 1703 2553 ex
1717 2521 1855 2553 Decreto
1874 2531 1984 2553 eorun-

1124 2567 1195 2599 dem
1216 2567 1369 2599 Ordinurn
1397 2568 1443 2596 16.
1468 2563 1528 2604 Jul.
1556 2566 1644 2603 1657.
1665 2561 1702 2608 (2
1745 2571 1783 2593 eo
1802 2563 1917 2603 quippe
1938 2562 1985 2602 ju-

1125 2608 1239 2640 bentur
1258 2604 1460 2647 Magistratus
1485 2604 1635 2644 pagorum
1658 2602 1692 2634 Fi
1710 2612 1749 2634 co
1768 2601 1888 2635 solvere
1911 2603 1982 2635 mil·

1126 2649 1260 2681 leslmam
1276 2648 1431 2679 bonorum
1445 2667 1456 2683 ,
1481 2653 1570 2685 quam
1588 2643 1703 2675 incoiae
1718 2643 1850 2683 debent,
1876 2642 1981 2676 secun-

1125 2691 1199 2721 dum
1217 2689 1391 2728 catalogum
1403 2708 1413 2723 ‚
1436 2694 1472 2716 ea
1490 2685 1529 2716 de
1543 2693 1574 2715 rc
1592 2683 1719 2716 factum.
1764 2685 1806 2717 Et
1821 2685 1862 2717 sic
1882 2684 1987 2716 adhue·

1126 2730 1264 2764 servatur
1283 2729 1312 2759 in
1329 2727 1490 2759 exactione
1507 2724 1681 2757 centesimas
1699 2726 1729 2757 &
1747 2721 1983 2764 ducentesima—,-

1127 2770 1242 2802 etiamsi
1266 2769 1350 2800 nulla
1378 2765 1619 2807 Magistratuum
1650 2766 1679 2797 in
1708 2766 1862 2808 exigendo
1891 2766 1984 2807 culpa

1128 2819 1282 2852 arguatur.
1325 2807 1383 2841 Sed
1402 2808 1487 2845 haec,
1513 2807 1654 2847 inquam,
1680 2807 1710 2839 in
1728 2807 1815 2840 causa
1835 2807 1984 2846 publica,

1128 2852 1170 2883 ob
1185 2851 1327 2882 favorem
1345 2847 1444 2887 Fisci,
1469 2848 1498 2880 ἃ
1517 2847 1537 2879 si
1556 2848 1630 2888 quid
1652 2857 1692 2879 ex
1718 2848 1826 2888 iniquo
1849 2847 1981 2879 habeant

1128 2902 1163 2924 ea
1180 2891 1338 2932 exempla,
1362 2897 1471 2921 contra
1487 2888 1528 2920 lin
1554 2890 1622 2921 ulos
1641 2889 1778 2920 utilitate
1795 2888 1921 2930 publica
1937 2897 1981 2919 re—

1129 2933 1284 2974 penditur.
1330 2929 1517 3003 Etianidure
1546 2931 1697 2968 <oman0,
1721 2930 1751 2960 in
1769 2929 1857 2961 simili
1873 2928 1980 2966 causa,-

1130 2973 1226 3007 limile
1242 2972 1316 3013 quid
1332 2971 1432 3013 placui
1458 2970 1498 3010 'e,
1522 2971 1638 3003 indicat
1658 2970 1678 3002 l.
1699 2979 1727 3011 7.
1752 2970 1794 3012 vs:
1814 2969 1876 3017 Qui
1892 2968 1921 3009 fi
1946 2969 1983 3042 ‘siz

1164 3105 1222 3142 (5)
1244 3105 1320 3133 idem
1340 3104 1423 3133 eodem
1440 3103 1518 3133 Libro
1533 3112 1559 3140 p.
1580 3105 1658 3138 1084.
1679 3101 1704 3131 ἀ
1726 3104 1805 3137 1085.

1164 3145 1225 3180 (ὁ)
1247 3141 1475 3179 AitzcniaHiflor.
1502 3143 1529 3170 l..
1546 3142 1648 3170 xi.vi.
1670 3150 1697 3177 p.
1714 3144 1778 3174 665.
1976 3174 1980 3179 .

1165 3183 1223 3218 (7)
1243 3181 1389 3222 Riy'oluti‘en
1411 3190 1463 3210 van
1483 3179 1652 3218 Corfiderati'e
1667 3187 1710 3208 ten
1730 3178 1788 3215 mle
1808 3186 1860 3208 van
1875 3176 1905 3206 de
1923 3175 1978 3205 W!

1125 3229 1152 3259 P·
1176 3228 1238 3256 373-
