2008 3436
215 145 284 180 232
481 127 881 166 CORNELII
954 135 1063 162 van

212 211 234 243 li
254 222 263 250 3
296 210 337 242 ibi
356 210 466 242 mulier
484 211 516 242 in
535 210 621 242 nulla
635 210 728 250 culpa
744 232 754 249 ‚
778 217 888 239 verum
905 205 1020 239 Praeses
1044 215 1074 237 a-

211 251 313 283 liusve
330 252 567 293 Officialis‚qui
586 261 653 283 eam
670 248 886 292 desponsavit,
913 257 1003 294 quam
1019 247 1073 278 du-

211 302 282 323 cere
302 302 365 324 non
389 300 513 334 poterat:
531 316 541 332 ,
565 293 675 333 utique
692 301 756 323 non
769 298 893 332 poterat
911 312 920 327 ,
944 288 999 320 nisi
1017 297 1073 318 vo-

209 333 295 365 lente
316 335 446 366 muliere
473 334 544 375 post
571 333 740 375 depofitam
763 330 1071 364 administrationem.

208 374 239 405 Si
266 384 342 416 ergo
364 376 502 407 noluerit
518 398 529 413 ,
553 383 588 406 ut
607 381 731 415 poterat
747 373 833 404 nolle
848 396 858 411 ,
882 381 919 403 an
935 370 1006 402 inde
1027 369 1072 401 lu-

209 424 297 447 crum
320 424 439 456 quaeret
459 415 663 457 Magistratus
686 412 893 446 Provincialis
910 435 919 451 ,
948 411 1008 457 *qui
1022 420 1073 456 au3

209 455 356 488 &oritate
378 457 430 489 sua
455 458 617 489 mulierem
640 457 671 487 in
693 453 847 496 sponsalia
875 452 997 485 traxit?
1021 460 1074 491 qui

207 498 332 538 nuptias
359 498 491 530 ambivit
506 522 515 537 ,
547 507 602 539 per
630 497 730 537 legem
751 493 964 535 improbatas?
988 492 1074 523 nulla

205 547 245 582 ne
262 539 358 579 igitur
373 563 382 578 ‚
408 539 628 570 Pandetftarum
648 538 714 577 jure
729 560 738 574 ‚
778 534 877 566 fuerit
895 532 1073 565 differentia
1098 558 1100 561 .

206 587 289 610 inter
306 589 429 620 poenam
446 579 585 620 sponsae,
611 588 679 618 quae
701 577 803 608 licita-s
818 599 827 614 ‚
859 576 889 607 ἅ
910 584 980 616 quae
1007 573 1070 618 illi-

208 620 286 651 citas
311 620 500 652 detretlabat
527 620 651 660 nuptias
666 619 682 650 ἵ)
715 617 736 649 si
756 616 854 648 fuerit
870 638 880 654 ,
914 624 949 647 ut
967 623 1070 660 omnis

206 662 287 692 ratio
305 662 381 700 joi-is
400 661 521 700 suadet,
543 660 666 700 probari
686 658 763 689 mihi
779 658 875 689 velim
888 679 898 695 ,
922 657 952 689 in
971 655 1071 701 specie

206 701 321 733 nostrae
346 704 364 733 i.
391 707 440 743 38.
460 708 507 742 pr.
532 709 656 742 poenam
675 699 785 739 simplo
800 699 949 738 majorem
966 695 1068 728 fmsse.

208 742 295 780 Quin
312 752 371 774 nec
392 752 448 783 pro
467 743 534 782 jure
550 750 637 773 novo
655 740 746 772 nobis
764 739 939 770 obtrudunt
955 737 1022 769 Leo
1043 738 1073 769 &

205 780 393 815 Anthemius
410 805 421 820 ,
452 793 522 823 quae
545 783 584 814 de
607 781 717 823 simplo
745 781 902 812 arrharum
920 779 1074 810 duntaxat

205 824 397 855 restituendo
407 823 547 856 scribunt
557 824 587 855 in
597 824 625 854 d.
638 823 658 853 l.
667 833 699 862 5.
707 821 806 860 verfic.
821 821 894 868 Qua
903 821 958 851 ita.
969 829 1074 860 quam-

206 874 297 905 quam
310 873 410 906 neque
426 874 461 896 ea
485 865 589 896 omnia
608 864 644 895 ad
660 863 820 895 Praefidem
848 862 985 893 aliumve
1011 870 1072 892 ma-

205 905 366 946 gistratum
378 905 606 937 provincialem
623 905 778 946 pertinere
793 903 833 935 fic
846 903 886 935 fic
901 902 1070 933 oslendam.

249 945 337 977 Nolo
358 954 462 978 autem
482 947 571 986 haec,
597 956 665 988 quae
681 945 770 983 dixi,
795 944 860 976 sola
876 943 1016 975 sufficere
1034 943 1071 974 ad

202 985 403 1019 refutandum
422 988 596 1025 emblema,
620 988 679 1019 alia
694 987 787 1018 etiam
806 983 824 1017 s
822 991 1000 1016 occurrunt.
1010 984 1069 1016 Ec-

203 1029 272 1068 quis
296 1028 378 1060 enim
403 1030 508 1060 credat
526 1051 537 1068 ,
559 1028 791 1061 Tribonianum
812 1026 889 1057 adeo
913 1024 1005 1057 fuisse
1028 1025 1071 1056 in-

203 1077 310 1109 eptum
321 1092 332 1107 ,
355 1077 407 1109 ut,
429 1069 451 1101 fi
466 1070 657 1111 interpolare
672 1066 880 1100 constituisset
898 1065 1032 1098 nostram
1048 1066 1069 1097 l.

203 1115 255 1151 38.
263 1117 306 1150 pr.
331 1120 398 1142 eam
417 1120 480 1142 non
500 1110 714 1151 interpolasset
726 1119 765 1141 ex
776 1109 843 1149 jure
855 1107 1068 1147 novo,quod‚

202 1151 360 1183 diversum
378 1161 395 1182 a
415 1152 487 1192 Jure
503 1152 725 1184 Pandectarum
738 1174 747 1190 ,
770 1149 894 1181 obtinet
912 1149 943 1180 in
962 1147 1070 1189 sponsa

205 1191 404 1224 Provinciali
422 1202 463 1224 ex
483 1192 723 1225 Constitutione
741 1190 905 1229 Gratiani,
928 1189 1068 1221 Valenti-

202 1233 329 1265 niani&
346 1232 540 1273 Theodosii,
557 1243 647 1274 quam
669 1233 733 1273 ipse
747 1231 960 1264 Tribonianus
971 1253 980 1268 ,
999 1239 1068 1270 pio-

200 1274 287 1305 xime
302 1274 372 1315 post
394 1274 523 1306 Cl'ituiznn
541 1276 573 1305 de
596 1273 781 1314 Sponsalibus
798 1294 809 1310 ,
837 1271 929 1302 nobis
954 1279 1066 1311 reprae-

201 1314 304 1347 sentat
322 1316 353 1346 in
377 1316 397 1346 l.
419 1326 469 1348 un.
502 1316 533 1346 C.
561 1315 593 1346 Si
617 1314 724 1346 Refiior
747 1313 915 1345 Provinciae
930 1333 940 1349 ‚
963 1311 1010 1341 vel
1030 1312 1068 1341 ad

200 1367 264 1388 euni
283 1358 462 1396 pertinentes
476 1355 650 1398 sponsalitia
673 1356 815 1386 dederint.
860 1351 1067 1384 Constituunt

197 1397 244 1429 ibi
272 1397 478 1438 Imperatores
496 1421 505 1436 ,
538 1396 560 1428 fi
580 1395 698 1437 sponsae
722 1394 937 1428 Provinciales
963 1393 1067 1440 arrhas

198 1439 405 1479 acceperint,
435 1440 464 1470 ὃ(
487 1437 694 1479 poenituerint
712 1460 722 1476 ,
753 1444 789 1467 ut
811 1445 868 1466 non
890 1435 968 1466 modo
986 1444 1067 1476 Juris

199 1481 312 1521 laqueis
330 1481 488 1511 liberentur
503 1501 514 1517 ‚
542 1485 682 1521 poenaeqae
698 1476 816 1519 statutae
835 1482 965 1517 expertes
978 1475 1040 1516 fint
1053 1498 1063 1514 ,

191 1521 246 1563 sed
268 1520 444 1561 extrinsecus
467 1522 538 1552 data
553 1522 681 1562 pignora
702 1520 852 1551 lucrativa
872 1518 998 1549 habeant
1013 1540 1024 1556 ,
1037 1517 1066 1557 fi

199 1572 232 1593 ea
254 1571 310 1592 non
327 1567 433 1601 pictam
451 1561 503 1603 effe
523 1562 678 1593 reddenda.
715 1560 893 1592 Lucrantur
913 1559 956 1590 ibi
975 1557 1064 1600 spon-

198 1602 240 1635 sae
258 1602 474 1635 provinciales
491 1602 594 1634 arrhas
605 1603 645 1642 ,fi
660 1612 711 1634 eas
724 1602 858 1633 retinere
869 1609 979 1641 ,quam
997 1600 1051 1632 red

197 1644 269 1675 dere
287 1643 415 1683 malint,
434 1646 588 1685 abrogato
607 1644 649 1676 fic
664 1644 732 1684 jure
749 1643 812 1675 anti
838 1652 899 1681 uo,
922 1641 1007 1683 quod
1018 1641 1064 1672 est

195 1685 229 1717 in
252 1685 281 1716 d.
312 1685 331 1716 l.
357 1689 409 1726 138.
437 1692 483 1726 ρ’.
516 1695 585 1716 nam
613 1685 745 1717 omnino
761 1683 814 1715 fru
844 1693 877 1714 ra
893 1681 985 1722 sunt,
1009 1683 1062 1724 qui

196 1733 359 1766 utramque
373 1726 651 1768 jurisprudentiam
668 1725 790 1758 student
805 1733 1016 1765 componere,
1027 1733 1062 1755 ut

197 1767 346 1806 Cujacius
363 1768 392 1799 δε
417 1767 620 1801 Hotomanus
642 1767 728 1799 ditiis
757 1767 827 1797 locis
843 1788 855 1804 ‚
883 1766 913 1797 ἅ
929 1774 965 1796 ut
986 1765 1037 1797 alii
1051 1789 1060 1804 ,

196 1809 310 1849 quibus
334 1808 417 1839 reste
443 1809 570 1840 obviam
598 1809 659 1841 ivit
682 1808 815 1849 Jacobus
841 1805 1062 1838 Gothofredus

199 1851 357 1881 Coinsnent.
377 1849 415 1881 ad
437 1850 457 1881 l.
478 1860 526 1881 un.
550 1851 583 1882 C.
610 1850 742 1892 Theodos.
765 1849 798 1880 Si
821 1848 987 1881 Provincice
1003 1847 1063 1879 Re-

195 1891 255 1922 ftor
278 1891 338 1925 &a
385 1891 472 1923 Scire
494 1892 589 1932 igitur
607 1892 705 1923 velim
722 1914 731 1931 ‚
756 1900 811 1922 cur
830 1889 1062 1928 Tribonianus‚

194 1931 217 1964 fi
233 1931 306 1972 quid
321 1932 397 1963 novi
418 1933 521 1973 operis
538 1932 644 1964 moliri
659 1931 827 1969 voluiss'et,
849 1932 876 1961 d.
902 1930 923 1962 l.
942 1935 992 1972 38.
1014 1936 1062 1972 pr.

195 1982 259 2004 non
286 1973 520 2013 adtemperass'et
543 1975 570 2005 d.
596 1973 615 2005 l.
640 1975 731 2005 unicoe
747 1973 764 2005 ‘2
796 1973 838 2004 At
867 1971 960 2003 audio
980 1995 990 2010 ,
1013 1971 1063 2003 ad-

196 2015 385 2054 temperavit
412 2015 472 2056 legi
495 2024 527 2055 5.
564 2015 596 2047 C.
627 2016 661 2047 de
686 2014 816 2056 sponsal.
841 2013 913 2054 quia
936 2013 984 2053 jus
1007 2022 1063 2045 no-

195 2054 349 2092 vissimum
371 2057 516 2087 continet
532 2078 544 2095 ‚
572 2056 778 2097 posteriorem
802 2054 924 2087 seilicet
944 2053 1064 2086 Leonis

196 2095 227 2127 ὅ(
247 2095 406 2126 Anthemii
420 2095 708 2137 Constitutionem,
723 2107 794 2138 quae
803 2095 967 2137 abrogavit
974 2095 1062 2128 The-

196 2135 295 2167 odofii
319 2137 348 2167 α’.
369 2136 388 2168 l.
411 2139 538 2170 unicam.
583 2139 642 2170 Sed
664 2139 730 2171 noli
746 2138 871 2169 credere
887 2160 897 2176 ,
930 2136 951 2167 l.
974 2138 1064 2169 unica

196 2176 241 2208 est
261 2177 299 2208 de
317 2186 351 2208 ea
368 2176 488 2218 specie,
512 2189 570 2215 Qua
598 2180 705 2211 Rebior
726 2179 894 2211 Provincia
911 2201 922 2217 ,
956 2178 1005 2210 vel
1026 2177 1064 2208 ad

196 2228 260 2249 euin
276 2220 457 2258 pertinentes
469 2220 644 2260 sponsalitia
667 2222 800 2251 deflerim
816 2242 827 2259 ,
850 2221 880 2252 &
896 2220 928 2251 in
945 2228 982 2250 ea
1000 2218 1063 2260 spe-

195 2259 262 2298 cie,
287 2259 339 2290 ubi
354 2259 510 2300 potestas,
533 2269 567 2292 ut
587 2262 630 2292 ait
649 2261 849 2293 Theodosius
866 2284 876 2300 ‚
896 2256 986 2302 potest
1012 2258 1063 2300 effe

196 2300 336 2331 terribilis
351 2322 364 2338 ,
386 2302 437 2332 vel
459 2304 563 2333 minax
582 2303 690 2343 fervor
705 2325 717 2341 ,
739 2310 775 2333 ut
795 2302 828 2333 id
857 2301 975 2334 extulit
998 2301 1063 2342 ipse

194 2341 250 2373 illc
266 2340 466 2374 Theodosius
487 2344 518 2374 in
542 2344 563 2374 i.
589 2354 641 2375 un.
666 2345 698 2375 C.
732 2345 764 2375 Si
787 2352 929 2386 qziacimq.
946 2345 1060 2383 praedit.

192 2380 324 2428 potest-an
343 2384 402 2414 dcc.
429 2383 460 2415 in
476 2393 530 2423 ea,
552 2384 678 2426 inquam
690 2409 699 2425 ,
717 2384 840 2427 specie,
864 2383 974 2426 sponsa
986 2384 1061 2416 Pro-

194 2423 342 2468 vinciahs
359 2445 370 2461 ,
394 2423 416 2455 fi
438 2425 517 2456 velit
535 2449 545 2464 ‚
577 2426 717 2458 lucratur
738 2426 863 2464 arrhas,
890 2426 920 2457 ὃς
940 2435 975 2456 ea
998 2424 1062 2466 spe-

196 2473 260 2495 01es
276 2463 320 2494 est
345 2478 378 2492 κα
387 2466 413 2491 'u'
433 2466 453 2492 ‘n‘
477 2465 527 2497 sed
547 2476 625 2498 vero
647 2468 710 2508 l.5.
730 2466 804 2509 vers}
826 2477 884 2508 qaae
907 2468 951 2498 ita
977 2467 1009 2499 C.
1027 2467 1061 2498 de

185 2503 312 2545 sponsal.
339 2505 480 2545 loquitur
503 2511 628 2546 καθόλκ,
651 2509 681 2540 &
695 2509 798 2540 arrhas
815 2508 898 2539 reddi
914 2507 1061 2548 jubet,&

195 2544 395 2577 solummodo
422 2547 531 2588 reddi,
548 2548 576 2587 fi
596 2550 708 2592 legibus
730 2550 778 2580 vei
806 2547 1062 2589 Corzfiitutionibus

189 2586 329 2626 futurum
348 2589 565 2620 matrimonium
587 2589 717 2631 constare
736 2591 931 2630 prohibeatur.
978 2589 1061 2621 Haec

193 2627 339 2659 definitio
357 2630 509 2669 generalis
525 2629 588 2670 est,
612 2632 642 2662 δε
661 2633 799 2672 pertinet
814 2632 852 2663 ad
873 2640 981 2662 omnes
1004 2640 1060 2662 nu-

814 2720 1166 2757 CAPUT

1136 115 1752 159 BYNKERSHOEK

1116 204 1197 246 ptias
1213 226 1222 242 ‚
1245 201 1384 244 Legibus
1405 199 1458 231 vel
1476 196 1774 242 Constitutionibus
1791 196 1981 245 interdictas,

1117 254 1247 286 quarum
1265 243 1362 275 variae
1383 241 1413 274 ἄ
1435 241 1571 271 innum01
1587 249 1611 270 ae
1633 238 1702 269 sunt
1719 238 1834 279 1pecies
1850 261 1862 278 ,
1884 249 1917 272 ut
1933 251 1978 276 tu.

1117 286 1196 317 toris
1211 284 1263 317 vel
1282 282 1437 316 curatoris
1452 290 1524 312 cum
1545 279 1706 322 quondam
1721 288 1762 320 pu
1787 280 1840 311 illa
1861 283 1911 314 vel
1932 286 1978 318 ad-

1115 327 1199 366 ulta,
1223 325 1358 366 raptoris
1375 332 1449 354 curn
1463 329 1552 362 rapta
1575 345 1584 359 ‚
1611 321 1640 352 ἃ
1658 329 1726 361 quae
1743 329 1764 360 p
1779 329 1847 366 ures
1865 321 1934 356 sunt
1950 336 1978 358 e.

1114 368 1269 408 jusmodi,
1290 372 1440 406 excepta,
1464 363 1497 394 ni
1513 360 1615 394 fallor
1628 385 1637 400 ,
1660 371 1695 393 ea
1713 360 1813 402 specle
1829 384 1840 400 ‚
1865 363 1902 396 de
1923 376 1978 408 qua

1117 409 1169 441 lex
1188 407 1375 440 nominatim
1389 406 1450 446 jam
1470 410 1602 435 caverat
1617 425 1628 441 ,
1658 403 1706 441 dc,
1729 402 1771 433 ob
1792 411 1978 444 praegnanm

1117 450 1272 488 rationes,
1297 447 1429 489 speciale
1445 444 1519 487 quid
1539 444 1702 476 statuerat.
1747 443 1852 484 Atque
1867 446 1911 477 ita
1931 458 1979 481 va.

1116 491 1196 523 lebit
1218 492 1245 522 d.
1278 491 1299 522 l.
1320 499 1372 520 un.
1418 487 1451 519 Si
1471 484 1543 518 Rea
1553 495 1582 517 or
1613 485 1779 516 Provincia
1800 484 1862 520 &c.
1890 488 1978 525 etiam

1115 530 1186 573 post
1206 533 1234 564 d.
1256 532 1275 563 l.
1297 541 1327 572 5.
1355 531 1387 561 C.
1408 530 1441 560 de
1464 527 1596 569 Sponsas.
1623 525 1653 557 id
1672 526 1714 557 est
1731 549 1741 565 ,
1771 526 1803 557 in
1819 536 1912 560 omne
1932 538 1978 572 ge.

1115 583 1173 604 nus
1198 572 1316 613 nuptiis
1341 570 1510 611 prohibitis
1526 590 1537 607 ‚
1571 568 1592 600 si
1611 566 1719 608 sponsa
1735 567 1889 608 poeniteat
1905 593 1915 609 ,
1936 580 1978 604 ar.

1113 613 1193 652 rhas,
1203 623 1279 654 quas
1285 612 1421 652 accepit,
1429 610 1537 642 reddet
1551 608 1680 650 simplici
1686 617 1744 647 ter,
1750 616 1784 640 at
1793 607 1901 650 sponsa
1910 611 1979 645 Pro-

1113 654 1256 686 vincialis
1271 678 1281 693 ,
1307 653 1329 685 fi
1348 653 1391 684 ita
1410 652 1556 682 videatur
1574 673 1584 688 ,
1615 650 1710 680 etiam
1741 649 1916 683 lucrabitur
1935 663 1979 686 ar-

1112 695 1199 734 rhas,
1216 705 1284 736 quae
1300 693 1449 734 exceptio
1464 691 1508 723 est
1523 701 1543 723 a,
1558 691 1680 731 vulgari
1695 691 1810 731 regula.
1828 692 1982 738 Quinimo

1115 736 1136 768 si
1161 738 1311 777 abrogata
1331 735 1408 767 ess'et
1435 735 1464 765 d.
1485 734 1505 764 l.
1524 742 1578 764 tin.
1600 741 1656 773 per
1680 733 1708 764 d.
1730 733 1749 763 i.
1773 742 1804 773 5.
1831 743 1886 765 cur
1907 734 1987 770 Tria..

1114 777 1267 809 bonianus
1291 786 1357 808 eam
1385 774 1516 808 locasset
1545 783 1609 805 non
1634 773 1707 804 dico
1731 773 1763 805 in
1783 773 1884 807 Codice
1899 799 1909 816 ,
1931 776 1988 822 sed}

1115 818 1218 850 statim
1234 817 1303 859 post
1319 819 1421 859 legem
1442 814 1673 856 abrogantem?
1695 814 1764 855 quis
1785 814 1829 847 ita
1846 816 1927 856 Juris
1936 828 1989 853 ard

1116 867 1178 891 tem
1202 868 1372 900 componat
1387 858 1405 890 ‘3
1437 857 1467 889 &
1487 866 1528 888 no
1536 856 1636 887 vimus
1654 864 1813 896 receptam
1830 855 1951 901 Inter-pr

1116 909 1182 932 tum
1205 910 1337 940 vocem,
1358 899 1426 931 fere
1442 898 1562 939 ubique
1578 906 1685 928 veram
1700 921 1709 936 ,
1738 898 1893 938 generalia
1918 900 1936 932 s

1114 942 1245 973 cialibus
1265 951 1329 973 non
1346 941 1504 981 derogare.
1552 937 1679 970 Nititur
1697 938 1751 970 illa
1767 948 1834 971 vox
1851 941 1968 977 auctori

1115 991 1179 1014 tate
1198 982 1358 1024 Papiniani
1375 983 1406 1013 in
1430 982 1450 1012 i.
1476 984 1528 1025 80:
1545 979 1586 1021 ff.
1609 980 1642 1010 de
1665 978 1706 1011 R.
1731 979 1768 1021 J.
1791 980 1830 1012 In
1851 977 1993 1022 τοιορῃῆ

1113 1025 1203 1065 quit,
1219 1025 1285 1066 jure
1308 1024 1410 1066 generi
1427 1027 1481 1063 per
1491 1023 1623 1063 JJecienz
1643 1022 1801 1064 derogatur
1817 1045 1827 1061 ‚
1852 1021 1888 1058 &²
1907 1024 1989 1062 inu&

1107 1064 1279 1106 ponffinmnz
1301 1066 1421 1096 hahetur
1437 1086 1448 1101 ,
1468 1064 1541 1104 quod
1566 1063 1603 1094 ad
1620 1061 1751 1102 speciem
1770 1063 1909 1096 arretium
1928 1065 1981 1109 est.
1998 1087 1999 1090 =

1112 1106 1209 1147 quue
1235 1105 1297 1138 sive
1318 1105 1433 1147 species
1448 1114 1544 1145 genus
1572 1104 1728 1144 praecedat
1744 1128 1755 1143 ,
1788 1103 1852 1136 five
1874 1104 1981 1148 sequaa

1113 1156 1174 1179 tur.
1219 1146 1316 1193 Quod
1339 1147 1407 1178 fere
1429 1145 1584 1176 convenit
1605 1144 1658 1183 ei,
1684 1145 1770 1185 quod
1792 1145 1989 1186 Justinianus-

1111 1188 1256 1229 praecipit
1280 1188 1311 1219 in
1342 1187 1369 1229 ᾗ,
1395 1197 1441 1227 4..
1461 1185 1683 1226 Constirutz‘onis
1708 1185 1747 1217 Π.
1772 1188 1806 1218 cie
1830 1186 1997 1230 Justr‘nz‘a·1

1111 1239 1162 1260 neo
1187 1230 1288 1260 Codice
1309 1228 1502 1268 confirmando
1518 1249 1530 1265 ,
1550 1227 1692 1267 Legibus
1709 1236 1822 1269 nempe
1841 1228 1965 1271 speciali
1981 1237 1990 1247 ¹

1110 1270 1168 1301 bus
1183 1269 1362 1311 generales,
1387 1268 1588 1309 quantumvis
1605 1267 1794 1307 posteriores
1809 1293 1821 1309 ,
1844 1279 1908 1303 non
1929 1272 1983 1305 de:⁴

1111 1320 1231 1351 rogare.
1276 1310 1423 1342 Servavit
1442 1308 1538 1381 ἰὲἓωι·
1556 1307 1775 1341 Tribonianus
1791 1309 1840 1349 ius
1859 1333 1870 1349 ‚
1894 1314 1981 1352 quod,

1110 1351 1192 1383 inter
1210 1350 1431 1392 Magistratum
1502 1348 1643 1390 sponsam
1667 1348 1901 1384 Provincialem
1924 1354 1995 1386 oba

1111 1393 1190 1424 tinet
1208 1402 1247 1424 ex
1270 1394 1297 1423 d.
1320 1393 1339 1424 l.
1361 1402 1410 1424 un.
1436 1391 1466 1423 ἃ
1482 1389 1621 1422 servavit
1638 1397 1784 1431 tanquam
1802 1391 1851 1431 jus
1873 1395 1993 1428 novis⁴¹

1108 1433 1230 1466 fimum:
1263 1433 1405 1475 Cumque
1423 1432 1451 1463 ei
1470 1441 1534 1464 non
1552 1431 1708 1472 aptaverit
1724 1431 1862 1465 nostram
1885 1434 1907 1466 l.
1924 1429 1999 1478 38..''<

1103 1481 1151 1516 pr.
1176 1473 1346 1507 censendus
1363 1474 1408 1506 est
1431 1474 1462 1505 in
1479 1482 1515 1504 ea
1538 1473 1557 1504 l.
1582 1476 1635 1514 38.
1659 1481 1700 1504 ex
1722 1472 1822 1505 Paulo
1845 1475 1998 1516 exhibu-sffi

1107 1516 1162 1548 iss‘e
1178 1517 1227 1557 jus
1241 1524 1353 1556 vetus,
1379 1515 1464 1557 quod
1480 1515 1549 1555 J'ure
1569 1513 1793 1547 Pandectarum
1812 1515 1844 1548 in
1868 1515 1998 1572 sponsa}

1107 1557 1301 1591 Provinciali
1316 1557 1492 1589 obtinebat.

1150 1599 1198 1632 Ita
1212 1599 1384 1638 malumus,
1412 1607 1502 1640 quam
1522 1596 1571 1637 id,
1596 1597 1680 1638 quod
1694 1597 1811 1632 Paulus
1834 1599 1917 1633 dixit
1941 1602 1960 1635 d

1107 1640 1206 1672 arrhis
1227 1640 1388 1672 reddendis
1413 1641 1444 1671 in
1465 1641 1492 1670 α’.
1528 1640 1548 1670 l.
1573 1643 1624 1681 38.
1654 1645 1702 1680 pr.
1738 1640 1841 1674 intelli
1865 1652 1918 1674 ere
1940 1651 1983 1676 ae

1108 1681 1269 1724 supplere,
1293 1691 1334 1714 ex
1353 1690 1441 1713 more
1457 1679 1504 1712 sui
1525 1682 1677 1726 temporis
1692 1704 1702 1720 ,
1727 1688 1822 1724 atque
1852 1695 1862 1716 1
1880 1683 1963 1717 dixis

1108 1722 1153 1755 set
1169 1723 1207 1754 de
1220 1723 1317 1755 arrhis
1333 1721 1577 1765 quadruplicatis
1586 1743 1598 1759 ,
1622 1721 1684 1753 hoc
1704 1720 1751 1756 est
1766 1746 1777 1763 ,
1794 1724 1834 1756 de
1848 1724 1920 1767 ipsis
1933 1734 1969 1758 ar

1108 1764 1172 1796 rhis
1189 1764 1351 1796 reddendis
1367 1773 1439 1796 cum
1459 1762 1575 1803 triplo,
1596 1771 1668 1802 nam
1682 1764 1729 1797 ait
1743 1788 1754 1804 ,
1778 1766 1875 1798 arrhis
1890 1775 1983 1800 TAN-

1106 1814 1286 1837 TUMMooo
1309 1807 1451 1844 redditis,
1469 1814 1539 1845 quas
1558 1800 1731 1845 acceperut,
1775 1807 1837 1838 uod
1859 1817 1924 1840 non
1940 1808 2002 1850 lim,-

1105 1854 1158 1878 cet
1183 1847 1275 1878 aliter
1302 1846 1505 1886 intelligere,
1562 1854 1629 1876 uam
1649 1845 1687 1876 de
1713 1856 1763 1878 arr
1787 1848 1813 1879 is
1828 1847 1998 1890 simplici-³

1107 1888 1183 1926 bus,
1209 1888 1494 1929 quemadmodum,
1527 1896 1547 1917 u
1571 1886 1635 1918 ide
1656 1886 1789 1927 simplici
1816 1889 1996 1924 arrharum'

1107 1929 1284 1962 redditione
1302 1929 1403 1962 sermo
1421 1927 1466 1960 est
1482 1950 1493 1966 ,
1513 1927 1618 1959 eadem
1635 1926 1703 1959 fere
1716 1928 1867 1970 loquutio
1888 1930 1976 1963 adhi-

1108 1971 1200 2003 betur
1215 1971 1248 2004 in
1269 1972 1300 2003 d.
1322 1971 1342 2004 l.
1366 1980 1398 2012 5.
1421 1969 1495 2010 vers
1522 1969 1595 2017 Qcae
1616 1970 1661 2000 ita
1687 1970 1717 2000 C.
1744 1971 1778 2001 de
1799 1969 1930 2012 Sponsal.

1148 2012 1230 2044 Satis
1250 2012 1315 2044 dixi
1331 2012 1415 2054 quod
1430 2012 1467 2043 ad
1483 2019 1548 2042 rem
1564 2009 1677 2052 ipsam,
1699 2010 1740 2043 de
1757 2012 1883 2052 verbis,
1907 2022 1976 2060 quae

1107 2053 1244 2093 suspesta
1268 2053 1421 2085 habentur
1440 2075 1451 2091 ,
1481 2051 1560 2083 nihil
1577 2051 1657 2083 addo
1670 2074 1679 2090 ‚
1703 2060 1797 2095 quam
1814 2053 1894 2086 alios
1913 2063 1977 2094 Jam

1106 2093 1300 2133 observasse,
1315 2093 1453 2136 sponsare
1469 2093 1499 2124 ὅ(
1513 2091 1678 2134 desponsare
1696 2093 1810 2130 latine
1823 2095 1885 2126 dici
1902 2116 1914 2134 ,
1943 2095 1976 2128 δε

1105 2136 1146 2169 fic
1160 2134 1272 2168 dixisse
1288 2135 1459 2174 Auctores,
1482 2132 1635 2175 JCtorum
1653 2135 1798 2175 aequales.
1816 2135 1903 2168 Loca
1911 2145 1978 2171 non,

1105 2176 1267 2214 adscribo,
1307 2177 1356 2208 uia
1373 2175 1436 2218 ipsa
1454 2175 1574 2207 Lexica
1591 2174 1762 2215 exhibent,
1783 2177 1813 2209 &
1827 2177 1887 2208 alia
1898 2186 1976 2218 quo-

1106 2228 1167 2260 que
1178 2187 1444 2253 'habetchukerus
1460 2215 1564 2248 noster
1588 2217 1621 2247 cle
1633 2216 1766 2249 Latiniz.
1779 2217 1850 2250 Vet.
1864 2217 1974 2260 JCtor.

1101 2266 1134 2301 p.
1159 2270 1231 2299 402.
1277 2259 1384 2290 Arrhae
1400 2258 1495 2290 etiam
1518 2258 1639 2288 mentio
1657 2281 1667 2296 ‚
1699 2257 1750 2289 ubi
1770 2259 1809 2291 de
1829 2256 1977 2300 sponsali·

1107 2301 1164 2332 bus
1180 2301 1301 2342 agitur,
1326 2300 1396 2340 plus
1413 2299 1506 2331 semel
1522 2298 1604 2339 apud
1623 2299 1770 2340 antiquos
1784 2298 1851 2339 est,
1865 2307 1900 2332 ut
1917 2309 1974 2332 no·

1107 2342 1188 2373 tavit
1206 2341 1390 2374 Sti-auchius
1410 2340 1530 2381 Diffirt.
1560 2339 1692 2372 Theoret.
1712 2339 1808 2380 praet.
1833 2340 1873 2372 ΙΙ.
1895 2340 1923 2382 §.
1941 2345 1973 2375 8.

1105 2381 1333 2414 &Gronovius
1351 2381 1389 2413 ad
1409 2380 1550 2413 Gellium
1576 2380 1614 2412 L.
1628 2380 1734 2412 XVII.
1763 2382 1794 2413 C.
1808 2390 1836 2412 2.
1863 2381 1892 2413 ἀ
1925 2381 1974 2413 uis

1105 2423 1182 2456 aufit
1200 2423 1362 2462 dubitare,
1379 2432 1451 2454 cum
1468 2422 1531 2463 ipse
1548 2420 1751 2453 Hotomanus
1769 2421 1798 2453 ἃ
1822 2421 1876 2452 alii
1921 2431 1975 2454 en-

1106 2464 1189 2496 sores
1208 2464 1429 2496 Emblematici
1448 2462 1596 2499 Paulum,
1622 2469 1672 2492 tan
1697 2470 1766 2493 uam
1781 2471 1820 2493 ex
1832 2462 1901 2502 jure
1918 2472 1972 2494 ve-

1106 2505 1166 2537 teri
1186 2504 1306 2537 scilicet
1323 2528 1333 2544 ,
1359 2503 1551 2536 contendant
1569 2471 1716 2542 scripfiile
1735 2525 1747 2541 ,
1776 2507 1880 2534 arrhas
1919 2513 1971 2535 ua-

1103 2547 1284 2587 druplicatas
1298 2569 1308 2585 ,
1337 2555 1400 2577 non
1427 2553 1503 2575 vero
1519 2542 1674 2582 simplices
1690 2566 1699 2582 ,
1732 2542 1824 2576 fuiffe
1841 2544 1895 2576 red
1917 2553 1970 2576 en-

1103 2588 1156 2619 das
1171 2588 1188 2619 ?
1217 2587 1268 2619 Sic
1286 2611 1295 2627 ,
1327 2595 1362 2618 ut
1379 2584 1523 2627 opinioni
1542 2582 1602 2614 suae
1621 2583 1845 2626 velificentur,
1875 2585 1971 2618 etiarn

1103 2629 1274 2671 pugnantia
1289 2627 1441 2661 scribunt.

1263 2719 1406 2755 XVI.

307 2805 538 2845 Tribonianum
565 2820 625 2845 non
651 2808 782 2855 induzffe
805 2806 971 2855 personam
999 2807 1155 2843 Marcelli
1184 2807 1217 2841 in
1244 2806 1284 2841 L.
1316 2815 1372 2840 20.
1402 2803 1433 2853 §
1464 2817 1493 2842 1.
1521 2806 1559 2842 ff.
1588 2805 1632 2842 de
1657 2805 1851 2842 Donation.

190 2902 256 2982 Si
271 2903 354 2935 reste
373 2905 436 2938 hoc
452 2907 606 2939 emblema
621 2905 826 2944 refutavem,
855 2904 948 2936 etiam
968 2903 1058 2944 plura

270 2944 347 2984 alia,
371 2957 442 2988 quae
460 2948 596 2988 ejusdem
616 2955 703 2980 notae
721 2945 812 2986 sunt,
836 2946 902 2987 pari
933 2944 1057 2977 ratione

193 2992 285 3015 erunt
303 2985 448 3020 refutata,
494 2988 673 3020 Videamus.
697 2987 784 3019 Vivo
801 2987 946 3028 equidem
963 2984 1053 3016 testa-

194 3031 264 3070 tore
281 3026 475 3065 pactionibus
490 3029 570 3061 effici
588 3039 650 3062 non
667 3027 790 3070 potest,
815 3038 854 3060 ne
874 3028 963 3059 heres
987 3025 1053 3058 Fal-

193 3064 274 3095 cidia
289 3074 413 3111 utatur,
435 3077 469 3102 ut
486 3070 587 3108 palam
604 3070 714 3103 definit
732 3067 990 3111 Papinianusinl.
1004 3075 1053 3106 15.

194 3102 222 3143 ἓ·
252 3113 276 3135 1-
296 3106 334 3144 ff·
357 3111 394 3139 ad
416 3110 456 3142 L.
481 3111 596 3143 Falcid.
619 3119 747 3145 mortuo
767 3118 869 3142 autern
887 3108 1052 3147 testatore,

192 3152 229 3173 an
252 3146 362 3185 poffit,
388 3151 628 3185 controversum
652 3151 717 3183 fuit
739 3152 815 3183 olim
832 3152 912 3182 inter
930 3158 1053 3180 veteres

189 3180 286 3222 JCtos
302 3208 312 3224 2
347 3186 398 3220 sed
415 3191 621 3225 constitutum
639 3192 727 3235 poss'c
750 3202 767 3224 a
787 3190 958 3233 Justiniano
975 3191 1007 3224 in
1030 3190 1050 3222 l.

1099 2902 1152 2935 ult.
1180 2903 1211 2935 C.
1236 2902 1293 2934 eod.
1319 2900 1354 2934 In
1373 2902 1478 2934 eadem
1504 2901 1657 2936 sententia
1673 2901 1777 2934 fuerat
1804 2901 1866 2942 iam
1884 2901 1962 2935 olim

1099 2942 1252 2985 Ulpianus
1270 2944 1301 2975 in
1322 2944 1342 2975 l.
1367 2947 1419 2984 46.
1436 2944 1477 2986 ff.
1500 2944 1573 2976 Eod.
1595 2951 1631 2975 ut
1653 2942 1799 2975 observat
1818 2941 1962 2984 cujacius

1098 2985 1135 3016 ad
1156 2984 1278 3017 Novell.
1301 2983 1325 3016 Ι.
1350 2982 1419 3024 sed,
1444 2986 1488 3017 ait
1505 2986 1620 3017 ibidem
1636 3005 1648 3023 ,
1679 2983 1856 3016 Marcellus
1874 2981 1962 3056 zsor-fi-

1099 3031 1151 3057 tan
1175 3024 1328 3057 sententia
1347 3027 1492 3058 utebatur
1508 3026 1686 3064 contraria,
1706 3034 1766 3057 nec
1786 3024 1816 3057 in
1835 3026 1862 3057 h.
1888 3033 1947 3057 ‚20

1097 3066 1197 3107 legem
1223 3066 1348 3107 Papiam
1379 3065 1559 3100 secernebat
1584 3077 1601 3099 a
1629 3066 1698 3107 lege
1722 3065 1882 3106 Falcidia,
1904 3063 1966 3098 nist·

1096 3106 1311 3139 Tribonianus
1330 3129 1341 3145 ,
1366 3106 1422 3139 suo
1439 3108 1470 3140 se
1486 3107 1557 3140 satis
1576 3106 1716 3140 sermone
1757 3106 1869 3138 rodens
1882 3130 1892 3146 ,
1915 3105 1957 3137 al-

1096 3155 1192 3179 teram
1232 3155 1328 3179 artem
1349 3149 1377 3179 h.
1402 3150 1421 3180 l.
1449 3160 1497 3182 ρο.
1524 3158 1594 3190 quae
1614 3147 1658 3180 cst
1685 3148 1715 3179 in
1735 3116 1765 3188 ξ.
1791 3156 1817 3179 1.
1842 3147 1885 3179 ita
1905 3146 1958 3179 fin-

1254 3189 1291 3221 ad
1307 3188 1577 3223 Constitutionem
1592 3187 1754 3230 justiniani
1772 3188 1805 3221 in
1826 3189 1854 3220 d.
1871 3186 1956 3220 Ltdt.

1093 3189 1188 3234 xiffet
1912 3228 1917 3234 ⁸

1908 3237 1955 3260 m-
