2008 3436
269 118 344 155 Dr:
387 105 659 154 DoM1N1o
697 93 884 150 mms
929 112 1346 160 mssaRTATto,
1384 115 1422 151 e.
1453 118 1519 154 vi.
1550 114 1633 156 vii.
1785 122 1789 126 ‘

54 199 246 245 Negotiatio
261 199 417 232 maritima
433 197 531 229 multa
554 192 663 228 multis
690 192 855 235 impertit,
880 194 925 226 in-

54 245 125 286 quit
144 238 258 276 Cic‘ero
274 244 308 274 de
328 239 414 282 Offic.
441 239 511 271 Lib.
535 237 560 270 1.
585 237 616 269 δε
635 234 706 268 sane
723 245 785 267 non
798 245 925 282 u1iono5

53 286 139 318 mine
157 285 248 316 habet
264 293 300 315 ea
324 292 372 314 res
396 289 529 323 panem,
551 279 644 310 habet
660 277 774 319 dapes,
791 277 851 323 ⁴led
871 286 923 324 qm

51 327 98 360 ita
117 327 286 368 navigant,
309 331 344 356 ut
367 322 436 355 fere
465 320 535 355 sunt
560 327 690 357 omneS,
723 318 763 351 de
788 328 922 365 imperio

51 368 146 401 maris
163 377 272 408 parum
289 365 360 398 sunt
381 363 529 402 solliciti,
542 361 580 393 ad
594 359 731 407 quaestus
748 360 924 392 uberrimos

51 410 146 441 unice
162 409 299 440 animum
317 406 520 445 adpellentes.
545 401 619 434 Nec
635 401 923 448 mihicompcrtum

51 449 96 482 est
114 450 256 482 Venetos
269 449 329 481 alia
348 448 410 480 fine
427 446 589 487 navigare,
601 445 714 484 utique
732 453 796 475 non
814 453 922 475 memi-

49 491 81 525 ni
101 491 252 531 relatum,
277 497 456 532 perpetuam
473 495 529 518 eos
553 485 646 518 maris
679 483 723 516 sui
748 483 922 532 custodiam

42 527 198 565 ‘adhibere
221 532 273 564 vel
299 527 470 563 adbibuill'e
495 536 654 568 unquam,
680 535 752 559 nam
777 527 921 559 victoria:

47 574 197 612 navales,
219 574 258 605 de
273 572 388 614 quibus
402 569 508 602 sumus
532 569 654 607 locuti,
678 577 742 614 non
759 568 921 615 pertinent

46 615 104 649 nisi
129 615 166 646 ad
191 613 286 646 solam
303 612 568 659 occupationem,
593 611 623 642 &
640 619 690 656 ‘ne
711 610 742 642 id
766 610 917 658 quidem,

13 679 22 691 .
45 656 103 690 nisi
121 655 206 687 bello
221 655 304 696 justo
320 663 397 687 mari
414 653 592 695 potiamur,
616 661 647 683 vi
668 652 751 683 enim
773 651 919 692 injustali

45 697 125 732 alios
148 697 364 738 expellamus,
390 704 455 727 non
480 695 573 727 maris
592 693 717 725 dicendi
740 693 845 726 sumus
864 693 918 725 do-

44 738 145 778 mini,
172 737 223 770 sed
244 739 364 780 piratae.
633 778 639 784 ·
745 779 750 783 .
878 779 884 784 ⁴

85 780 160 812 Scio
182 780 300 820 Julium
318 779 448 812 Pacium
464 779 498 810 de
515 778 654 810 Dominio
674 787 764 809 maris
781 777 916 809 Hadria-

43 824 98 856 tici
113 822 272 862 aliosque,
320 822 349 853 ui
368 821 397 853 &
415 830 455 852 ex
477 819 618 862 profesto
636 820 666 851 δε
689 819 773 851 aliud
790 828 918 860 agentes

42 873 102 907 pro
117 863 276 895 maritimo
324 871 490 895 enetorum
510 862 642 901 imperio
659 861 755 892 verba
770 860 913 900 faciunt,

42 904 315 948 praescriptionem
340 904 426 946 longi
454 903 607 943 temporis
630 902 800 941 advocare,
824 903 915 943 cique

42 946 151 979 fulcro
166 948 250 988 large
267 946 368 979 inniti.
418 945 478 977 Sed
494 944 593 986 Hugo
611 942 744 975 Grotius
756 967 765 982 ,
792 945 821 975 δε
841 944 914 975 Vas-

43 990 136 1030 quius
161 986 279 1020 Grotio
303 986 541 1029 repraesentatus
568 987 638 1025 Cap.
664 984 734 1017 Vll.
762 984 913 1017 Marisli-

42 1031 104 1062 beri
120 1054 130 1069 ,
161 1029 363 1068 docuerunt,
399 1030 489 1069 longa
514 1026 701 1068 poffessione
721 1035 785 1058 non
813 1026 914 1067 quaeri

39 1072 174 1104 marium
189 1071 337 1102 dominia.
371 1070 414 1101 Et
430 1068 488 1110 qui
506 1067 610 1109 podest
624 1067 736 1099 modus
753 1068 914 1108 acquiren-

39 1113 92 1152 di,
117 1114 168 1154 qui
184 1112 338 1143 duntaxat
356 1110 402 1142 est
416 1120 432 1142 a
452 1110 525 1151 jure
543 1107 814 1147 Civiliffiiversos
825 1109 912 1140 Prin-

38 1154 127 1194 cipes
142 1153 283 1194 obligare
294 1153 311 1185 ¹?
335 1153 437 1184 utitur
456 1151 550 1183 etiam
568 1160 605 1182 ea
620 1151 745 1181 ratione
760 1148 914 1190 Grotius,

37 1194 91 1228 sed
105 1194 184 1226 bene
199 1194 261 1235 est,
286 1194 370 1236 quod
385 1193 508 1235 parcius
520 1217 528 1232 ‚
554 1192 627 1234 quia
643 1192 674 1223 id
691 1190 791 1233 ipsum
809 1191 914 1239 rursus

37 1235 190 1269 conceffit
209 1237 244 1268 de
260 1236 338 1278 Jure
357 1236 391 1267 B.
418 1234 454 1270 ὅ)
479 1234 517 1266 Ρ.
541 1234 611 1266 Lib.
639 1232 738 1280 Hac·
763 1243 794 1274 4.
820 1234 850 1265 δε
871 1242 914 1280 ita

38 1287 122 1311 nunc
139 1278 238 1319 vulgo
254 1280 377 1319 placet,
403 1279 424 1309 ii
445 1276 562 1315 admit,
588 1283 664 1316 quas
685 1275 740 1307 ille
779 1274 913 1321 erseqm-

37 1326 110 1359 tur,
136 1320 242 1352 taeitae
261 1318 495 1356 concessiones,
517 1317 650 1362 indicia,
675 1326 738 1357 pra:
757 1324 914 1349 unitiones

36 1361 162 1403 aliaque
189 1361 396 1400 adminicula,
421 1369 477 1402 per
499 1368 571 1400 quae
588 1359 653 1399 ipla
678 1358 798 1399 magis,
821 1367 913 1398 quam

35 1411 93 1444 per
116 1402 206 1443 longi
235 1402 388 1443 temporis
413 1400 577 1442 capionem
602 1407 769 1431 extraneos
784 1400 912 1432 excludi

35 1445 85 1484 jus
101 1442 211 1485 fasque
225 1443 309 1475 ess'et.
359 1443 401 1475 At
418 1451 518 1480 vero,
541 1451 595 1482 per
610 1451 661 1472 me
676 1441 770 1481 licet,
794 1449 911 1473 excute

35 1486 186 1527 quicquid
202 1485 248 1517 est
261 1494 367 1517 carum
382 1483 661 1525 praesumtionum,
673 1484 703 1514 &
722 1483 827 1524 siquid
836 1493 910 1516 con-

35 1527 165 1568 iecturis
179 1527 314 1559 dandum
324 1549 334 1565 ,
345 1526 479 1567 reperies
497 1523 651 1556 Gentium
669 1525 790 1556 animos
802 1525 908 1557 adver-

34 1569 88 1601 sus
104 1567 376 1610 praescriptionem
403 1567 496 1599 maris
516 1566 703 1598 omnimodo
723 1566 860 1599 militare
880 1567 910 1598 &

35 1609 118 1642 nihil
137 1610 247 1651 reliqui
264 1609 390 1648 facere,
412 1608 582 1649 quominus
602 1608 805 1639 voluntatem
825 1608 909 1640 suam

34 1651 130 1683 enixe
145 1652 322 1684 declarent:
349 1650 502 1683 testantur
518 1650 549 1680 id
568 1649 633 1681 afta
652 1649 846 1690 populorum
857 1660 910 1692 pu-

34 1692 143 1732 blica,
175 1692 306 1724 testatur
330 1693 474 1735 quotidie
502 1690 557 1723 suo
584 1691 716 1732 quisque
741 1693 909 1733 exemplo,

34 1733 128 1774 dum,
151 1734 237 1776 quod
251 1734 330 1766 alius
350 1744 434 1765 mare
460 1734 492 1765 in
512 1733 689 1764 dominium
708 1731 797 1764 suum
815 1742 911 1765 trans-

35 1774 144 1808 scribit
155 1799 164 1814 ,
176 1776 256 1808 alius
271 1785 310 1808 eo
326 1775 379 1807 vel
401 1776 506 1808 invito
525 1774 717 1816 ingrediatur
735 1774 765 1805 &
783 1775 912 1807 alterius

33 1816 268 1859 poss'effionem,
294 1817 316 1850 fi
333 1827 425 1857 quam
442 1817 637 1858 praetendat,
663 1816 815 1848 continua
824 1817 910 1848 navi-

35 1859 163 1907 gatione
181 1859 298 1891 turbet.
325 1858 423 1901 Quod
440 1868 505 1891 non
519 1867 559 1889 eo
573 1858 692 1889 dictum
712 1858 807 1889 velim
819 1882 828 1898 ,
854 1865 909 1898 ut,

34 1903 59 1933 11
75 1899 152 1941 iusta
175 1900 213 1933 fit
240 1900 384 1942 poffcffio
397 1925 405 1940 ‚
429 1901 499 1941 jure
518 1900 679 1945 turbatum
695 1898 878 1946 ⁸existimem
899 1905 912 1938 ,‘

36 1940 90 1975 sed
103 1951 167 1984 quo
182 1943 313 1983 probem
331 1943 432 1975 aliena
448 1941 521 1974 hinc
530 1940 593 1972 esse
607 1941 738 1980 indicia,
764 1943 908 1982 praelum-

36 1984 157 2022 fiones,
180 1983 531 2025 conjectui-asflquibus
553 1983 674 2024 placuit
697 1982 908 2030 praescriptio-

35 2034 108 2057 nem
123 2025 188 2057 dari
205 2025 286 2060 inter
301 2025 444 2058 distincta
461 2025 600 2056 invicem
616 2023 760 2064 Imperia.
795 2023 918 2098 quini--

35 2074 91 2098 mo
117 2066 139 2099 fx
164 2076 204 2099 ex
227 2067 332 2099 edicto
359 2066 509 2099 Praetoris
536 2066 606 2098 haec
629 2065 765 2098 finienda
788 2069 817 2099 el
831 2067 906 2106 ent,

37 2114 161 2139 tantum
177 2108 263 2140 abest
276 2119 317 2140 ex
333 2108 438 2141 nostra
455 2108 629 2146 sent-entia,
653 2113 689 2139 ut
704 2107 800 2139 alicui
821 2108 908 2140 Prin-

39 2148 104 2190 cipi
130 2149 343 2190 poffcffionem
372 2150 465 2182 maris
491 2150 699 2187 continuam,
726 2149 756 2181 &
779 2159 850 2191 quae
870 2150 908 2181 ad

33 2188 305 2232 praescriptionem
331 2191 404 2223 satis
424 2191 489 2230 est,
514 2191 702 2233 largiamur,
727 2191 775 2222 uti
797 2198 909 2223 contra

35 2241 53 2263 a
67 2230 160 2264 nobis
184 2232 302 2264 dietum
330 2233 361 2265 ὅ(
377 2233 504 2264 όοξὶυιῃ
527 2232 585 2272 fit,
611 2242 652 2264 ne
670 2232 798 2274 quidem
815 2233 909 2264 hodie

34 2282 221 2314 quemquam
244 2283 328 2305 mare
348 2273 591 2315 aliquodvideri
607 2273 759 2315 poffidere
771 2297 782 2313 ,
804 2275 909 2306 multo

35 2323 142 2346 autem
164 2315 268 2347 minus
289 2314 453 2356 possedisse
478 2324 517 2346 eo
543 2323 707 2357 tempore,
730 2316 820 2357 cujus
845 2325 909 2348 non

36 2354 173 2387 exstaret
198 2357 368 2389 memoria:
393 2357 424 2388 ἃ
449 2364 553 2388 tamen
576 2357 810 2398 pofl'effionem‚
843 2358 909 2390 lon-

36 2406 158 2438 gaevarn
175 2397 274 2437 adeo,
299 2399 344 2430 illi
364 2397 418 2439 ipsi
434 2397 628 2437 desiderant,
651 2399 704 2440 qui
717 2399 778 2430 hoc
795 2399 908 2440 iniqui-

36 2437 110 2470 tatis
127 2439 271 2480 praelidio
289 2440 526 2481 potentioribus
546 2440 720 2472 adulantur.
747 2439 907 2474 Caeterum

17 2486 75 2511 'ne
97 2480 186 2521 plura
211 2481 341 2519 addam,
366 2479 500 2512 Grotius
527 2481 557 2513 δι
584 2481 740 2524 Vasquius
765 2481 797 2513 in
817 2482 908 2514 causa

35 2518 123 2562 sunt,
134 2531 269 2564 namque
285 2522 421 2555 bimaris
440 2521 663 2564 usucapionem
679 2522 907 2557 submoverunt

642 2623 999 2662 CAPUT

1778 130 1845 167 133

970 194 1016 226 eis
1031 193 1225 234 rationibus,
1251 205 1326 237 quas
1342 204 1424 228 meas
1441 197 1545 231 facere
1559 209 1623 232 non
1639 199 1801 240 dubitem,
1825 200 1847 234 st

968 236 1091 276 demas,
1117 245 1187 277 qua:
1208 237 1263 278 ipfi
1281 237 1368 278 ajunt
1384 238 1422 269 dc
1447 248 1556 272 natura
1573 243 1666 274 maris
1680 243 1842 284 praescrip-

969 278 1050 309 tioni
1074 277 1228 318 adversa,
1264 287 1379 320 utpote
1403 289 1436 311 re
1462 284 1623 314 communi
1652 293 1693 316 ex
1721 285 1844 326 legibus

966 317 1100 351 Naturae
1125 320 1155 351 δε
1183 318 1356 360 Gentium,
1383 321 1413 353 δε
1441 332 1512 363 quae
1539 324 1644 355 necin
1669 326 1759 357 bonis
1778 325 1841 357 csse

967 360 1094 402 pollet,
1118 370 1178 392 nec
1201 362 1368 403 poffidcri,
1392 371 1450 395 nec
1480 364 1563 404 quasi
1590 366 1755 405 pollitici-i,
1781 377 1843 398 nec

967 402 1119 475 {lienarfr
1146 403 1176 434 δε
1204 412 1339 443 caetcra,
1363 404 1401 436 de
1427 405 1540 446 quibus
1568 407 1713 439 nonnihil
1738 409 1842 441 dicam

993 450 1039 484 ap.
1064 455 1081 476 u
1097 450 1118 476 t.

1007 485 1059 518 De
1075 484 1292 519 Genuensibus
1315 488 1424 520 eadem
1440 487 1508 520 fere
1524 489 1606 522 dicta
1626 489 1718 522 sunto
1732 513 1741 529 ,
1766 501 1840 524 cum

964 536 1024 568 pro
1041 537 1150 559 eorum
1167 528 1258 560 causa
1273 530 1381 562 eadem
1407 529 1476 562 fere
1491 531 1609 563 dixerit
1629 532 1740 564 Petrus
1762 532 1841 573 Bap-

965 569 1037 601 tista
1053 570 1175 611 Burgus
1193 570 1274 602 libro
1292 573 1326 603 (le
1344 572 1482 604 Dominio
1496 572 1681 615 Seremffiinae
1701 574 1840 605 Genucii-

958 609 999 649 fis
1016 611 1197 652 Reipublicae
1213 613 1244 643 in
1262 615 1339 645 mari
1354 612 1520 656 Ligustico.
1545 615 1649 661 Quam
1667 615 1840 656 praeclare,

962 653 1057 684 etiam
1079 661 1191 685 contra
1216 653 1299 694 ipsos
1326 656 1489 695 Venetos,
1516 666 1580 688 rem
1608 657 1756 698 gesserint
1780 666 1839 697 pro

961 694 1096 735 imperio
1116 696 1229 732 maris,
1257 697 1430 737 loquuntur
1448 699 1592 737 annales3
1621 699 1668 730 sed
1689 708 1772 730 mare
1787 698 1836 730 Li-

961 735 1116 777 gusticum
1127 759 1138 775 ,
1162 737 1246 777 quod
1255 740 1343 779 saum
1359 740 1536 780 appellant,
1553 750 1589 772 ac
1605 740 1625 772 si
1643 740 1722 772 libra
1737 739 1838 771 ess'ent

960 778 1090 809 mercati
1116 779 1146 809 δε
1169 788 1245 818 aere,
1273 780 1463 819 pollidezmt,
1489 792 1549 813 nce
1572 792 1628 822 nc,
1664 782 1837 814 vidend-„im

961 822 1017 850 eir.
1065 819 1107 851 Et
1131 818 1202 851 sane
1225 821 1376 860 pollidere
1399 823 1566 863 videntur,
1590 824 1611 856 si
1638 833 1748 856 verum
1767 822 1835 862 cst,

963 861 1048 902 quod
1073 870 1177 893 rerum
1201 862 1412 896 Genuenfiuni
1438 865 1616 906 Scriptores
1632 873 1773 905 narrant,
1799 864 1838 896 ad

963 903 1095 934 tutelam
1113 903 1206 935 maris
1223 904 1374 946 Ligustici
1393 906 1505 937 habere
1531 916 1585 939 cos
1604 907 1730 939 clall'cm
1747 907 1838 938 trire-

961 944 1060 976 mium
1084 952 1266 986 perpetuam
1282 969 1293 985 ,
1324 957 1383 988 qua
1407 948 1560 980 Barbaros
1583 959 1623 981 cx
1651 949 1778 987 Africa,
1806 949 1838 982 δε

958 995 1038 1026 quos
1056 987 1180 1027 placet,
1199 988 1279 1020 alios
1299 997 1444 1028 arceant,
1464 990 1556 1031 seque
1572 990 1700 1032 suasque
1719 990 1835 1022 insulas

959 1034 1126 1066 tucantur,
1150 1037 1184 1059 re
1202 1028 1243 1060 fic
1265 1039 1445 1071 comparata
1460 1031 1496 1062 ad
1522 1033 1703 1074 exennium
1720 1032 1835 1064 Roma-

957 1078 1069 1100 norum
1090 1069 1121 1100 in
1138 1076 1209 1101 toto
1224 1071 1474 1104 Mediterraneo.
1499 1073 1622 1105 Bonum
1639 1073 1756 1105 factum
1771 1074 1776 1105 Ι
1804 1074 1837 1106 δε

959 1109 1014 1142 nifi
1029 1109 1183 1142 remiserit
1202 1112 1257 1143 illa
1273 1113 1420 1154 gnavitas
1443 1115 1473 1146 <Sc
1490 1113 1625 1146 studium
1641 1114 1813 1156 postidendi
1825 1137 1836 1154 ,

958 1150 1028 1183 fere
1045 1151 1109 1191 est,
1137 1160 1171 1183 ut
1186 1152 1354 1193 januenses
1371 1155 1465 1187 maris
1481 1155 1633 1197 Ligustici
1653 1157 1838 1189 renunciem

958 1193 1126 1233 dominos,
1153 1195 1184 1226 δι
1198 1204 1318 1227 mutem
1336 1195 1544 1238 sententiam,
1567 1208 1626 1240 qua
1645 1198 1767 1230 nullum
1778 1198 1836 1230 11οκ

957 1235 1009 1266 die
1024 1244 1108 1267 mare
1126 1235 1259 1278 imperio
1277 1239 1377 1271 teneri
1394 1240 1543 1272 dixeram.
1591 1241 1650 1273 Sed
1671 1240 1725 1272 illa
1743 1240 1832 1271 trire-

957 1276 1056 1309 mium
1082 1276 1176 1309 statio
1202 1278 1256 1310 ubi
1283 1280 1314 1312 ἃ
1340 1290 1378 1312 an
1405 1279 1528 1323 semper
1549 1283 1706 1322 excubet,
1731 1281 1834 1313 refert:

956 1319 1147 1360 plurimum,
1171 1329 1243 1352 nam
1262 1321 1282 1353 fi
1302 1321 1333 1354 in
1352 1322 1428 1354 attis
1452 1323 1482 1355 ἃ
1502 1324 1658 1365 portubus
1676 1322 1831 1355 ea'serve-

958 1368 1008 1391 tur
1032 1361 1134 1392 minus
1159 1361 1327 1402 instructa,
1351 1373 1482 1403 vereor,
1507 1374 1542 1397 ut
1568 1364 1724 1398 remiserit
1743 1365 1834 1406 poffi-

956 1402 1049 1434 dendi
1067 1405 1240 1436 accuratio.
1286 1405 1391 1446 Atque
1416 1407 1460 1438 ita
1477 1404 1507 1438 se
1532 1418 1616 1440 nunc
1634 1416 1700 1440 rem
1716 1407 1831 1438 habere

954 1444 1076 1476 idoneis
1099 1445 1279 1478 auctoribus
1305 1447 1450 1480 intellexi
1472 1458 1481 1486 3
1515 1449 1632 1482 habent
1657 1450 1800 1482 triremes
1819 1464 1832 1488 ,

954 1485 1007 1518 sed
1022 1486 1128 1525 domi,
1153 1496 1218 1519 non
1236 1488 1269 1520 in
1288 1487 1452 1530 Ligustico
1464 1512 1476 1529 ,
1500 1500 1616 1523 caetera
1630 1501 1681 1524 eas
1702 1500 1766 1522 non
1785 1501 1832 1523 ar-

953 1536 1058 1567 mant,
1084 1527 1139 1560 nisi
1162 1537 1180 1559 e
1197 1538 1230 1560 re
1250 1529 1378 1571 publica
1396 1531 1459 1563 esse
1484 1533 1628 1565 videatur
1647 1542 1732 1565 mare
1752 1543 1769 1564 a
1784 1533 1833 1565 vi-

954 1570 1033 1601 cinis
1053 1568 1138 1616 Afris
1146 1579 1297 1612 purgare,
1309 1573 1361 1604 vel
1376 1572 1398 1605 fi
1415 1573 1491 1615 quid
1506 1574 1555 1606 his
1572 1575 1618 1607 est
1635 1575 1744 1607 simile.
1770 1574 1832 1606 Sed

954 1622 1014 1644 nec
1030 1611 1121 1643 aliter
1138 1612 1253 1644 Veneti
1270 1613 1441 1646 instituunt
1453 1640 1462 1655 ,
1481 1626 1540 1647 nec
1558 1616 1713 1649 Pontifex
1732 1617 1830 1648 maxi-

954 1663 1046 1692 mus,
1080 1652 1301 1686 infestantibus
1324 1665 1409 1687 mare
1435 1658 1563 1698 piratis,
1596 1668 1700 1700 neque
1725 1665 1832 1691 tamen

955 1702 1123 1737 propterea
1140 1695 1237 1727 velim
1258 1697 1351 1728 maris
1369 1697 1475 1730 audire
1492 1699 1659 1738 dominos,
1683 1710 1747 1731 non
1759 1709 1832 1740 qua-

956 1737 1122 1777 liscunque
1135 1738 1299 1779 navigatio
1316 1739 1353 1770 ad
1367 1739 1586 1780 poffeffionem
1609 1740 1725 1773 sufficit
1735 1764 1746 1780 ‚
1770 1751 1830 1773 nec

955 1778 1182 1819 qualiscunque
1201 1778 1345 1820 poss‘effio
1361 1781 1399 1812 ad
1415 1782 1590 1814 dominium
1602 1793 1611 1821 ς
1622 1783 1689 1814 hacc
1700 1793 1756 1814 eur
1765 1793 1831 1815 non

954 1817 1107 1860 sufficiat,
1118 1820 1191 1852 satis
1211 1822 1240 1853 ἃ
1258 1820 1349 1864 super
1366 1832 1407 1854 ex
1422 1824 1675 1865 praecedentibus
1687 1825 1831 1858 intellec—

955 1868 1023 1893 tum
1040 1860 1093 1893 est.
1203 1865 1205 1870 ⁴

995 1903 1079 1935 Cum
1095 1914 1173 1936 vero
1190 1905 1273 1937 ultra
1297 1905 1488 1948 potestatem
1508 1914 1598 1940 terrae
1615 1908 1709 1940 maris
1731 1909 1830 1949 impe-

953 1945 1034 1977 rium
1052 1955 1117 1977 non
1134 1947 1324 1980 extendatur
1338 1972 1347 1987 ,
1373 1949 1428 1981 nifi
1448 1950 1619 1991 occupatio
1637 1950 1667 1981 &
1682 1950 1828 1990 poll'effio

951 1987 1099 2027 accedat,
1124 1987 1223 2019 facile
1243 1989 1389 2029 dabitur,
1405 1990 1528 2031 ⁴injuria
1554 1990 1750 2023 Francorum
1767 1991 1829 2023 Re-

952 2037 1023 2070 gem
1050 2028 1217 2070 imperium
1243 2029 1298 2062 fibi
1324 2041 1469 2073 arrogare
1489 2033 1519 2064 in
1541 2033 1619 2064 mari
1637 2033 1828 2065 Mediterra-

952 2079 1032 2109 neo,
1065 2080 1129 2112 quo
1153 2071 1192 2103 de
1216 2081 1298 2104 anno
1328 2081 1490 2105 MIOCLVII
1514 2074 1597 2106 inter
1622 2073 1828 2107 Ludovicum

951 2111 1042 2144 XIV.
1068 2121 1152 2144 nunc
1169 2112 1194 2144 F
1196 2114 1312 2145 ranciae
1331 2113 1470 2156 Regem,
1498 2115 1528 2147 ὃς
1554 2114 1704 2148 foederati
1725 2116 1828 2158 Belgii

952 2153 1088 2185 Ordines
1103 2153 1221 2196 aliquid
1246 2155 1349 2187 astum
1367 2155 1434 2195 est,
1459 2157 1514 2189 ille
1533 2156 1621 2189 suum
1636 2156 1698 2188 effe
1718 2157 1749 2189 id
1763 2167 1828 2189 ma-

951 2204 1004 2234 re,
1029 2194 1142 2227 horum
1160 2197 1280 2237 legatus
1297 2207 1467 2230 commune
1492 2199 1634 2231 omnium
1654 2197 1827 2231 adferebat,

952 2236 1014 2268 Sed
1030 2236 1172 2277 constat,
1197 2239 1355 2271 tantulum
1380 2247 1491 2278 terrae,
1515 2249 1667 2282 quantum
1687 2240 1724 2272 ad
1744 2250 1830 2272 mare

953 2278 1226 2311 Mediterraneum
1253 2280 1365 2312 Franci
1387 2281 1564 2322 poffident,
1586 2282 1717 2314 minime
1735 2283 1764 2313 ei
1783 2281 1830 2313 rei

952 2317 1112 2359 sufficere,
1127 2330 1230 2362 neque
1246 2329 1367 2354 tantum
1383 2323 1512 2355 navium
1530 2323 1593 2355 effe
1604 2334 1622 2362 ,'
1633 2330 1784 2364 quantum
1794 2323 1827 2354 ei

951 2361 1029 2392 mari
1052 2363 1240 2404 occupando
1266 2364 1296 2396 &
1318 2364 1498 2405 poffidendo
1522 2364 1568 2396 est
1583 2365 1673 2404 satis,
1700 2374 1822 2405 neque,

951 2401 973 2433 fi
997 2402 1098 2443 esset,
1123 2403 1327 2444 profuturum
1353 2406 1385 2437 in
1411 2406 1632 2447 praejudicium
1658 2406 1792 2437 aliorum
1812 2422 1825 2444 ,

951 2443 1005 2484 qui
1021 2445 1116 2476 etiam
1135 2445 1285 2477 latissime
1303 2446 1341 2477 ad
1358 2447 1389 2477 id
1409 2455 1494 2478 mare
1510 2447 1685 2488 poffldent,
1711 2446 1741 2478 ὃς
1759 2446 1826 2487 chs

951 2494 992 2516 ex
1013 2493 1094 2517 terra
1110 2495 1169 2528 pro
1186 2494 1276 2527 parte
1292 2487 1414 2520 domini
1432 2486 1514 2521 sunt.

1098 2620 1212 2663 VII.

117 2708 172 2744 An
196 2721 257 2755 qua
281 2712 386 2746 maria
406 2715 544 2758 pareant
570 2711 685 2759 Belgis
699 2711 906 2759 federatis?
938 2715 972 2749 in
998 2713 1088 2760 vasto
1115 2717 1244 2752 Oceano
1269 2718 1356 2754 nihil
1378 2719 1523 2764 cuiquam
1548 2716 1608 2765 ff
1627 2718 1739 2764 jum,

694 2761 756 2808 nifi
779 2771 909 2810 propter
933 2767 1161 2801 continentem.

132 2865 175 2888 on
191 2855 256 2888 sum
268 2856 338 2898 ‚qui
355 2858 488 2890 mentiar
503 2859 535 2891 in
546 2861 678 2902 gratiam
687 2859 802 2893 Gentis
813 2871 903 2894 mete.

148 2897 216 2929 Diu
231 2897 275 2929 est
286 2921 296 2937 ,
319 2907 361 2930 ex
377 2907 441 2939 quo
457 2900 562 2942 Belgae
584 2903 688 2943 gloria
704 2903 807 2934 navali
825 2913 904 2945 prae-

37 2940 185 2973 stiterunt
193 2961 204 2978 ,
220 2938 272 2970 sed
288 2948 372 2970 mare
388 2947 532 2972 exterum
547 2943 719 2984 poffidere,
734 2944 788 2976 vel
799 2945 904 2978 animo

36 2980 155 3013 domini
164 2979 334 3026 'poffediss‘e
351 2989 505 3027 unquam,
529 2992 593 3016 non
609 2985 738 3018 memini
755 2995 807 3017 me
822 2987 904 3028 lege-

36 3031 82 3054 re.
106 3021 194 3064 Qum
211 3029 332 3054 tantum
351 3021 414 3053 illis
430 3022 587 3056 modestiae
604 3025 669 3064 est,
692 3034 729 3058 ut
745 3026 802 3058 usu
812 3028 905 3060 maris

38 3063 71 3095 ἃ
84 3061 191 3094 fructu
205 3065 368 3102 contenti,
382 3072 443 3095 nec
455 3063 631 3098 dominium
647 3067 699 3099 fibi
717 3067 905 3108 adsciscant,

35 3107 98 3136 iiee
121 3103 190 3135 aliis
207 3103 389 3142 invideant,
411 3104 465 3145 qui
490 3104 554 3137 sola
577 3108 740 3141 nominum
762 3109 905 3152 superbia

36 3144 239 3177 delestanturi
283 3145 428 3178 Maribus
452 3153 555 3179 tamen
577 3147 730 3191 fretisque
749 3152 905 3191 proximis

35 3185 158 3227 semper
178 3185 393 3227 imperarunt3
417 3187 517 3229 adque
541 3187 624 3221 hunc
650 3191 778 3223 modum
803 3193 904 3235 Belgii

37 3226 116 3261 olim
132 3226 292 3269 Principes
309 3228 404 3268 mari,
429 3229 515 3270 quod
537 3230 635 3272 vulgo
651 3229 792 3272 Australe
808 3244 903 3267 voca-

947 2866 1033 2902 mus,
1059 2863 1212 2896 dominati
1237 2865 1416 2904 videntur,
1440 2872 1556 2906 utpote
1578 2864 1663 2905 quod
1689 2864 1821 2898 circum

946 2905 1030 2946 jecto
1044 2905 1245 2946 undiquaque
1260 2907 1292 2938 in
1309 2906 1417 2938 insulis
1436 2907 1466 2938 &
1482 2906 1668 2938 continente
1683 2906 1819 2947 imperio

949 2946 1256 2987 complectebantun
1278 2947 1383 2991 Quam
1399 2947 1431 2978 in
1442 2957 1507 2979 rem
1519 2947 1621 2978 notari
1635 2947 1741 2990 potest
1749 2948 1821 2980 Phi-

947 2987 1026 3029 lippi
1044 2987 1204 3028 Burgundi
1220 2989 1422 3029 privilegium
1434 3012 1444 3027 ,
1463 2997 1527 3029 quo
1544 2997 1625 3019 anno
1641 2998 1822 3022 mccech

952 3032 1001 3061 16.
1026 3029 1111 3071 Maji
1133 3027 1485 3061 Amsterdammenfibus
1508 3028 1659 3061 conceffit
1685 3030 1822 3072 aliquam

948 3071 1115 3111 pecuniam
1130 3070 1258 3111 exigere
1275 3070 1314 3101 ab
1332 3070 1401 3109 his,
1425 3071 1478 3112 qui
1505 3079 1560 3111 per
1580 3070 1609 3102 id
1629 3080 1713 3102 mare
1730 3071 1821 3103 adve-

949 3112 1061 3149 niunt,
1084 3111 1197 3150 Phari,
1220 3111 1375 3142 luminum
1401 3111 1431 3143 ὅ(
1457 3111 1647 3143 indiciorum
1672 3113 1825 3152 nomine,

949 3162 1018 3193 quae
1035 3151 1349 3184 Amsterdammenses
1365 3152 1398 3184 in
1413 3152 1538 3184 comari
1557 3152 1822 3195 habebantzquod

947 3193 1061 3225 deinde
1078 3193 1136 3231 iis,
1158 3193 1231 3234 quia
1255 3200 1365 3225 contra
1389 3193 1571 3236 Philippum
1588 3194 1629 3227 11.
1654 3195 1819 3236 Hispania-
1867 3207 1872 3211 ’

947 3244 1018 3267 rum
1034 3235 1156 3307 {egem
1173 3244 1256 3267 arma
1280 3244 1392 3276 capere
1417 3235 1589 3277 nolebant,
1611 3237 1792 3306 ademptulm
1808 3259 1818 3273 ,

1096 3285 1116 3317 3
1758 3287 1821 3309 aas
