2008 3436
426 106 827 144 CORNELII

165 189 208 220 est
238 187 411 220 Haloandri
428 213 436 227 ,
470 198 562 229 quam
583 188 613 220 d:
636 187 674 219 ab
692 187 761 218 aliis
779 187 874 217 video
890 186 1032 218 exhiberi

167 231 198 261 ἀ
215 229 347 261 laudari:
377 231 425 271 qui
445 235 591 270 praeerant
609 253 618 268 ,
649 230 775 263 nucerium
795 238 904 269 genera
924 229 1031 270 agendi

166 270 385 311 coiripzfiaerzmt.
430 272 490 303 Sed
504 271 540 302 ad
553 265 724 302 Pontifices
742 268 932 307 tranfertur,
946 269 1031 309 quod

164 312 263 342 Sexto
279 312 367 344 AElio
386 312 517 344 debetur
536 335 545 350 ,
580 312 609 342 oc
626 311 675 342 vis
692 311 791 350 major
806 310 842 341 iit
854 333 863 347 ,
890 310 941 340 ubi
965 319 1030 340 non

164 360 304 393 oportet.
350 352 421 385 Nec
436 353 530 384 video
546 352 730 384 sententiam
752 350 922 394 116116ξ13111
939 374 948 388 ,
974 350 1031 382 nisi

164 394 260 424 etiam
277 394 336 426 alia
352 395 502 426 addantur
521 394 573 425 vel
589 393 761 424 deleantur.
795 392 829 423 ln
849 392 948 422 Libro
960 401 1031 421 ineo

164 434 239 466 Ms.
268 435 383 476 absque
410 435 526 467 Giossis
542 457 552 472 ,
586 435 630 465 ita
661 433 790 473 legitur:
826 434 894 473 qnia
913 434 1032 462 clem-ani

165 477 293 511 quiedam
307 486 415 519 genem
433 478 541 516 agend!
551 498 562 513 ,
591 476 802 513 compo-frustrum
820 483 830 509 ,-
862 473 891 504 ὅ(
907 472 947 504 sic
967 481 1031 503 rur-

163 514 214 548 sus
238 516 305 548 haec
329 518 366 548 ad
383 517 555 549 Pontifices
576 515 774 551 reseruntur,
795 514 825 544 ὅ(
840 512 1032 553 distinguun-

165 566 217 588 tur
233 558 270 589 ab
290 558 569 597 attionibus,q2.1as
585 558 700 588 Sextus
718 554 821 585 AElius
839 552 1028 595 composuit.

166 597 216 631 sed
234 599 320 631 nulla
336 599 396 638 est,
423 608 491 640 quae
512 598 542 628 id
561 597 668 636 jubet,
692 595 861 626 neceffitas.

479 680 531 710 Aa
576 678 603 720 ς.
629 677 716 710 vm.

898 115 1007 142 VAN

172 114 239 148 312

208 763 413 805 Ersecederet.
460 762 602 794 Omnino
612 761 754 803 loquitur
769 761 807 793 de
824 761 917 793 tertia
932 759 1029 792 seces—

162 804 247 837 sione
261 806 293 836 in
308 804 501 845 Janiculum,
526 803 644 836 &inde
662 804 725 835 lata
751 802 940 841 Hortenlia,
968 811 1029 843 qua

163 845 407 878 Plebiscitorum
426 845 614 882 studiositas,
637 853 709 876 ante
723 844 774 875 vel
798 845 901 875 minus
920 843 1031 884 plena,

163 888 216 919 vel
234 894 322 919 certe
339 887 568 924 intermortua,
594 886 687 926 plene
704 884 893 923 constituta,
915 883 1029 916 confir-

162 936 265 968 mata,
295 937 390 969 atque
413 928 509 959 etiam
529 927 560 959 in
584 926 743 968 posterum
766 925 931 958 observata
954 924 1029 957 fuit.

160 969 356 1010 Pomponius
367 991 378 1008 ,
403 968 593 1010 compendio
612 967 705 1005 usus,
727 967 766 999 de
779 967 865 1008 Lege
882 966 1030 1004 Horatia,

161 1011 192 1042 &
209 1010 368 1048 Publilia,
396 1010 477 1042 nihil
495 1010 599 1048 dixit,
630 1008 770 1041 sufficere
788 1016 892 1047 ratus,
917 1008 938 1040 fi
956 1008 1029 1040 ulti-

160 1060 244 1083 mam
261 1051 398 1092 Legem,
429 1061 470 1083 ex
493 1061 552 1103 (1113
574 1050 698 1082 tandem
716 1047 885 1081 Plebiscita
901 1049 1027 1086 valent,

161 1100 433 1124 commemoraret.
479 1092 558 1125 hon
580 1092 677 1131 igitur
703 1100 763 1131 pro
788 1090 829 1121 L.
851 1088 1029 1129 Hortenfio,

159 1144 231 1176 quae
245 1143 323 1166 mox
342 1133 506 1175 sequitur,
536 1132 784 1165 substituendum
809 1131 876 1170 est,
903 1131 944 1163 L.
966 1130 1029 1162 Ho-

162 1177 252 1207 ratia.
284 1174 460 1216 Iniquiores
476 1175 571 1206 etiam
582 1196 594 1212 ,
614 1182 705 1214 quam
719 1180 869 1213 oportet,
894 1172 925 1202 in
936 1171 1026 1203 Pom-

160 1217 293 1258 ponium
310 1215 399 1255 sunt,
423 1217 476 1256 (1111
494 1223 609 1257 negant
624 1236 635 1252 ,
668 1213 780 1259 nescio·
792 1223 856 1253 quo
875 1212 1003 1244 31161016
1017 1235 1027 1251 ,

163 1260 196 1290 111
217 1257 275 1289 hac
301 1257 393 1289 tertia
418 1256 584 1289 seceffione
603 1256 642 1287 de
670 1254 848 1286 Plebilcitis
874 1254 957 1284 inter
972 1252 1027 1283 Pa-

161 1307 225 1331 tres
241 1299 271 1330 ὅ(
291 1298 419 1330 Plebem
431 1297 621 1339 disputatum
639 1295 749 1333 fuiss'e3
784 1293 833 1324 scd
849 1292 870 1324 fi
888 1293 968 1324 nihil
988 1293 1027 1323 de

161 1340 212 1372 his
238 1340 391 1380 agitatum
406 1363 416 1378 ,
449 1340 500 1371 cui
529 1346 605 1370 tunc
621 1337 708 1368 bono
736 1335 806 1367 Lex
823 1333 992 1366 Hortensia
1009 1334 1025 1366 ¹.)

159 1381 361 1419 Bachovius‚
381 1380 504 1412 turbata
524 1379 648 1423 ratione
669 1376 840 1421 temporis,
864 1375 951 1421 varie
974 1375 1026 1407 hic

158 1422 310 1460 tricatur,
341 1420 392 1452 sed
416 1421 437 1453 fi
462 1421 501 1451 de
522 1420 614 1451 tertia
631 1416 797 1450 receffione
813 1416 1027 1457 intelllgamus

160 1463 371 1503 Pomponium
388 1485 398 1500 ‚
433 1470 467 1492 ut
488 1460 625 1502 intelligi
646 1459 760 1499 debet,
790 1456 887 1490 facile
906 1458 967 1489 erit
990 1467 1025 1489 0·

163 1513 250 1535 mnes
267 1503 336 1535 illas
358 1504 451 1535 tricas
467 1502 623 1543 expedire.

490 1586 542 1618 Ad
585 1584 612 1628 ς.
637 1584 696 1618 ix.

207 1671 288 1703 Ouia
325 1668 441 1712 difficile
471 1670 558 1701 Plebs
584 1670 737 1705 convenire
759 1671 843 1710 coepit
858 1693 870 1709 ,
898 1663 1025 1710 Populus

160 1704 244 1744 ceri?
256 1712 344 1744 multo
363 1711 510 1753 difficilius
521 1713 552 1742 in
569 1717 654 1742 taum
671 1713 756 1742 turba
773 1712 928 1743 hominum.
951 1711 1025 1743 Cre-

160 1755 203 1786 do
226 1754 256 1786 &
278 1753 331 1785 hic
354 1754 445 1785 nullo
469 1753 537 1792 jure
547 1752 694 1793 vapulare
717 1751 947 1793 Peinponiun13
972 1762 1023 1784 116-

159 1805 220 1836 que
233 1795 316 1826 enim
333 1802 425 1835 negat
443 1793 570 1826 Plebem
590 1794 642 1824 vel
660 1792 816 1834 Populum
837 1792 943 1834 postea
961 1793 1026 1825 coi-

161 1836 259 1874 viss'e,
280 1836 310 1867 ὅ(
329 1834 526 1874 deliberasse,
552 1834 582 1866 (ἐς
596 1834 766 1866 decrevill'e
781 1834 819 1865 dc
836 1834 934 1866 salute
952 1834 1024 1866 Rei-

128 1884 130 1889 ·
160 1877 317 1918 publicae,
341 1886 443 1917 neque
461 1877 512 1907 vel
531 1884 621 1908 311163
640 1876 787 1907 Senatum
812 1875 950 1907 habuisse
973 1885 1025 1907 cu-

160 1928 226 1950 ram
242 1917 455 1958 Reipublicae,
476 1915 526 1949 sed
546 1917 577 1948 in
604 1923 689 1948 tanta
706 1916 912 1948 multitudine
926 1917 1025 1949 homi-

159 1968 252 1997 num,
278 1968 348 1999 quae
368 1959 467 1991 indies
482 1957 640 1989 crescebat
649 1979 661 1996 ,
677 1957 707 1989 &
721 1957 826 1989 liberis
843 1958 937 1990 etiam
948 1966 1024 1989 16111-

159 2000 289 2041 poribus
314 1999 426 2031 Rornae
452 1999 489 2030 ad
513 2006 640 2031 centum
660 1998 842 2040 Myriadas,
866 2009 935 2040 quae
953 2009 1025 2031 cen-

160 2040 201 2072 sae
215 2040 333 2079 effent,
355 2047 557 2079 excreverat,
582 2046 617 2070 ut
634 2049 675 2071 ex
689 2040 865 2081 Phlegonte
891 2040 1026 2071 Trallia-

160 2091 204 2113 no
233 2081 271 2112 ab
294 2081 364 2113 aliis
386 2088 531 2112 notatum
554 2080 599 2113 est
616 2102 628 2117 ‚
656 2080 785 2112 difficile
801 2080 913 2119 fuisse,
936 2081 974 2112 de
993 2091 1026 2112 o-

160 2121 286 2154 mnibus
313 2121 405 2153 rebus
430 2122 560 2153 comitia
584 2122 715 2161 habere,
739 2122 768 2153 ὅ(
790 2123 934 2162 quotidie
951 2132 1025 2153 con-

158 2162 262 2195 sulere
285 2162 409 2204 plebem
435 2163 486 2194 vel
513 2163 682 2204 populum:
713 2162 818 2194 sensim
842 2163 949 2204 itaque
964 2163 1026 2194 fine

160 2203 250 2236 sensu
271 2211 453 2236 revocatam
480 2203 541 2235 effi:
569 2202 728 2244 pristinam
744 2203 875 2236 Senatus
891 2204 1024 2235 auctori-

161 2251 281 2283 tatem,
305 2254 375 2286 quae
392 2243 611 2276 secessionibus
631 2244 662 2276 ὅ(
676 2243 839 2276 discordiis
855 2245 1024 2285 plurimum

160 2286 328 2317 imminuta
349 2284 462 2317 fuerat.
507 2285 599 2318 Unde
622 2284 751 2317 fortaffe
771 2294 846 2316 mox
864 2296 927 2318 non
944 2287 1024 2318 male

159 2327 336 2368 legeretur:
360 2324 506 2367 neceffitas
522 2326 584 2368 ipsa
601 2327 701 2358 curam
717 2327 896 2367 Reipublicae
913 2329 950 2359 ad
973 2328 1023 2360 Se-

159 2373 263 2399 natum
276 2368 413 2406 reduxit,
432 2376 491 2408 pro
509 2369 640 2400 deduxit.
662 2367 714 2400 sed
740 2368 771 2399 id
794 2376 896 2401 tamen
912 2369 1021 2410 1111661-

159 2407 191 2440 se
211 2417 274 2440 non
293 2418 400 2450 urgeo.
445 2407 623 2450 Rupertus,
647 2409 718 2450 qui,
742 2418 778 2440 ut
794 2408 861 2440 fere
877 2410 971 2449 alibi,
997 2410 1021 2441 i-

162 2458 195 2494 ta
213 2449 266 2480 hic
283 2458 409 2490 quoque
433 2448 490 2480 stat
509 2460 526 2481 a
547 2450 686 2491 partibus
709 2449 898 2491 Pomponii,
923 2451 1024 2483 multa

158 2490 241 2522 dixit
255 2489 294 2521 de
309 2490 495 2522 auum-itate
513 2491 663 2531 Senatus,
685 2491 799 2533 absente
816 2491 923 2532 Populo
934 2502 1023 2534 ,quae

161 2539 265 2564 tumen
287 2531 393 2564 onmia
415 2531 472 2562 vix
494 2532 652 2575 intelligo.

501 2615 552 2647 Aci
595 2615 622 2656 §.
647 2616 692 2649 X.

204 2699 293 2741 Seque
311 2698 508 2739 praemum‘ret.
554 2697 590 2729 ln
612 2704 746 2738 utroque
769 2698 841 2730 MS.
864 2706 936 2729 meo
957 2697 1020 2737 est,

150 2740 238 2782 seque
251 2741 479 2781 praemzmz'rent,
501 2739 585 2780 quod
606 2738 719 2769 rectius
734 2738 778 2770 cst
791 2762 800 2778 ,
833 2738 967 2770 refertur
988 2749 1017 2770 6-

158 2782 223 2813 111111
239 2781 276 2812 ad
298 2782 383 2812 Cives
393 2803 406 2819 ,
423 2789 487 2812 non
505 2779 542 2811 ad
559 2776 776 2821 Magistratus,
809 2788 842 2811 ut
859 2789 1018 2820 perperam

157 2821 287 2864 putabat
304 2821 459 2862 Coecejus
474 2821 511 2852 ad
533 2821 560 2852 h.
583 2820 613 2894 ἓ
634 2829 704 2852 113111
721 2821 826 2861 ait-je,
851 2830 914 2852 non
938 2821 1018 2860 ipsos.

157 2863 373 2895 l'raemuniunt
396 2869 501 2894 autem
528 2861 559 2893 se
613 2862 679 2893 ives
693 2885 705 2901 ‚
734 2871 830 2902 quum
846 2871 886 2893 ex
902 2861 1020 2892 Editus

157 2903 324 2944 propositis
338 2913 406 2935 eam
423 2903 504 2944 Juris
519 2901 681 2935 scientiam
700 2901 935 2941 nanciscantur,
961 2912 1020 2942 qua

158 2945 309 2976 certiores
330 2943 403 2976 fasti
429 2943 520 2975 rebus
546 2943 608 2976 suis
631 2943 814 2985 prudentius
839 2943 1019 2975 consulunt.

160 2984 371 3016 J’i-‹emzmi'rent
400 2985 494 3016 etiam
521 2983 566 3016 est
595 2985 626 3017 in
651 2984 753 3017 Libris
779 2985 961 3025 quibusdam
987 2992 1016 3014 e-

157 3024 251 3063 ditis,
284 3026 314 3057 dt
337 3027 424 3058 illam
449 3034 574 3066 quoque
593 3026 760 3058 lectionem
777 3026 903 3066 plurimi
921 3025 1018 3057 Inter-

157 3071 259 3103 pretes
278 3065 455 3106 sequuntur.

204 3103 399 3137 Honorarium
425 3109 535 3139 dicitur
553 3131 565 3147 ,
616 3110 669 3140 uod
692 3110 727 3140 ab
751 3108 852 3139 lsonore
883 3108 1020 3140 Prcetorz's

160 3150 289 3175 venerat.
334 3145 369 3177 In
392 3149 411 3178 l.
432 3157 460 3189 7.
485 3148 512 3190 §.
540 3159 565 3180 1.
590 3118 630 3190 ΞΓ.
657 3152 690 3181 de
713 3148 794 3190 Just.
820 3149 856 3184 ἐξ
879 3149 950 3190 Jur.
975 3146 1020 3180 est

158 3185 197 3215 ad
210 3184 340 3215 honorem
350 3207 362 3224 ‚
386 3187 435 3219 sed
451 3189 480 3221 &
496 3189 541 3222 ibi
556 3191 668 3225 melius
682 3191 838 3232 legeretur
853 3192 889 3224 ab
903 3190 1018 3229 honore,

1081 96 1681 139 BYNKERSHOEK

1075 182 1128 214 vel
1145 183 1177 213 ub
1197 181 1346 218 honorem,
1370 180 1399 212 ὃ(
1416 178 1506 218 sunt,
1529 180 1582 221 qui
1603 179 1648 210 ita
1663 178 1780 219 legunt.

1396 262 1448 294 Aa
1491 261 1519 304 §.
1542 261 1601 293 XI.

1117 347 1275 390 Noviffinze
1296 341 1374 387 ficut
1397 347 1434 376 ad
1454 346 1605 386 pauciores
1629 343 1717 385 Juris
1745 342 1936 384 constituendi

1074 391 1125 420 vin
1151 390 1277 431 iroizfilj'e
1302 388 1367 430 ipfis
1388 389 1471 419 rebus
1495 386 1673 418 distantibus
1693 386 1863 427 videbatur,
1882 391 1939 427 per

1071 436 1170 470 partes
1185 426 1301 469 evenit,
1322 436 1354 460 ut
1371 427 1476 469 neccffi
1500 428 1564 469 effer
1583 424 1762 468 Reipublicae
1781 432 1834 467 per
1847 438 1938 460 unum

1074 471 1192 512 confidi.
1236 471 1311 504 Post
1333 472 1482 512 pauciores
1505 479 1570 501 non
1585 478 1665 510 opus
1680 467 1725 499 est
1740 468 1810 500 addi
1828 468 1938 508 Viros,

1075 521 1111 543 ut
1127 513 1251 544 additur
1266 514 1296 544 in
1312 512 1409 544 Libro
1418 511 1490 543 MS.
1501 519 1591 551 quern
1609 508 1764 542 beneficio
1782 509 1850 541 Viri
1862 510 1936 542 Am-

1073 552 1198 593 pliffimi
1220 553 1347 593 joannis
1373 553 1407 584 B.
1432 561 1492 583 van
1520 551 1752 592 Steenbergen,
1788 550 1939 585 Civitatis

1076 592 1254 634 Campensis
1272 592 1438 630 Consulis,
1460 592 1538 624 mihi
1553 592 1703 624 utendum
1726 592 1812 624 dedit
1832 593 1938 625 eadem

1076 633 1221 673 Civitas,
1246 635 1362 675 quique
1381 633 1456 665 Cam
1482 633 1526 672 is,
1557 633 1698 665 servatur
1714 633 1746 665 in
1763 633 1938 666 Bibliothe-

1076 684 1113 706 ca
1141 674 1235 706 Urbis
1262 675 1397 716 publica.
1483 684 1563 715 eque
1585 675 1680 706 etiam
1703 674 1831 716 legerim
1846 677 1938 716 vias,

1075 725 1113 747 ut
1130 715 1175 747 est
1190 716 1222 747 in
1236 715 1302 757 ipso
1320 715 1378 747 illo
1395 715 1466 747 MS.
1492 716 1521 747 &
1537 715 1746 747 etiamnumin
1758 716 1855 748 Libro
1864 716 1939 749 F10-·

1075 757 1202 788 rentino
1223 780 1234 796 ,
1266 764 1303 788 ut
1331 756 1462 788 testatur
1483 756 1550 796 ejus
1570 759 1699 788 ‘'v-rium
1715 757 1772 788 Vir
1792 756 1940 790 Doctil'fi*

1077 807 1147 830 mus
1168 797 1326 830 Henricus
1347 798 1532 829 Brenkman.
1589 797 1691 838 AEque
1717 806 1781 830 non
1810 799 1940 840 legerim

1073 841 1177 878 moin,
1207 847 1243 870 ut
1264 838 1308 870 est
1335 839 1367 870 in
1391 838 1464 870 MS.
1493 847 1566 869 meo
1593 837 1760 876 Gloss'ato,
1783 841 1836 870 via
1852 841 1938 873 enim

1073 877 1185 912 melius
1210 880 1363 912 convenit
1386 879 1554 920 praeceptis
1574 878 1808 912 Grammaticae.
1859 881 1938 914 Non

1072 922 1273 962 probaverim
1297 930 1422 963 quoque
1434 942 1445 958 ‚
1464 919 1643 960 disjunfflm
1662 920 1744 962 legi,
1783 930 1815 952 er
1826 928 1936 962 partes.

1073 963 1187 994 Evenit
1195 985 1206 1001 ,
1229 970 1266 993 ut
1287 961 1391 994 rursus
1413 962 1530 1003 legitur
1550 962 1582 994 in
1603 961 1714 994 eodem
1791 963 1822 995 S.
1845 973 1936 1004 me03

1069 1003 1146 1035 ferri
1169 1002 1272 1045 potest
1291 1003 1360 1035 haec
1381 1003 1495 1042 restio,
1519 1013 1583 1035 11011
1607 1003 1748 1044 probari,
1771 1005 1939 1038 rotundior

1072 1045 1102 1077 &
1124 1045 1311 1076 concinnior
1333 1043 1396 1083 est,
1418 1054 1511 1085 quam
1534 1045 1674 1077 exhibui.
1697 1045 1775 1085 Sed,
1800 1045 1849 1079 his
1863 1047 1936 1079 mis-

1070 1085 1127 1125 sis,
1151 1086 1190 1117 de
1212 1084 1275 1127 ipsa
1294 1085 1555 1126 interpretatione
1573 1086 1744 1119 verborum
1767 1087 1938 1120 constitua-

1071 1137 1150 1159 mus.
1195 1128 1255 1159 Per
1270 1134 1370 1169 partes
1378 1149 1388 1165 ,
1411 1127 1454 1158 ait
1475 1127 1686 1168 Pomponius,
1719 1129 1874 1169 eveniss‘e,
1899 1136 1937 1162 ut

1071 1167 1193 1199 necesse
1206 1168 1282 1199 effer
1292 1167 1488 1208 Reipublicae
1501 1178 1556 1209 per
1566 1177 1661 1199 unum
1673 1168 1805 1202 consuli.
1831 1170 1936 1217 Quot-

1071 1216 1150 1249 quot
1171 1209 1238 1240 vidi
1262 1209 1470 1249 interpretes,
1502 1216 1643 1246 veteres,
1671 1210 1768 1250 novi,
1790 1210 1936 1244 bifariam

1070 1250 1139 1281 haec
1168 1249 1336 1290 accipiunt.
1382 1248 1475 1288 Alii,
1503 1255 1558 1290 per
1581 1256 1700 1290 partes,
1723 1251 1906 1295 intelligunt
1923 1277 1936 1294 ,

1065 1290 1213 1330 paulatim
1225 1313 1237 1329 ,
1265 1290 1341 1321 lento
1362 1300 1394 1321 (ιε
1412 1291 1561 1332 progreffa
1578 1313 1590 1329 ,
1616 1300 1634 1322 a
1653 1291 1700 1322 Re
1723 1291 1791 1324 ibus
1814 1295 1852 1326 ad
1872 1294 1934 1326 Po-

1069 1332 1198 1372 pulum,
1216 1341 1234 1363 a
1256 1330 1347 1372 Popu
1361 1340 1381 1362 o
1400 1331 1438 1362 ad
1460 1333 1629 1370 Senatum,
1649 1333 1688 1364 ab
1728 1339 1773 1365 'oc
1795 1335 1833 1366 ad
1846 1335 1935 1368 Prin-

1068 1372 1181 1414 cipem.
1226 1372 1311 1410 Alii,
1329 1378 1385 1413 per
1399 1378 1520 1413 partes,
1552 1373 1732 1415 explicant,
1751 1381 1807 1416 per
1821 1375 1932 1416 saffia-

1070 1424 1120 1448 ires
1139 1436 1151 1452 ,
1177 1413 1332 1458 discordias:
1349 1438 1359 1453 ‚
1372 1414 1542 1456 seditiones.
1585 1417 1665 1448 Sane
1685 1415 1779 1448 habet
1800 1425 1871 1449 utra
1895 1426 1935 1450 ue'

1069 1455 1224 1488 sententia
1242 1479 1252 1495 ‚
1284 1465 1347 1497 quo
1380 1456 1411 1488 &
1439 1455 1636 1489 locutionem
1654 1480 1665 1496 ,
1697 1457 1727 1490 ἀ
1749 1467 1814 1491 rem
1837 1459 1870 1501 ip
1885 1467 1937 1492 am

1070 1504 1218 1529 tueatur:
1247 1497 1345 1529 altera
1371 1497 1491 1528 diceret
1509 1521 1519 1536 ‚
1550 1499 1580 1530 ὁ(
1598 1507 1692 1537 vere,
1714 1508 1778 1531 non
1800 1509 1856 1542 per
1876 1498 1933 1533 sal-

1069 1546 1160 1578 tum,
1182 1537 1234 1570 sed
1256 1547 1310 1580 per
1333 1538 1435 1571 varias
1454 1538 1650 1580 Reipublicae
1672 1539 1793 1573 formas
1815 1541 1845 1574 ἀ
1867 1551 1934 1574 11111-

1069 1579 1206 1612 tationes
1224 1602 1234 1619 ‚
1265 1580 1295 1612 ὃ(
1323 1580 1448 1612 tandem
1478 1589 1534 1621 per
1563 1581 1679 1613 medias
1701 1580 1881 1616 Dictaturas
1902 1584 1935 1617 ὅ(

1068 1619 1304 1653 Triumviratus
1320 1644 1330 1660 ‚
1360 1621 1398 1653 ad
1424 1621 1603 1663 Principem
1633 1630 1822 1664 perventum
1843 1624 1904 1658 esse
1923 1636 1933 1657 :

1068 1663 1166 1695 altera
1187 1660 1373 1704 fignificaret
1396 1662 1522 1706 Syllana
1547 1670 1689 1706 tempora
1717 1665 1748 1697 ὅ(
1768 1665 1934 1708 plusquam

1068 1704 1187 1738 Civilia
1208 1704 1308 1744 bella,
1334 1704 1493 1736 &diceret
1501 1727 1512 1744 ,
1536 1711 1596 1737 nec
1612 1706 1715 1739 minus
1731 1715 1826 1747 vere,
1849 1707 1936 1750 quod

1069 1747 1152 1779 dixit
1177 1746 1311 1778 Tacitus
1334 1745 1374 1778 L.
1397 1745 1419 1777 Ι.
1446 1746 1562 1779 Annaz.
1585 1747 1619 1778 C.
1641 1757 1673 1785 9.
1695 1757 1753 1779 non
1774 1749 1856 1781 aliud
1876 1750 1935 1781 dis-

1069 1789 1215 1820 cordantis
1244 1788 1355 1819 Patriae
1373 1789 1529 1819 remedium
1543 1788 1654 1829 fuiffiJ,
1686 1798 1772 1830 quam
1792 1796 1826 1821 ut
1842 1792 1879 1822 ab
1901 1801 1933 1822 u—

1068 1841 1104 1862 no
1125 1835 1282 1871 regeretur.
1326 1829 1446 1870 Sponte
1474 1829 1589 1861 Senatu
1620 1829 1807 1872 Populoque
1827 1831 1858 1862 id
1882 1841 1933 1863 ac-

1069 1871 1176 1904 cidisse
1198 1879 1293 1912 quum
1313 1880 1378 1902 non
1399 1869 1516 1902 dixerit
1537 1870 1750 1912 Pomponius,
1772 1881 1836 1904 non
1853 1880 1933 1913 erat,

1068 1923 1124 1945 cur
1145 1912 1182 1944 ab
1204 1912 1273 1943 aliis
1296 1912 1509 1950 arroderetur,
1533 1919 1627 1953 atque
1650 1912 1672 1944 fi
1691 1911 1828 1945 dixisset.
1871 1913 1932 1956 Igi-

1068 1964 1137 1993 tur,
1159 1953 1244 1994 quod
1266 1953 1303 1984 ad
1327 1963 1392 1985 rem
1416 1952 1532 1994 ipsam,
1553 1962 1742 1995 quocunque
1763 1954 1844 1987 velis
1867 1965 1935 1988 rno-

1067 1997 1133 2035 do,
1167 1994 1378 2035 Pomponium
1405 2004 1445 2026 ex
1469 1994 1564 2033 lices,
1598 1993 1681 2027 salva
1703 2004 1752 2027 res
1774 1996 1854 2036 erit,
1878 2006 1931 2029 ne-

1067 2047 1127 2079 que
1157 2045 1216 2077 ego
1246 2037 1313 2066 liaec
1341 2045 1432 2067 moro
1458 2045 1492 2067 us
1512 2036 1684 2077 redarguo,
1705 2035 1877 2069 dummodo
1901 2038 1932 2070 ὅτ,

1066 2078 1144 2111 1111111
1165 2077 1295 2109 levioris
1317 2077 1504 2117 conJetturae
1525 2076 1579 2108 fiat
1601 2076 1749 2118 potestas.
1785 2074 1878 2111 ‘vide
1900 2088 1930 2110 e-

1067 2121 1154 2158 nim,
1178 2128 1216 2150 an
1238 2127 1302 2150 non
1332 2119 1413 2150 binis
1440 2118 1541 2150 literis
1571 2117 1763 2159 transpositis
1783 2128 1842 2161 pro
1859 2126 1930 2161 per-

1068 2168 1110 2193 zes
1138 2159 1200 2201 legi
1229 2159 1323 2201 pofiit
1348 2166 1469 2200 potres,
1500 2167 1536 2191 ut
1559 2159 1693 2199 dixerit,
1729 2169 1784 2202 per
1800 2166 1931 2202 patres,

1067 2203 1100 2234 id
1122 2200 1186 2238 est,
1205 2207 1260 2241 per
1280 2202 1419 2232 Senatum
1440 2199 1594 2238 eveniffe,
1627 2208 1664 2233 ut
1687 2200 1805 2234 summa
1825 2203 1869 2235 rei
1893 2201 1933 2235 ad

1067 2243 1291 2285 Imperatorem
1321 2243 1455 2274 venerit.
1507 2241 1582 2282 Ajes
1611 2249 1664 2281 tu,
1685 2252 1703 2274 3
1723 2242 1839 2275 Senatu
1862 2244 1930 2286 qui-

1065 2286 1137 2317 dem
1159 2283 1197 2315 ad
1220 2283 1396 2325 Principem
1417 2291 1604 2325 perventum
1626 2282 1708 2323 esse,
1733 2283 1858 2317 sednon
1873 2293 1930 2326 per

1065 2327 1235 2364 Senatum,
1259 2333 1352 2366 atque
1374 2324 1396 2357 fi
1418 2325 1472 2356 ille
1496 2323 1617 2356 causam
1633 2324 1663 2356 ὅ(
1682 2325 1834 2366 originem
1843 2324 1929 2357 Prin-

1065 2367 1143 2409 cipis
1173 2366 1218 2398 1111
1244 2366 1310 2397 erio
1344 2366 1499 2397 tribuerit.
1551 2364 1620 2396 Imo
1644 2374 1722 2397 vero
1738 2389 1748 2405 ‚
1763 2371 1819 2405 per
1839 2366 1929 2398 Sena-

1064 2416 1125 2440 tum
1137 2431 1149 2447 ,
1171 2408 1193 2440 si
1224 2407 1424 2449 ‘'Olliponium
1445 2406 1572 2445 audias,
1593 2406 1646 2447 qui
1663 2429 1673 2445 ,
1697 2407 1929 2447 interpretatio-

1065 2451 1114 2482 nis
1136 2451 1231 2487 1060,
1255 2459 1331 2481 mox
1355 2448 1499 2489 subjicit:
1523 2457 1591 2478 nam
1613 2448 1737 2478 Senatus
1755 2456 1813 2479 non
1828 2449 1929 2489 perin-

1064 2493 1098 2523 cle
1122 2501 1216 2523 omnes
1244 2491 1420 2522 Provincias
1445 2489 1532 2529 probe
1580 2497 1656 2518 erere
1671 2493 1796 2528 poterat.
1843 2488 1929 2521 Haee

1064 2533 1110 2565 est
1136 2533 1219 2564 ratio
1249 2531 1441 2572 superiorum
1460 2553 1470 2568 ‚
1503 2529 1533 2561 ὃ(
1588 2538 1633 2560 aec
1663 2527 1726 2570 ipsa
1747 2529 1792 2562 est
1814 2530 1896 2561 ratio
1916 2553 1928 2570 ,

1064 2584 1133 2616 quae
1162 2583 1212 2605 me
1243 2573 1275 2604 in
1307 2570 1516 2611 conjetturam
1536 2592 1547 2608 ,
1578 2579 1669 2610 quam
1693 2570 1779 2610 dixi,
1806 2579 1928 2603 tanturn

1064 2626 1128 2647 non
1149 2614 1287 2655 impulit.
1320 2611 1500 2649 Vocabula,
1519 2616 1619 2651 partes
1640 2611 1670 2642 δε
1688 2618 1810 2652 patres,
1831 2612 1928 2644 etiam
1980 2612 1983 2615 ’

1064 2657 1140 2689 alias
1163 2656 1194 2687 in
1218 2653 1323 2686 Libris
1347 2653 1438 2685 MSS.
1459 2652 1489 2683 ὅ(
1510 2652 1541 2683 in
1555 2651 1624 2692 ipsis
1641 2651 1822 2693 Pandeffis,
1841 2662 1929 2685 coma

1064 2704 1184 2729 mutata
1216 2694 1278 2726 csse
1306 2693 1425 2735 possein
1455 2691 1616 2724 ostendere
1634 2716 1650 2735 ,ὁ
1674 2694 1696 2726 11
1725 2703 1790 2727 11011
1812 2703 1928 2736 propo-

1062 2738 1184 2770 suissem
1205 2736 1236 2768 di
1260 2735 1440 2767 reflionibus
1461 2734 1612 2766 abstinere
1630 2743 1639 2772 3
1670 2735 1745 2776 quin
1769 2735 1800 2768 &
1820 2735 1872 2767 alii
1893 2734 1925 2766 id

1060 2780 1122 2820 jam
1145 2777 1233 2810 osten
1256 2784 1347 2808 crunt
1370 2785 1410 2806 ex
1432 2775 1452 2806 l.
1473 2786 1504 2817 3,
1527 2774 1555 2815 §.
1579 2779 1611 2806 6.
1627 2774 1669 2816 ff.
1693 2777 1727 2807 de
1747 2775 1860 2809 Donat.
1880 2777 1926 2808 in·-

1062 2826 1106 2851 τεν
1127 2820 1167 2851 V.
1192 2818 1228 2853 ἐξ
1253 2818 1292 2849 U.
1317 2818 1347 2848 δε
1367 2815 1455 2848 forte
1478 2817 1573 2848 etiam
1596 2825 1706 2849 verum
1729 2817 1775 2849 cst
1797 2817 1829 2850 in
1849 2818 1877 2850 h.
1901 2818 1925 2850 l.

1062 2861 1089 2902 §.
1117 2864 1166 2892 26.
1190 2868 1225 2891 ut
1240 2859 1285 2890 ibi
1304 2859 1415 2890 dicam.

1102 2901 1252 2942 Sequitur
1266 2922 1278 2938 ,
1304 2907 1339 2930 ut
1371 2899 1456 2931 dixi:
1491 2909 1561 2931 mim
1584 2900 1708 2931 Senatus
1729 2909 1786 2932 non
1805 2901 1926 2942 perinde

1059 2952 1154 2974 omnes
1176 2941 1353 2973 Provincias
1368 2943 1454 2981 probe
1475 2951 1574 2984 gerere
1593 2947 1717 2982 poterat.
1756 2941 1833 2974 Non
1852 2941 1923 2974 sunt

1061 2984 1139 3015 Pom
1163 2982 1239 3014 onio
1261 2981 1463 3022 abjudicanda
1491 2983 1560 3014 haec
1589 2981 1703 3020 verba,
1725 2991 1760 3013 ut
1777 2981 1847 3014 sunt
1868 2981 1924 3024 qui

1060 3024 1132 3064 abju
1155 3024 1257 3061 163111,
1280 3032 1350 3054 113111
1371 3025 1403 3054 ob
1423 3025 1584 3054 certamina
1605 3023 1773 3055 Potentiam
1796 3023 1831 3059 ὅ)
1852 3025 1924 3055 ava2

1060 3066 1161 3097 ricmiri
1179 3062 1413 3107 Magistratuum
1425 3087 1435 3103 ,
1459 3072 1495 3096 ut
1509 3064 1548 3096 de
1569 3064 1617 3095 his
1647 3064 1841 3105 temporibus
1857 3063 1922 3096 'ra‘

1061 3106 1143 3138 citus
1160 3105 1243 3137 dixit
1266 3105 1306 3137 L.
1329 3104 1351 3136 I.
1385 3105 1503 3137 Amzal.
1527 3106 1560 3137 C.
1585 3115 1613 3136 2.
1643 3104 1775 3136 Senatus
1791 3104 1923 3137 Provina

1060 3147 1124 3178 cias
1147 3146 1246 3188 probe
1270 3155 1375 3187 regere
1399 3156 1462 3179 non
1482 3153 1607 3188 poterat
1625 3169 1634 3184 ‚
1666 3145 1697 3177 in
1717 3145 1892 3177 Provinciis
1907 3167 1922 3184 ,

1060 3195 1095 3222 ut
1112 3188 1227 3221 ibidem
1255 3187 1410 3227 Tacitus,
1438 3188 1536 3231 Leges
1561 3189 1614 3227 vi,
1634 3187 1764 3227 anthim,
1780 3184 1921 3228 postremo

1867 3231 1922 3266 1³⁶²
