2008 3436
186 111 257 145 124
444 98 847 135 CORNELII

182 180 233 210 cui
260 179 291 209 id
317 177 448 210 verbum
474 179 526 210 hic
552 179 685 212 restituo
701 204 711 220 ,
745 180 776 212 in
812 180 832 212 l.
857 189 884 220 7.
911 179 940 226 §.·
956 191 985 220 4.
1005 179 1046 221 ff.

181 220 355 258 Arb.furt.
371 220 432 259 coes.
448 221 542 261 Sci0,
554 222 653 254 Paulo
666 222 696 254 in
709 223 737 252 d.
762 223 782 253 l.
793 232 822 261 5.
841 228 894 262 pr.
916 223 1046 262 scriptu-

180 271 222 292 rae
239 261 485 293 controversiam
498 264 621 295 moveri
637 263 676 294 ab
693 263 899 302 Hotomano,
924 262 1048 295 Turne-

181 301 242 339 bo,
268 301 420 342 Brodaeo,
434 303 531 343 aliis,
567 304 618 336 sed
637 304 813 336 constantia
831 304 978 336 lectionis
996 304 1048 336 tri-

181 341 239 374 bus
256 343 343 383 aliis,
374 352 453 386 quos
474 345 564 386 dixi,
594 345 696 385 locis,
720 346 808 377 verbi
825 345 1002 387 proprietas
1019 345 1049 376 &

917 110 1028 136 VAN

1103 99 1703 141 BYNKERSHOEK

1090 180 1257 222 aptitudo,
1283 180 1314 213 ὅ(
1337 180 1540 213 Basilicorum
1562 184 1730 218 auftoritas
1759 187 1802 220 L.
1820 189 1889 224 LX.
1915 189 1949 228 Τ.
1980 172 2000 226 κγ’,

1090 222 1183 255 XVI.
1209 223 1240 253 C.
1265 233 1296 262 5.
1328 223 1381 262 qui
1398 224 1518 264 cingere
1549 225 1578 256 in
1603 229 1631 257 d.
1657 229 1677 258 ι.
1698 239 1717 269 5
1752 235 1790 270 pr
1824 241 1949 268 vertunt

1091 264 1192 302 ζωψύειν
1211 285 1222 302 ³
1243 262 1316 295 satis
1337 264 1442 296 omnia
1459 265 1631 299 defendunt
1649 267 1810 311 scriptu-‘ze
1828 272 1950 316 integri-

1978 0 1991 35 sl

1974 59 1992 89 1Ὶ

1093 312 1201 337 tatem.
1247 304 1396 345 Cujacius
1411 316 1536 348 quoque
1561 308 1598 340 L..
1618 309 1676 342 IX.
1704 312 1832 351 Olyerv.
1857 316 1950 350 em.
1988 358 1990 361 ι

1092 345 1173 377 nihil
1189 347 1265 378 vitii
1281 347 1486 390 deprehendit
1505 349 1537 382 in
1561 352 1590 382 d.
1614 352 1633 384 l.
1655 362 1687 392 5.
1708 352 1736 394 ἓ.
1766 362 1791 385 1.

752 444 780 479 C
828 443 860 478 A
909 443 935 479 P
986 444 1021 478 U
1073 442 1109 478 T
1185 445 1217 481 X
1243 445 1275 480 X
1302 446 1317 480 1
1344 446 1372 481 Ι.

608 532 663 567 Ad
685 531 725 566 L.
757 541 812 575 14.
838 529 869 578 §.
897 541 930 576 7.
955 529 994 566 ff.
1020 529 1065 566 de
1090 530 1206 580 Relig.
1232 531 1268 567 ἃ
1294 534 1418 580 sumpt.
1447 533 1520 572 fun.

243 624 272 656 ic
290 625 333 656 ibi
347 627 391 659 ait
406 626 577 668 Ulpianus:
603 627 660 659 Sed
673 628 826 659 interdum
840 629 886 666 is,
907 628 1049 669 quisum-

260 672 346 707 ptum
362 671 392 700 in
404 670 508 708 funus
520 670 602 708 fecit
614 692 623 707 ‚
636 670 793 711 sumptum
805 680 862 702 non
876 672 983 710 recipit
995 693 1002 707 ,
1020 668 1050 708 fi

183 711 309 749 pietatis
323 712 425 750 gratia
434 711 533 751 fecit,
546 721 602 742 non
618 713 668 742 hoc
681 714 795 749 animo,
814 710 897 753 quasi
914 720 1047 752 receptu-

184 761 239 782 rus
251 751 422 790 sumptum,
444 753 638 793 quemfecit.-
659 753 694 788 ὅ)
708 756 754 786 ita
772 754 937 794 Imperator
952 752 1050 789 noller

185 792 347 833 rescripfit.
371 793 473 835 Igitur
488 792 692 834 (estimandum
713 798 772 827 erit
788 798 903 827 arbitro
914 820 922 834 ‚
940 795 1050 836 &per-

179 836 368 875 pendendum
383 859 393 873 ,
413 845 468 877 quo
486 838 584 868 animo
596 837 738 878 sumptus
751 838 853 875 fabius
864 836 927 877 fic,
949 843 1053 869 utrmn

187 878 339 915 negotium
365 881 434 918 quis
450 878 499 909 vel
521 879 658 917 defunfftz'
673 880 723 912 vel
744 880 866 911 haeredis
880 881 982 920 gerit,
1003 879 1053 910 vel

186 917 279 958 ipsius
296 919 512 957 humanitatis,
526 930 564 951 cm
573 931 643 952 vero
652 922 858 961 misericordiae
869 944 878 957 ,
888 922 1054 961 velpz'etazi

187 962 325 991 tribuens
337 985 344 998 ,
360 961 591 1002 velaffeciioni‚
608 963 715 1004 &quae
735 963 764 995 se
789 971 914 994 uuntur.
933 962 967 994 In
980 963 1051 995 MS.

186 1011 258 1032 meo
275 1001 457 1042 fimpliciter
473 1014 530 1035 non
545 1007 671 1045 recipit,
686 1005 749 1036 omi
778 1015 794 1036 a
810 1004 951 1045 sumptus
960 1013 1052 1042 voce,

187 1052 256 1082 quae
273 1042 313 1074 fic
328 1043 522 1084 praecess'erat
533 1067 543 1085 ,
576 1046 660 1085 quod
678 1046 851 1088 elevantius
867 1046 930 1076 dici
949 1046 1053 1086 negari

186 1093 251 1115 non
263 1083 376 1124 potest.
391 1084 475 1116 Idem
488 1086 604 1128 aliique
615 1087 702 1118 Libri
711 1098 728 1118 a
751 1087 923 1119 *lorentino
932 1088 1054 1118 variant

186 1125 262 1156 &in
275 1125 344 1157 aliis
361 1126 562 1166 quibusdam,
584 1127 635 1160 sed
645 1128 834 1167 levioribus,
846 1137 916 1169 quae
934 1127 1054 1159 sensum

189 1165 270 1197 nihil
295 1166 461 1207 quiequam
491 1169 619 1201 turbant
633 1194 642 1209 ‚
668 1179 799 1211 quaeque
816 1169 893 1200 adeo
910 1168 1052 1208 transe03

186 1210 219 1242 in
242 1208 440 1248 gravioribus
455 1232 464 1247 ,
500 1220 568 1251 quae
592 1210 778 1250 offendunt,
813 1211 936 1242 &mox
954 1220 1052 1251 expo-

183 1259 277 1289 nam,
307 1250 504 1282 conveniunt
528 1261 645 1284 omnes.
692 1252 743 1284 De
769 1261 802 1283 re
819 1250 882 1293 ipsa
902 1252 1056 1325 Ulpianus

177 1290 292 1329 dixit,
320 1290 477 1332 sumptum
493 1292 522 1323 in
541 1292 636 1325 funus
652 1293 770 1325 factum
788 1303 820 1325 re
844 1293 906 1333 eti,
946 1293 984 1324 ed
1000 1293 1054 1334 qui

187 1332 289 1365 fac'tus
304 1332 342 1364 sit
360 1334 519 1373 repetendi
536 1335 658 1367 animo:
691 1344 805 1377 perpen
829 1335 943 1366 endum
958 1335 1055 1377 igitur

189 1373 251 1406 effe
267 1374 387 1405 arbitro
407 1372 592 1416 funerariae,
618 1385 724 1408 utrum
740 1376 808 1418 quis
823 1401 832 1416 ‚
864 1384 900 1408 ut
918 1376 1054 1417 defuneto?

189 1415 353 1456 negotium
378 1425 511 1456 gerens,
542 1417 750 1459 impenderit,
788 1418 840 1450 vel
859 1419 984 1450 heredis
1002 1418 1056 1450 vel

188 1457 277 1496 ipfins
297 1460 508 1490 humom'caiis.
554 1459 706 1501 Defuncii
721 1460 885 1502 negotium
908 1484 918 1501 ,
954 1460 1057 1502 inquit

188 1499 363 1540 Ulpianus,
387 1499 477 1539 quia,
502 1501 598 1542 quiin
616 1501 711 1534 funus
728 1502 897 1543 expendit,
922 1502 1055 1534 cumde-

189 1539 302 1572 saneto
330 1541 516 1573 contrahere
539 1542 677 1583 dicitur3
702 1545 825 1576 haered-ts
838 1550 962 1584 autem,
987 1543 1059 1585 quia

190 1581 266 1621 ille,
296 1582 333 1613 ad
359 1580 567 1615 funerandum
591 1586 771 1627 obligatus,
796 1585 953 1618 funeraria
972 1593 1056 1617 tene-

194 1630 266 1662 tur,
289 1622 309 1655 si
326 1622 521 1657 funeraverit
545 1626 641 1665 alius,
674 1626 853 1669 etiamipso
891 1627 1058 1659 rohibente

192 1664 212 1695 l.
240 1673 287 1696 12.
319 1664 347 1706 §.
373 1674 401 1697 e.
435 1665 472 1700 ὃ)
503 1677 532 1707 4.
571 1668 590 1699 l.
629 1677 675 1709 14.
717 1668 746 1710 §.
775 1679 788 1701 1
816 1694 824 1701 .
878 1670 891 1702 ’.
926 1672 944 1701 b
992 1668 1055 1700 Tit.

194 1704 291 1748 Quod
306 1715 379 1737 cum
403 1706 439 1738 fit
463 1707 543 1748 Juris
561 1711 760 1751 eommunis,
786 1679 967 1754 siemperque
989 1710 1057 1742 fue*

192 1750 255 1786 rit,
279 1748 383 1778 mirari
403 1748 499 1789 licet,
525 1760 605 1791 quur
620 1750 740 1784 Isaacus
756 1752 1057 1794 Casaubonus,per-

196 1788 287 1821 verso
307 1789 393 1830 prius
404 1789 576 1831 Capitolini
589 1792 663 1824 loco
672 1816 682 1832 ‚
696 1793 726 1824 id
739 1794 864 1826 demum
877 1795 914 1826 ad
923 1794 1058 1826 Antoni-

197 1841 255 1862 nos
266 1831 407 1862 traxerit.
421 1831 468 1863 Ita
484 1832 576 1864 babet
594 1834 684 1865 locus
695 1834 869 1876 Capitolini
884 1837 916 1868 in
926 1836 974 1868 M.
992 1835 1058 1867 An-

196 1875 296 1903 tonino
334 1873 366 1903 C.
395 1881 442 1914 13.
476 1873 574 1905 Tama
597 1882 696 1907 autem
716 1877 888 1918 pestilentia
904 1879 976 1918 fuit
993 1901 1001 1913 ,
1026 1883 1061 1908 ut

195 1914 346 1945 vehiculis
360 1920 509 1946 cadavera
518 1915 582 1955 sint
592 1920 966 1961 exportata-sarracisque.
977 1919 1061 1952 Tunc

197 1963 295 1987 curtem
311 1956 463 1989 Antonini
478 1958 556 1999 leges
566 1959 730 2000 sepeliendi
748 1961 1009 2003 sepulcrorumque
1031 1971 1062 1992 a-

188 1998 357 2038 sperrimas
365 2002 559 2039 sanxerunt,
576 2003 813 2043 quandoquidem
828 2011 997 2041 caverunt,
1013 2013 1061 2042 ne,

197 2040 246 2070 uti
263 2042 330 2080 quis
348 2041 458 2080 vellet,
483 2042 835 2084 fabricaretfhpulcrum
848 2069 858 2083 ‚
880 2047 955 2087 quod
967 2046 1061 2077 hodie-

197 2080 424 2122 que-servatur.
467 2082 657 2124 Conspirant
682 2086 713 2117 in
741 2087 912 2128 perniciem
932 2087 998 2128 ejus
1018 2087 1063 2118 lo-

199 2123 229 2153 ei
245 2121 464 2161 Casaubonus,
482 2124 661 2164 Salmasius,
676 2126 841 2159 Gruterus.
862 2127 1064 2160 Casaubonus

198 2166 243 2196 ita
258 2165 414 2195 mutavit:
439 2168 673 2207 otiandoquidem
699 2176 847 2200 caverunt
866 2193 875 2208 ‚
902 2179 935 2201 uc
946 2168 977 2209 fi
994 2171 1064 2211 quis

190 2206 351 2246 ,licet-edere
367 2206 479 2244 vellet,
495 2208 668 2246 fabricaret
675 2209 861 2250 sepulcrum.
892 2212 988 2243 Bruta
1004 2210 1063 2242 cri-

201 2247 236 2278 sis
260 2247 290 2278 &
313 2247 405 2278 valde
435 2248 614 2289 importuna
631 2260 640 2289 ς
672 2252 753 2292 quasi
770 2251 891 2284 scilicet
909 2261 981 2284 ante
995 2261 1064 2283 eam

199 2289 299 2329 legem
338 2288 473 2320 licuisset
518 2290 632 2322 haeredi
666 2292 863 2325 inhumatum
888 2294 1064 2333 relinquere

198 2329 381 2360 defunctum
396 2353 406 2369 ,
439 2340 536 2371 quum
561 2332 629 2364 fieri
650 2343 784 2375 nequeat
799 2358 809 2374 ,
840 2335 914 2376 quin
935 2335 1013 2366 illud
1028 2334 1066 2366 fit

199 2371 280 2410 juris
295 2371 511 2412 antiquissimi,
536 2382 572 2404 ac
589 2375 744 2406 continuo
762 2386 834 2407 cum
851 2376 1064 2416 jurehaeredi-

203 2411 283 2443 cario
301 2412 481 2445 introducti.
529 2413 624 2446 Certe
646 2416 761 2448 Marco
788 2416 981 2459 Imperatore
997 2418 1065 2448 lon-

203 2462 241 2494 ge
255 2451 349 2484 fuiss‘e
366 2454 523 2494 antiquius
545 2454 668 2489 constat
684 2467 724 2489 ex
735 2458 881 2490 Trebatii
897 2458 1065 2492 Labeonis-

203 2502 264 2535 que
282 2492 435 2526 sententia
452 2496 483 2526 in
504 2497 524 2527 l.
545 2507 592 2538 14.
617 2498 645 2539 §.
668 2508 714 2531 11.
747 2499 783 2534 ἐξ)
816 2510 863 2542 13.
883 2501 922 2541 ff.
951 2503 985 2532 de
1009 2500 1066 2531 Re-

202 2536 258 2576 lig.
283 2534 442 2576 &sumpt
462 2538 536 2576 fun.
559 2548 661 2580 neque
693 2548 787 2572 aetate
812 2542 915 2574 Marci
945 2540 1067 2574 obsole-

201 2575 280 2608 visse
291 2577 416 2617 potuit,
440 2587 536 2618 quum
553 2579 698 2612 Edictum
712 2591 898 2624 perpetuum
914 2583 1068 2615 haeredem

202 2626 328 2659 quoque
344 2617 518 2659 obligatum
537 2629 635 2661 ponat
652 2622 682 2653 in
707 2624 726 2653 l.
748 2633 794 2655 12.
821 2623 849 2664 §.
870 2634 899 2655 2.
926 2624 999 2655 Eod.
1012 2624 1068 2656 nisi

226 2659 273 2691 uis
291 2659 319 2691 ὅ(
337 2659 368 2690 id
394 2667 470 2691 tunc
490 2670 524 2692 ea
543 2669 631 2702 parte
659 2663 837 2695 obsoletum
858 2664 962 2706 fingat.
1008 2665 1068 2697 Scd

201 2669 241 2731 {ie
257 2699 431 2741 Capitolini
455 2701 529 2733 loco
552 2702 682 2743 dubito,
707 2705 781 2746 quid
800 2706 903 2737 minus
921 2706 1005 2737 reae
1022 2707 1066 2738 di-

202 2741 231 2772 ci
258 2741 368 2782 ponit,
401 2741 457 2773 nisi
474 2742 561 2774 forte
591 2744 708 2776 dixerit
724 2746 907 2786 Salmasius,
931 2747 982 2788 qui
1008 2757 1067 2789 pro

202 2783 294 2814 vellet
315 2781 459 2815 rescribit
486 2785 577 2821 belle.
608 2785 690 2826 quasi
716 2786 886 2818 vetuiss'ent
902 2811 912 2827 ‚
936 2798 975 2819 ne
998 2789 1068 2830 quis

201 2823 339 2862 bellum,
359 2824 482 2866 elegans
495 2849 508 2864 ,⁴
517 2835 756 2859 monumentum
774 2827 967 2869 exstrueret,
983 2830 1068 2871 quod

204 2873 298 2896 nemo
313 2865 407 2896 etiam
417 2866 608 2906 probaverit.
636 2868 791 2901 Gruterus
810 2869 875 2901 loci
891 2870 1004 2901 vitium
1023 2871 1069 2901 in-

204 2904 308 2949 dicare
329 2914 518 2947 contentus,
543 2909 729 2942 medicinam
753 2920 816 2942 non
833 2911 951 2943 attulit.
997 2912 1068 2953 Ego

206 2947 275 2976 sane
296 2947 435 2979 nondum
451 2948 626 2989 constitui,
650 2961 688 2983 an
709 2951 882 2993 Capitolini
899 2952 1006 2991 locus,
1032 2961 1068 2984 ut

204 2994 288 3030 nunc
304 2987 434 3028 legitur,
459 2989 496 3022 sit
523 2990 681 3032 habendus
702 3002 760 3034 pro
780 2993 962 3033 deplorato,
986 2994 1066 3025 mul-

205 3032 246 3056 tis
263 3027 345 3058 enim
360 3030 479 3069 modis,
503 3031 655 3073 grassante
671 3033 775 3074 peste,
808 3044 844 3065 ea
863 3035 914 3066 lex
930 3035 993 3066 dici
1011 3044 1065 3076 po-

207 3064 268 3096 test
285 3089 295 3104 ,
326 3077 387 3107 ne,
422 3071 467 3101 uti
493 3073 561 3112 quis
586 3074 666 3105 velit
684 3098 696 3114 ‚
725 3074 861 3106 fabricet
880 3075 1064 3117 sepulerum.

207 3105 314 3151 Atque
336 3108 401 3153 boe
428 3111 520 3152 legis
543 3123 760 3155 argumentum
782 3126 903 3147 narrare
928 3116 999 3149 satis
1018 3117 1067 3149 ha-

206 3145 504 3194 buit-Capitolinus,
537 3163 633 3194 quum
655 3157 741 3189 varia
765 3156 852 3188 forte
867 3156 985 3189 fuerint
1001 3159 1067 3198 ejus

208 3186 300 3228 Legls
325 3196 449 3228 calma,
480 3202 549 3232 quae
576 3195 768 3235 perscribere
790 3198 943 3240 longioris
958 3198 1067 3233 fuisset

1091 638 1216 670 operae,
1248 639 1379 662 numero
1400 631 1537 671 plurium
1561 635 1678 677 quippe
1691 636 1791 676 dixit,
1815 636 1893 679 leges
1912 637 1952 678 see

1089 672 1492 714 peliendisepulcrorumque
1508 674 1700 714 asperrimas.
1723 677 1812 710 Nota
1830 679 1876 711 est
1894 679 1959 712 R0··

1092 722 1257 744 manorum
1281 713 1313 744 in
1336 712 1486 755 sepulcris
1519 717 1640 751 luxuria
1657 743 1667 759 ,
1700 719 1782 751 hanc
1804 720 1958 754 Antonini

1095 762 1158 786 tem
1183 763 1238 785 ore
1254 753 1348 794 pestis
1371 755 1538 788 inhibuisse
1560 759 1707 792 videntur
1723 783 1735 799 ‚
1759 762 1789 793 &
1806 761 1874 803 lege
1896 762 1957 796 lam

1094 805 1156 827 con
1187 795 1307 835 ituiss'e,
1332 805 1371 827 ne
1388 797 1457 837 quis
1472 797 1612 839 sepulcra
1629 801 1782 834 aedificare
1797 803 1898 834 vellet
1913 804 1958 836 ηἰ-

1095 837 1154 869 mis
1171 837 1291 878 ampla,
1317 838 1346 869 &
1369 839 1590 872 accedentibus
1616 843 1881 883 poi-ticationibus
1899 845 1959 878 dif⁴

1095 878 1182 918 fusa,
1208 879 1330 910 inutilis
1345 880 1428 911 enim
1447 879 1509 921 est,
1535 884 1672 915 maxime
1688 885 1715 912 ω’,
1730 887 1813 920 λοιμῷ
1828 909 1837 924 ,
1860 895 1897 917 ea
1916 885 1958 919 se-

1096 921 1279 962 pulcrorum
1295 921 1470 961 amplitudo
1485 944 1497 960 ,
1530 933 1599 964 quae
1618 925 1688 956 aliis
1703 924 1834 966 sepelire
1851 926 1967 962 volen:

1098 962 1181 993 tibus
1195 960 1309 993 obstet.
1355 961 1461 1003 Vulgo
1479 963 1621 1006 alioquin
1639 975 1674 997 ea
1692 965 1834 1008 superbia
1849 977 1914 1001 non
1928 969 1958 1004 in

1097 1003 1279 1035 extruendis
1303 1003 1455 1035 duntaxat
1474 1029 1482 1044 ,
1520 1005 1570 1037 sed
1592 1007 1622 1038 ὃς
1639 1008 1671 1039 in
1690 1009 1878 1041 exornandis
1893 1020 1958 1042 mo-

1097 1044 1255 1076 numentis
1273 1044 1414 1076 obtinuit
1430 1047 1440 1076 l
1466 1046 1528 1086 1·.§-
1544 1051 1574 1079 6.
1585 1048 1621 1088 ff.
1646 1051 1680 1080 de
1689 1049 1785 1083 Mori.
1803 1051 1896 1091 infer.
1918 1051 1961 1085 fic

1099 1094 1201 1118 tamen
1219 1085 1248 1116 ὃς
1265 1094 1336 1116 ante
1351 1087 1491 1119 coercita
1506 1089 1543 1119 ab
1563 1089 1723 1123 Hadriano
1735 1114 1745 1130 ‚
1770 1102 1809 1124 ne
1826 1093 1960 1134 ejusmo-

1097 1129 1127 1159 di
1153 1127 1294 1166 sumptus
1315 1126 1435 1160 funeris
1464 1129 1553 1161 causa
1574 1130 1635 1162 esse
1656 1132 1841 1165 censeantur
1865 1136 1892 1166 l.v
1931 1145 1960 1178 7.

1097 1170 1126 1211 ᾗ.
1145 1179 1171 1201 1.
1190 1169 1229 1209 ff.
1244 1171 1277 1199 de
1296 1169 1396 1210 Relig.
1420 1170 1573 1212 &suumn
1587 1173 1662 1212 fun.
1706 1174 1811 1206 Etiam
1828 1176 1889 1208 alia
1927 1187 1961 1209 n-

1098 1211 1226 1242 toninos
1235 1210 1292 1241 hac
1307 1211 1392 1251 Lege
1417 1210 1508 1243 fuiffe
1522 1214 1710 1255 complexos
1733 1216 1844 1248 liceret
1862 1218 1963 1259 conji-

1099 1262 1188 1291 cere,
1222 1250 1272 1282 scd
1294 1253 1451 1292 conjicere
1479 1263 1617 1293 tantum3
1642 1266 1736 1297 quare
1749 1257 1874 1297 praestat
1897 1260 1965 1290 ἀπέ-

1098 1306 1160 1331 xa..
1206 1293 1259 1325 Sin
1279 1302 1383 1324 autem
1401 1293 1519 1326 sederet
1541 1295 1716 1337 Capitolini
1742 1298 1851 1331 locum
1865 1307 1968 1333 muta-

1098 1345 1149 1374 re,
1175 1335 1205 1366 &
1221 1335 1413 1374 emendare,
1449 1344 1484 1367 ut
1513 1338 1592 1369 certi
1612 1338 1641 1370 ὃς
1660 1339 1790 1380 expreffi
1808 1341 1884 1382 quid
1899 1341 1964 1376 san-

1098 1377 1181 1416 ciat,
1206 1377 1326 1418 poterit
1340 1376 1450 1417 juvare
1465 1377 1575 1411 Codex
1588 1379 1764 1422 Palatinus,
1789 1383 1840 1423 qui
1856 1382 1897 1415 fic
1914 1383 1966 1416 ha-

1098 1419 1169 1450 bet:
1195 1420 1431 1460 quondoquidem
1459 1422 1504 1451 ito
1528 1430 1674 1454 caverunt
1692 1447 1702 1462 ,
1738 1433 1773 1455 ne
1798 1426 1865 1465 quis
1888 1426 1968 1459 veno

1100 1460 1309 1500 abfricaretur
1316 1462 1495 1500 sepulcrum.
1544 1463 1595 1496 Ex
1622 1473 1686 1506 quo
1709 1474 1772 1497 non
1797 1465 1967 1501 difficulter

1099 1501 1274 1544 resurgeret
1292 1502 1459 1544 scriptura:
1485 1515 1521 1537 ne
1540 1509 1608 1546 qvis
1622 1508 1703 1539 vilice
1720 1508 1969 1548 adfabricaretur

1092 1545 1279 1586 sepulcrum.
1356 1554 1397 1577 uo
1422 1546 1463 1578 sic
1488 1547 1698 1580 constitutum
1712 1548 1811 1581 fuerit
1835 1548 1968 1595 spatium

1101 1586 1249 1628 aliquod,
1274 1596 1337 1627 quo
1377 1597 1510 1620 vacuum
1535 1590 1596 1622 esse
1619 1591 1787 1632 oportebat
1812 1591 1895 1623 inter
1908 1592 1968 1626 vil-

1102 1629 1146 1660 las
1169 1629 1199 1660 &
1228 1637 1432 1662 monumenta
1448 1653 1458 1669 ,
1493 1640 1533 1662 ne
1555 1631 1661 1664 feralis
1689 1632 1768 1664 odor
1783 1632 1969 1675 contagioso

1103 1678 1246 1712 tempore
1268 1679 1406 1703 noceret.
1453 1671 1496 1703 Et
1513 1673 1604 1713 plane
1619 1674 1717 1714 liquet
1739 1684 1779 1706 ex
1793 1675 1969 1717 Pomponio

1103 1712 1135 1744 in
1161 1713 1171 1743 l
1206 1721 1235 1754 3.
1269 1712 1297 1759 ᾗ.
1326 1723 1351 1745 1.
1377 1713 1417 1755 ff.
1442 1715 1474 1744 de
1498 1714 1595 1746 Mon.
1618 1716 1712 1754 infer.
1732 1715 1826 1748 fuiffe
1841 1717 1971 1758 legem,

1103 1763 1174 1794 quae
1192 1753 1409 1795 prohibuerit,
1432 1758 1555 1796 propius
1569 1757 1726 1796 aedificium
1741 1759 1871 1790 alienum
1884 1761 1970 1790 inira

1103 1795 1269 1836 legitimum
1283 1799 1397 1828 modum
1414 1805 1564 1830 mortuum
1586 1800 1701 1839 inferre
1720 1822 1729 1835 ,
1759 1799 1844 1841 quod
1866 1799 1905 1831 de
1927 1803 1973 1833 60

1103 1835 1233 1878 pedibus
1248 1847 1289 1869 ex
1305 1838 1379 1870 XII.
1416 1837 1550 1872 Tabulis
1572 1840 1652 1881 apud
1670 1839 1817 1873 Tullium
1838 1843 1873 1873 cie
1896 1842 1968 1874 LL.

1105 1878 1144 1910 II.
1169 1882 1221 1910 61.
1255 1880 1372 1920 accipit
1394 1879 1577 1913 Pancirolus
1599 1882 1678 1913 Var.
1703 1882 1789 1914 Left.
1812 1883 1902 1915 Libr.
1926 1883 1968 1917 ΙΙ.

1106 1920 1138 1951 C.
1159 1929 1209 1957 29-
1234 1921 1318 1961 quod
1336 1920 1373 1952 ab
1393 1922 1535 1953 aedificiis
1551 1930 1693 1965 tempore
1719 1921 1813 1965 pestis
1829 1924 1865 1956 ad
1882 1935 1969 1966 quas-

1107 1970 1231 1999 cunque
1254 1962 1346 1994 villas
1370 1962 1557 1995 transtulisse
1581 1964 1789 2007 Imperatores
1812 1975 1877 1998 non
1894 1965 1941 1998 est
1956 1990 1968 2006 ,

1105 2002 1189 2043 quod
1213 2003 1370 2035 miremur.
1416 2003 1492 2035 Hoc
1522 2004 1543 2037 fi
1574 2015 1638 2038 non
1662 2006 1784 2048 placeat
1800 2031 1809 2045 ‚
1834 2007 1970 2048 placebit

1104 2036 1254 2082 fortasse,
1279 2044 1300 2077 si
1322 2045 1401 2086 apud
1428 2044 1663 2087 Capitolinum,
1689 2047 1726 2078 ad
1743 2048 1875 2089 vestigia
1891 2048 1968 2081 Vul-

1105 2092 1186 2127 gatae
1208 2084 1373 2127 scripturae
1393 2111 1403 2125 ,
1436 2086 1480 2118 ita
1500 2087 1603 2128 legas,
1629 2091 1865 2131 quandoquidem
1883 2100 1972 2122 cave-

1106 2133 1198 2166 runt,
1209 2136 1245 2158 ne
1260 2136 1323 2158 UNI
1340 2130 1407 2167 quis
1421 2129 1512 2159 vellet
1521 2130 1872 2171 fabricarefhpulcrum.
1893 2131 1972 2164 Hoc

1106 2168 1171 2207 est,
1202 2177 1242 2199 ne
1269 2168 1360 2200 unius
1384 2169 1536 2201 duntaxat
1555 2171 1652 2204 cineri
1674 2172 1840 2204 inserviret
1859 2182 1970 2205 monu-

1106 2215 1264 2248 mentum,
1290 2209 1358 2241 aliis
1373 2209 1489 2242 inferre
1504 2212 1633 2245 vetitis:
1659 2214 1744 2255 quod
1756 2222 1972 2255 opportunum

1107 2259 1172 2282 erat
1192 2249 1387 2282 constituisse
1401 2251 1529 2285 intanta
1545 2253 1792 2300 sepeliendorum
1807 2256 1972 2287 hominum

1108 2291 1294 2325 necessitate.
1341 2291 1446 2334 Atque
1466 2294 1512 2326 ita
1529 2318 1539 2334 ,
1571 2296 1636 2327 ilve
1664 2295 1855 2328 sanctionem
1878 2295 1972 2337 Legis

1108 2332 1279 2375 expressam
1300 2333 1438 2366 dicamus
1458 2360 1466 2375 ‚
1499 2335 1562 2368 five
1582 2346 1645 2368 non
1670 2337 1828 2376 dicamus,
1852 2336 1972 2379 semper

1109 2375 1224 2415 absque
1243 2375 1275 2405 vi
1291 2375 1401 2415 majori
1420 2377 1499 2409 bene
1514 2377 1574 2408 erit
1593 2377 1787 2419 CapitolinO.

1152 2415 1259 2448 Redeo
1271 2416 1307 2447 ad
1327 2416 1505 2458 Ulpianum.
1536 2417 1664 2458 Utrum,
1679 2419 1780 2460 inquit
1790 2442 1802 2458 ,
1821 2421 1972 2460 negotium

1110 2460 1178 2500 quis
1196 2458 1245 2488 vei
1267 2458 1421 2498 defuncti,
1450 2461 1500 2490 vel
1524 2461 1648 2492 haeredis
1666 2463 1749 2502 gerit
1767 2484 1777 2498 ‚
1804 2463 1854 2494 vel
1880 2460 1974 2502 ipsius

1110 2501 1322 2531 humanitatis.
1367 2499 1413 2531 Ut
1431 2499 1553 2532 seilicet
1573 2502 1718 2534 omnibus
1744 2502 1793 2534 his
1812 2502 1972 2545 speciebus

1110 2548 1290 2583 repetantur
1309 2540 1469 2581 sumptus3
1492 2541 1544 2574 sed
1559 2542 1646 2582 haec,
1670 2553 1732 2584 quo
1751 2544 1842 2585 paeto
1857 2544 1973 2577 intelli-

1111 2583 1142 2624 gi
1167 2589 1281 2623 queant
1299 2604 1309 2620 ,
1340 2592 1405 2613 non
1428 2583 1653 2616 animadverto.
1698 2585 1848 2627 Sumptus
1872 2585 1972 2618 factos

1110 2623 1179 2664 quis
1196 2623 1330 2664 repetit,
1355 2631 1408 2654 aut
1428 2632 1572 2665 tanquam
1589 2635 1647 2666 pro
1665 2625 1788 2658 baerede
1805 2631 1970 2668 erogatus,

1110 2673 1146 2695 ut
1163 2664 1184 2696 si
1198 2673 1256 2705 pro
1271 2664 1385 2703 Titi0‚
1410 2672 1464 2696 aut
1480 2673 1623 2706 tanquam
1640 2676 1698 2708 pro
1713 2666 1863 2700 defunCto
1874 2691 1884 2708 ,
1909 2676 1972 2709 quo

1109 2714 1338 2752 quemcumque
1355 2705 1508 2737 haeredem
1523 2708 1696 2749 obligavit3
1720 2717 1785 2741 non
1804 2709 1894 2740 datur
1912 2716 1972 2741 ter-

1111 2754 1199 2778 tium.
1246 2746 1400 2792 Quinimo
1418 2747 1471 2788 qui
1488 2749 1687 2781 humanitatis
1703 2759 1779 2791 ergo
1799 2749 1971 2792 impendit,

1110 2787 1188 2819 nihil
1205 2787 1341 2828 repetit,
1367 2797 1463 2828 quum
1483 2799 1540 2820 nec
1555 2791 1606 2831 qui
1622 2793 1746 2830 pietatis
1768 2791 1820 2823 vel
1840 2790 1970 2833 offeiiio·

1110 2831 1177 2865 nis,
1199 2835 1235 2859 ut
1251 2838 1326 2860 mox
1348 2828 1450 2868 addit,
1476 2839 1607 2872 quaeque
1632 2833 1763 2864 omnino
1783 2831 1854 2864 sunt
1877 2832 1975 2874 paria,

1112 2868 1277 2901 Accursius
1293 2871 1509 2915 humanitatem
1529 2872 1698 2915 intelligit,
1708 2873 1869 2913 secundum
1883 2883 1972 2916 quam

1110 2909 1235 2950 interest
1247 2934 1256 2947 ‚
1267 2910 1307 2941 'ut
1324 2921 1402 2942 unus
1421 2912 1658 2954 alteriserviat‚
1673 2925 1731 2947 non
1747 2922 1781 2946 ut
1796 2917 1892 2947 donet.
1914 2915 1970 2948 Pe-

1111 2959 1177 2983 trus
1186 2951 1283 2983 Faber
1296 2951 1332 2983 L.
1345 2951 1383 2983 II.
1397 2953 1533 2994 Semestr.
1546 2955 1611 2987 01.
1623 2964 1735 2988 notato
1744 2955 1972 2996 Accursio‚val-

1110 2993 1286 3032 demittat,
1308 3002 1341 3024 ut
1360 2995 1594 3035 humanitatem,
1609 3007 1700 3038 quam
1718 2997 1798 3039 apud
1808 2999 1888 3030 alios
1911 2998 1972 3030 Au-

1110 3035 1211 3074 (tores
1229 3034 1259 3064 in
1278 3043 1310 3065 re
1330 3033 1492 3076 sepulcrali
1509 3047 1526 3068 a
1543 3039 1653 3077 pietate
1667 3048 1730 3070 non
1746 3037 1871 3071 differre
1896 3047 1970 3071 con-

1111 3074 1224 3112 sentit,
1249 3074 1320 3106 hcic
1345 3083 1448 3109 tamen
1473 3077 1608 3111 sollicite
1634 3079 1827 3121 distinguat,
1858 3081 1903 3112 ita
1928 3086 1972 3111 ta-

1110 3125 1180 3148 men
1192 3139 1202 3155 ,
1226 3115 1257 3146 ni
1275 3115 1391 3156 fallor,
1419 3126 1453 3150 ut
1468 3119 1539 3160 post
1554 3121 1677 3153 anxiam
1698 3121 1906 3154 cruditionem
1920 3120 1972 3152 de-

1109 3167 1173 3189 nuo
1193 3156 1349 3189 relabatur
1366 3158 1404 3190 ad
1423 3159 1615 3194 Accurfium.
1661 3160 1839 3194 Defiderius
1860 3160 1972 3194 Herai-

1107 3198 1165 3230 dus
1188 3197 1319 3240 Observ.
1340 3198 1378 3236 ὃ·
1400 3203 1512 3235 emend.
1536 3202 1570 3235 C.
1601 3201 1761 3236 XXXIV.
1787 3203 1864 3245 legit
1878 3224 1889 3241 ,
1920 3200 1970 3232 v‘el

1879 3241 1968 3283 ipfius
