2008 3436
119 101 558 143 OBSERVATIONUM
589 99 722 149 JURIS
747 96 957 134 ROMANJ
1006 96 1093 131 LIB.
1120 95 1204 132 VH.

25 189 192 222 defecerat.
215 185 301 218 Inter
313 185 490 226 Scriptores
500 183 626 215 illorum
642 187 819 225 temporum
832 187 884 210 ne-

25 242 78 265 mo
90 232 229 264 Romane
238 253 247 268 ,
260 227 350 269 pauci
364 226 476 259 Latine
485 224 713 266 loquebantur-3
728 220 801 267 JCtr
814 229 884 267 prae

24 273 140 306 ceteris
171 270 297 312 quidem
326 268 488 306 terliorcs,
512 273 624 311 utpote
639 262 756 296 adsueti
774 264 886 308 prilca-

21 325 90 348 tuan
109 315 214 355 legum
232 311 336 343 verbis
353 311 383 342 ἅ
406 309 567 347 formulis,
593 306 643 338 led
667 315 684 337 a
706 304 772 350 labe
791 304 821 335 δι
841 312 887 349 ν)-

23 358 70 388 tio
89 354 197 389 seculi
218 362 281 384 non
308 351 372 394 ipse
400 351 489 383 Valla
517 359 572 381 cos
590 346 772 380 absolverit.
820 343 887 376 Hic

22 398 189 439 Cujacium
209 395 313 426 turbat
333 393 386 424 illa
404 391 548 434 loquutio
580 391 610 422 in
633 390 661 421 cl.
685 388 705 420 l.
738 397 784 419 10.
814 384 888 433 post-

24 449 111 484 quim
133 433 300 479 apertiffi.·ne
317 435 417 475 fuerit
434 439 519 475 pater
540 433 678 475 ignotus,
709 431 757 462 ubi
778 430 859 470 degat
876 449 888 466 ,

23 480 59 516 &⁹
77 492 116 513 an
134 477 268 520 luperstes
279 474 320 515 fit
332 499 343 515 ,
375 477 403 508 ὁὶ
422 477 526 507 turbat
538 498 547 513 ‚
582 473 718 514 opinor,
739 470 889 518 Graecum

23 515 146 555 dicendi
175 528 271 562 genus
290 540 301 556 ,
337 517 423 559 quod
454 517 505 548 hic
539 514 662 547 servant
695 513 816 546 Baliliei
847 511 886 542 L.

25 561 181 598 XXVIII.
208 560 241 592 T·
264 569 295 600 4.
321 559 354 591 C.
376 569 405 600 7.
430 561 579 592 ὅγνωςθό
605 557 710 594 πατῆξ,
734 555 785 584 ἐἷπε
802 555 887 591 odia,

26 613 50 641 ..ξ
66 608 85 635 ιι·
103 606 209 639 τιμάων
221 626 228 639 ,
250 604 368 644 ignotus
382 606 490 642 poter,
512 601 560 631 uhi
569 598 609 638 sic
622 620 632 636 ,
656 598 692 632 ὅ)
707 594 886 637 ansicpetstt‚
904 627 906 630 ,

26 642 77 681 scd
105 655 169 678 non
195 643 331 676 servavit
362 642 617 683 liar-menopulus
649 640 688 671 L.
712 639 767 671 lV.
798 638 831 670 Τ.
856 647 890 686 4'.

27 691 56 733 ᾗ.
81 697 128 721 10.
150 688 204 728 qui
225 685 344 722 vertit,
370 688 411 714 ik.
436 686 580 721 ἀῑιιῆιη,
613 682 653 710 rran
678 682 759 716 &uiui
776 704 784 716 ,
810 681 851 714 ’¹534
871 689 889 706 u

27 734 122 766 „eino
133 753 142 767 ‚
159 727 187 768 fi
208 730 378 770 ignoretur,
400 728 448 757 ubi
459 731 546 767 puter
563 725 644 756 cievit
661 722 697 758 &³
713 719 891 763 cuisuperfit,

26 782 62 806 ut
82 772 179 813 magis
198 769 309 802 Latine
328 767 512 799 diceremus.
556 748 615 798 Sed
633 773 711 796 vero
727 764 756 795 in
776 763 890 794 Pande-

24 817 81 848 eus
101 815 191 855 plura
213 810 276 842 dici
304 807 505 848 Graecanicc,
530 817 624 840 nemo
642 807 785 847 ignorat,
808 802 889 850 polt-

27 865 121 899 quum
143 849 351 894 Augustinus,
375 850 566 889 Briss'onius,
591 849 619 880 <St
637 847 688 888 qui
710 847 744 878 de
768 845 888 877 Lattm-

30 905 89 931 τοτε
107 902 237 928 veterum
262 892 405 924 ‘³'thrum
425 891 482 924 scri
508 890 543 923 iit
559 896 590 931 p.
636 898 686 928 47.
711 891 783 929 358.
814 888 885 931 406.

28 941 59 973 δι
88 938 120 970 in
143 936 232 969 Notis
259 913 407 966 bur-erus
437 935 542 964 nolet
564 931 616 963 He
631 930 796 967 lenisznos‚
821 928 886 973 ubi-

28 990 89 1023 que
107 977 222 1011 obvios
242 1000 252 1015 ‚
282 975 500 1006 exhibuerunt.
545 972 659 1009 Add0,
684 969 767 1011 quod
789 977 888 1009 magis

30 1023 67 1055 ad
86 1029 169 1057 rem,
202 1018 286 1049 illam
312 1015 451 1056 phialin,
479 1015 596 1056 ignotus
611 1013 660 1044 iile
674 1033 685 1050 ,
706 1012 755 1042 ubi·
776 1011 857 1052 degit
876 1031 888 1047 ‚

28 1063 102 1102 vel,
125 1058 208 1101 quod
227 1058 353 1099 perinde
368 1055 412 1087 cst
428 1078 438 1093 ‚
462 1053 633 1096 manifestus
645 1053 695 1084 ille
711 1053 761 1083 hoc
781 1053 828 1083 vel
851 1051 887 1082 il-

29 1105 80 1138 lud
89 1103 213 1143 facere,
244 1098 321 1130 adeo
343 1097 430 1137 ⁸lCtis
460 1095 575 1128 nostris
600 1095 661 1127 css'e
678 1093 888 1130 familiarem,

28 1154 66 1178 ut
82 1143 130 1176 bis
147 1150 182 1172 ea
201 1148 306 1172 utatur
323 1138 475 1180 Ulpianus
495 1139 525 1170 in
549 1138 569 1169 l.
602 1148 651 1170 22.
678 1135 707 1177 §.
728 1140 757 1171 8.
775 1134 816 1177 ff.
840 1134 887 1165 So-

27 1188 81 1220 lut.
103 1184 264 1215 matrimon.
290 1179 381 1212 semel
403 1180 541 1222 julianus
561 1180 591 1211 in
608 1180 629 1210 l.
644 1189 672 1220 3.
691 1177 731 1219 ff.
756 1179 789 1208 de
814 1176 885 1209 Dot.

22 1226 142 1270 praeleg.
167 1224 196 1256 δι
216 1225 330 1255 iterum
353 1222 484 1260 Paulus,
515 1221 592 1263 legis
612 1224 727 1253 noltrae
744 1218 852 1250 auster
872 1243 882 1258 ‚

27 1271 60 1302 in
83 1268 103 1299 l.
128 1276 178 1309 33.
206 1264 246 1306 ff.
278 1266 312 1295 de
347 1263 455 1306 Legat.
479 1262 502 1295 Ι.
538 1262 632 1302 scio,
658 1262 752 1294 ctiam
766 1260 883 1293 Tribo-

25 1310 122 1344 niano
140 1307 235 1340 trit-ui
258 1307 285 1337 d.
308 1306 328 1338 l.
350 1315 399 1337 22.
425 1305 451 1347 §.
478 1309 508 1339 8.
533 1304 562 1337 &
586 1306 613 1337 d.
639 1305 660 1336 l.
684 1313 734 1345 33.
768 1301 818 1335 sed
833 1302 883 1343 Ju-

26 1352 114 1385 liano
134 1358 197 1381 non
217 1347 281 1388 est,
315 1347 369 1389 qui
389 1357 452 1379 non
473 1346 588 1378 tribuat
612 1347 639 1378 d.
665 1347 685 1378 l.
708 1355 737 1387 3.
764 1345 816 1376 ubi
837 1353 884 1385 ea-

25 1394 98 1426 dem
120 1389 278 1432 loquutio.
332 1388 418 1434 Quin
439 1389 467 1421 &
490 1388 571 1420 idem
586 1388 709 1420 dicendi
730 1396 825 1428 genus
842 1395 886 1417 re-

68 1435 146 1466 ritur
175 1431 256 1474 apud
274 1430 427 1464 Tacitum
459 1429 500 1462 L.
521 1429 559 1462 ΙΙ.
584 1429 698 1461 Annal.
727 1429 758 1460 C.
780 1438 831 1470 57.
853 1426 888 1462 &⁹

61 1502 67 1508 .
89 1474 164 1508 XV.
201 1475 231 1505 C.
257 1483 307 1514 54.
341 1474 373 1505 C.
397 1476 449 1504 60.
479 1470 514 1507 ἃ
551 1472 582 1503 C.
605 1475 655 1503 66.
682 1472 712 1503 ἃ
729 1470 809 1512 apud
826 1469 887 1501 Au-

22 1519 146 1551 Qorem
167 1515 290 1558 Dralogi
305 1516 339 1546 de
362 1515 480 1547 Orator.
505 1514 537 1545 C.
561 1517 608 1545 16.
633 1523 702 1555 quae
720 1512 886 1553 utiquene·

25 1570 81 1594 mo
103 1557 292 1599 interpolata
314 1557 422 1598 finget.
468 1555 568 1596 Igitur
595 1554 659 1587 five
679 1553 887 1586 Graecismum

25 1602 126 1634 latere
142 1599 301 1632 credamus
320 1599 353 1630 in
375 1600 403 1630 (ι’.
425 1597 460 1629 l.·
476 1606 521 1629 10.
552 1595 616 1628 five
634 1606 698 1629 non
714 1595 886 1634 credamus,

23 1652 115 1685 aeque
135 1651 183 1674 res
202 1639 246 1672 est
266 1639 297 1671 in
321 1639 423 1678 vado,
447 1647 520 1670 cum
542 1639 622 1679 apud
642 1638 888 1676 Auctores,tam

23 1684 168 1723 nostros,
192 1690 284 1724 quam
302 1688 451 1719 exteros,
476 1688 526 1712 tot
541 1680 694 1722 exemplis
714 1678 745 1712 se
767 1685 890 1711 tueatur

22 1725 115 1760 Pauli
134 1723 293 1771 loquutio.

65 1767 98 1800 Si
117 1766 209 1798 nobls'
224 1774 273 1797 res
289 1765 365 1798 effet
379 1774 452 1797 cum
471 1764 613 1797 Antonio
630 1763 731 1796 Fabro
742 1786 753 1802 ‚
773 1763 799 1795 is
819 1771 888 1793 cau-

21 1809 165 1847 fatetur,
197 1806 303 1839 omnia
325 1808 379 1839 illa
402 1807 483 1848 Juris
503 1807 624 1848 capita,
649 1815 718 1846 quae
738 1811 834 1847 agunt
852 1803 890 1835 de

23 1850 144 1894 nuptiis
161 1848 332 1885 liberorum
352 1857 440 1891 patre
456 1849 587 1890 captivo
609 1847 662 1880 vel
674 1846 818 1886 absente,
829 1854 889 1877 ma-

600 1937 956 1975 CAPUT

1259 96 1361 133 CAP.
1390 97 1526 136 XXIV.
1554 97 1672 135 XXV.
1726 105 1799 141 245

928 178 958 210 le
981 177 1161 214 cohaerere,
1186 174 1248 207 ess'c
1267 176 1399 209 confusa
1419 178 1448 209 ἅ
1469 177 1523 210 fibi
1544 179 1683 211 invicem
1699 184 1799 219 oppo-

928 219 992 252 fita.
1038 218 1124 250 Mox
1154 218 1221 248 naec
1239 240 1250 256 ,
1282 219 1510 260 qualiacunque
1531 219 1609 259 sint,
1643 219 1803 251 addiceret:

929 259 1152 297 Triboniano‚
1186 267 1221 290 Ut
1247 258 1328 291 solet
1354 260 1481 299 omnia,
1507 270 1578 301 quae
1597 261 1649 292 vel
1670 269 1735 292 non
1753 258 1800 290 in-

931 302 1071 343 telligit,
1095 301 1148 333 vel
1172 300 1295 332 turbata
1321 301 1438 333 censet.
1485 301 1571 334 Ecce
1587 311 1680 342 quam
1700 299 1800 332 varie.

930 343 1163 386 'l'ryphoninus
1182 341 1365 384 snnpliciter
1381 342 1491 375 scribit
1511 343 1543 374 in
1567 343 1594 374 d.
1619 342 1639 374 l.
1657 352 1702 374 12.
1727 341 1756 382 §.
1768 351 1799 383 3.

925 386 967 428 ff.
995 388 1028 416 cle
1065 385 1147 425 Capu
1181 383 1217 418 {9⁹
1241 382 1367 426 postlz'm.
1392 385 1498 426 reveoyl
1532 384 1636 416 medio
1658 391 1803 424 tempore

931 426 1127 469 captivitatis
1160 424 1259 458 filium
1285 425 1512 468 poll'educere
1547 435 1699 464 uxorem,
1732 423 1804 465 quia

932 477 1021 510 pater
1039 468 1185 508 captivus
1198 490 1209 506 ‚
1244 466 1265 500 fi
1286 478 1350 500 non
1378 467 1558 500 consentire
1574 467 1715 508 nuptiis,
1739 464 1803 496 uti.

932 520 993 552 que
1015 518 1073 541 nee
1092 508 1252 542 dill‘entire
1269 509 1379 551 possit,
1402 512 1431 542 ἃ
1451 511 1482 542 id
1501 509 1627 551 exigere
1646 507 1808 549 publicam

932 551 1111 592 nuptiarum
1134 551 1318 583 utilitatem.
1363 551 1517 594 Ulpianus
1542 552 1573 583 in
1593 552 1621 582 ci.
1648 551 1709 587 l-9-
1724 547 1751 590 ᾗ.
1775 556 1804 579 1.

925 592 965 635 ff.
991 594 1024 624 <Ie
1049 592 1090 623 R.
1117 591 1161 623 N.
1198 593 1296 633 putris
1321 593 1457 625 reditum
1501 603 1534 625 er
1553 592 1726 625 triennium
1750 598 1805 620 ex-

935 634 1062 676 spectari
1083 633 1164 664 vult.
1211 633 1298 666 ldem
1321 636 1456 676 porrioit
1472 604 1586 668 iffaulus
1603 634 1634 666 in
1658 634 1686 664 ci.
1713 631 1734 664 l.
1756 640 1805 662 10.

935 677 1008 710 Eud.
1033 675 1071 722 ad
1090 683 1210 721 patrem
1237 685 1367 719 peregre
1396 661 1577 716 absentem,
1602 675 1642 716 fi,
1668 674 1721 706 ubi
1746 672 1806 711 fit,

935 721 965 750 dt
983 727 1021 749 an
1040 718 1094 762 ht,
1120 725 1293 757 ignoretur.
1340 718 1399 751 Sed
1424 718 1564 759 Julianus
1581 718 1612 750 in
1637 716 1731 758 kjoq.
1754 723 1803 746 11.

933 760 1024 792 illico
1053 758 1198 798 lubjicit,
1233 760 1263 790 ὃς
1289 760 1320 791 id
1345 769 1470 802 quoque
1488 760 1693 801 fimpliciter,
1718 764 1806 788 utro-

932 811 993 848 que
1021 798 1094 832 casu
1108 822 1119 838 ,
1152 807 1214 832 tam
1236 801 1432 842 captivitatis
1453 826 1462 841 ‚
1495 811 1588 843 quam
1610 800 1739 832 alterius
1752 798 1805 829 ab·

932 842 1039 874 ientiae
1057 863 1068 879 ,
1108 841 1225 873 liberos
1254 843 1418 885 utriusque
1447 843 1540 876 sexus
1572 842 1656 875 reue
1678 839 1805 883 nuptias

931 882 1118 916 contrahere
1136 904 1147 920 ,
1185 884 1332 915 dummodo
1359 895 1422 916 eam
1441 884 1526 925 filius
1553 886 1641 916 clueat
1662 892 1805 919 uxorem,
1839 907 1851 917 .

930 925 978 956 vel
1001 924 1072 964 filia
1091 924 1145 955 tuli
1165 926 1257 955 mahar
1277 948 1288 964 ,
1320 927 1401 969 cujus
1426 928 1619 958 conditionem
1638 931 1748 956 certum
1762 922 1806 962 fit

925 973 1042 1007 plurem
1053 975 1110 996 non
1118 967 1348 1006 repudiaturum.
1375 968 1434 1000 Sed
1453 969 1552 1000 nolim
1569 967 1712 999 frontem
1725 975 1803 997 con-

931 1008 1011 1053 trahi
1029 1017 1038 1045 3
1063 1007 1140 1038 benc
1158 1007 1321 1040 coh-<erent
1335 1009 1451 1041 omnia.
1495 1009 1587 1041 Patre
1605 1009 1736 1050 captivo
1753 1006 1808 1038 vel

930 1047 1140 1081 aliasabsente
1155 1048 1222 1088 ejus
1240 1049 1377 1081 reditum
1394 1050 1566 1091 praestolari
1583 1057 1714 1091 oportet
1730 1048 1806 1081 &fi-

930 1091 1008 1123 lium
1033 1091 1063 1122 &
1084 1089 1258 1122 filiamfam.
1284 1091 1322 1122 ad
1341 1101 1438 1132 usque
1459 1091 1630 1124 triennium
1647 1115 1656 1131 ,
1680 1091 1711 1123 id
1733 1090 1808 1121 dan-

929 1132 1004 1163 dum
1023 1131 1190 1163 videbatur
1208 1133 1395 1164 reverentiae
1412 1141 1570 1175 paternae,
1596 1134 1625 1165 ἃ
1638 1133 1668 1165 id
1679 1141 1808 1174 quoque

929 1174 1061 1215 exigunt
1080 1173 1235 1220 Ulpianus
1262 1175 1292 1206 ἀ
1314 1174 1440 1207 Paulus.
1486 1175 1519 1207 T
1522 1175 1721 1218 ryphoninus
1738 1174 1806 1214 qui-

928 1216 1018 1254 dem,
1036 1225 1100 1247 non
1116 1215 1317 1257 exspectato,
1338 1224 1373 1248 ut
1389 1217 1535 1256 videtur,
1558 1217 1715 1256 triennio,
1739 1216 1809 1248 fim-

927 1258 1055 1304 pliciter
1070 1258 1195 1298 nuptias
1210 1258 1388 1298 permittit,
1407 1257 1458 1291 sed
1468 1258 1732 1300 quemadmodum
1743 1257 1808 1289 hoc

928 1299 1168 1341 intelligendum
1194 1298 1250 1339 fit,
1276 1299 1460 1342 diligentius
1483 1301 1617 1342 exponit
1645 1299 1808 1341 Julianus,

929 1349 1022 1383 negat
1037 1341 1112 1380 ille,
1138 1341 1358 1383 intempestiva
1372 1342 1457 1374 'vota
1473 1342 1535 1374 esse
1554 1342 1708 1384 urgenda,
1735 1340 1807 1380 sed,

929 1383 950 1416 fi
967 1391 1089 1415 certum
1110 1382 1147 1415 fit
1165 1405 1176 1421 ,
1200 1383 1419 1416 conditionem
1438 1385 1518 1426 patri
1538 1394 1603 1416 non
1621 1383 1682 1415 effe
1701 1382 1808 1425 displi-

929 1426 1082 1465 cituram,
1101 1434 1223 1456 moram
1238 1434 1365 1457 omnem
1382 1426 1538 1468 praecidit.
1562 1425 1708 1458 Extorsit
1725 1424 1809 1457 hanc

928 1476 946 1498 a
963 1468 1099 1500 triennio
1117 1467 1340 1508 exceptionem
1358 1468 1488 1500 evidens
1502 1468 1595 1500 ratio.
1640 1465 1736 1499 Abest
1755 1476 1808 1508 pa-

930 1517 988 1542 ter.
1035 1508 1179 1542 Offertur
1193 1508 1344 1541 filiaefam.
1365 1509 1449 1542 lauta
1467 1510 1613 1542 conditio
1630 1533 1641 1549 ,
1663 1518 1735 1541 nam
1754 1518 1808 1539 ec-

931 1561 968 1583 ce
986 1552 1085 1584 homo
1103 1551 1181 1583 bene
1198 1550 1375 1592 peculiatus
1392 1551 1476 1583 adest
1494 1561 1512 1583 e
1530 1551 1683 1583 machina.
1717 1549 1809 1597 Quid

930 1604 1034 1626 rerum
1057 1602 1128 1635 aget
1147 1593 1253 1634 puella
1270 1615 1282 1631 ,
1305 1591 1375 1634 ipsa¹
1387 1593 1510 1626 consilii
1530 1593 1622 1635 inops
1640 1592 1657 1625 ἱ)
1688 1592 1809 1624 hancce

931 1636 1151 1668 conditionem
1179 1634 1275 1666 dilabi
1304 1642 1465 1676 pateretur
1485 1635 1502 1667 ἱ)
1526 1642 1641 1676 negant
1659 1634 1740 1666 bene
1761 1632 1809 1665 fa·-

932 1678 1017 1709 etum
1038 1677 1162 1719 agnati,
1181 1677 1330 1718 cognati,
1347 1676 1516 1723 propinqui
1532 1685 1661 1715 omnes,
1674 1676 1713 1707 de
1731 1684 1808 1708 con-

933 1719 1002 1752 filio
1021 1720 1051 1751 ἀ
1067 1717 1220 1751 consensu
1236 1725 1375 1759 parentis
1395 1725 1519 1750 tantum
1535 1727 1600 1750 non
1619 1717 1710 1749 certi.
1735 1715 1769 1748 N
1772 1726 1806 1748 u-

933 1761 986 1793 bat
1002 1761 1099 1802 igitur
1116 1760 1209 1792 bonis
1228 1758 1348 1791 avibus.
1394 1759 1479 1791 Idem
1497 1759 1574 1800 juris
1596 1759 1641 1791 est
1669 1759 1702 1790 in
1724 1758 1808 1790 filio-

932 1802 1009 1835 fam.
1032 1802 1054 1835 fi
1071 1802 1167 1834 modo
1185 1801 1359 1842 contigerit
1377 1801 1490 1843 capitis
1507 1810 1652 1833 matrona
1676 1799 1808 1842 pudici,

933 1844 1029 1885 belli,
1051 1844 1174 1877 divitis.
1219 1842 1272 1876 Sic
1290 1843 1396 1876 omnia
1411 1843 1496 1875 reete
1513 1843 1688 1875 cohaerent.

1053 1936 1218 1973 XXV.

685 2026 794 2063 Variae
819 2026 1130 2063 Emendatizmculae.

27 2130 52 2164 1.
162 2127 283 2169 lpianus
305 2127 336 2160 in
358 2128 378 2159 l.
407 2138 455 2169 14.
479 2126 506 2169 §.
531 2137 563 2164 4.
584 2127 617 2158 in
635 2125 694 2166 fin.
711 2124 754 2167 ff.
776 2127 809 2157 a'e
831 2126 890 2158 Re-

185 2171 238 2214 lig.
264 2169 300 2204 &²
311 2170 421 2211 Jiunpt.
438 2170 511 2210 fun.
533 2169 596 2208 ait,
621 2167 740 2199 funeris
765 2177 892 2209 quoque

28 2211 200 2254 impensam
215 2210 296 2250 esse,
310 2210 338 2250 fi
360 2212 428 2252 quid
451 2213 483 2241 in
502 2219 627 2241 marmor
649 2210 697 2241 vel
712 2208 820 2250 vestem
837 2209 892 2240 col-

27 2255 192 2288 locandam.
236 2253 288 2285 Sic
308 2253 423 2292 ubique
438 2252 557 2282 editum
575 2251 666 2290 vidi,
688 2250 739 2282 sed
758 2251 832 2292 quid
856 2250 892 2283 fit

23 2295 136 2338 vestem
158 2295 293 2327 collocare
310 2316 322 2332 ,
340 2303 403 2325 non
422 2292 493 2324 satis
511 2292 666 2334 intelligo.
713 2292 762 2324 An
787 2291 893 2324 subau-

29 2337 151 2370 diemus
174 2339 206 2368 in
221 2336 334 2377 feretro
350 2358 360 2373 ‚
390 2334 463 2366 dum
481 2342 624 2365 mortuus
643 2332 773 2364 effertur
789 2333 805 2365 ‘3
839 2332 894 2365 Est

30 2379 63 2412 id
76 2377 290 2411 duriusculum
308 2387 317 2415 ;
340 2376 521 2417 simpliciter
547 2375 692 2416 intelligo
709 2398 718 2413 ,
743 2375 894 2417 quicquid

29 2420 216 2462 expenditur
231 2419 261 2450 in
283 2417 383 2449 vestes
397 2417 604 2458 sepulchrales
625 2441 634 2456 ‚
660 2420 689 2448 oc
711 2415 752 2448 fic
771 2426 896 2457 quoque

31 2461 153 2495 Basilici
170 2459 367 2501 interpretati
386 2457 454 2490 sunt
480 2458 519 2490 L.
546 2457 634 2490 LIX.
669 2458 704 2490 T.
732 2467 758 2489 1.
787 2458 819 2489 C.
846 2467 895 2498 14.

31 2502 61 2545 §.
82 2513 112 2544 4.
159 2502 246 2543 Lego
263 2502 359 2543 igitur
381 2501 597 2538 colloca-mimi,
620 2499 650 2531 δε
669 2499 714 2531 ita
731 2499 896 2541 legendum

29 2544 91 2576 effe
104 2543 255 2584 adieetum
278 2552 400 2574 marmor
429 2541 590 2583 fignificat.
631 2541 662 2573 Si
682 2541 756 2583 quid
775 2541 806 2572 in
821 2550 896 2572 mar-

32 2595 104 2618 mor
122 2585 173 2616 vel
189 2583 305 2616 vestem
327 2584 521 2615 colla-carnutum
534 2605 545 2621 ,
577 2582 607 2613 id
626 2581 671 2613 est
691 2607 700 2622 ‚
734 2583 896 2623 expenden-

31 2627 118 2664 dum,
140 2628 320 2669 erogandum.
367 2625 401 2657 In
421 2624 549 2656 eandem
566 2623 751 2656 sententiam
770 2622 835 2665 ipse
861 2623 897 2655 il-

28 2667 60 2700 le
73 2667 226 2709 Ulpianus
248 2667 405 2698 collocandi
420 2675 501 2697 voce
513 2665 583 2697 usus
600 2664 646 2698 est
664 2666 695 2697 in
716 2666 737 2697 l.
749 2676 778 2707 7.
801 2665 829 2706 ᾗ.
847 2674 895 2696 11.

27 2709 69 2781 ξ.
91 2711 124 2740 de
148 2707 272 2740 Admin.
295 2707 331 2742 ἐξ
347 2709 439 2748 peric.
461 2713 517 2739 tut.
542 2707 572 2739 ὅ(
593 2707 614 2738 l.
624 2717 677 2749 43.
699 2706 727 2749 ᾗ.
749 2718 780 2750 3.
799 2707 840 2748 ff.
862 2709 895 2738 de

62 2756 120 2782 νη.

76 2790 116 2822 ΙΙ.
141 2791 238 2837 Quod
254 2790 422 2823 Florentiae
439 2789 484 2822 est
504 2791 536 2822 in
564 2790 584 2822 l.
607 2800 660 2832 44.
694 2790 724 2832 §.
746 2795 778 2823 6.
797 2791 839 2834 ff.
861 2792 895 2823 de

38 2831 146 2873 Usicrp.
170 2832 206 2868 &³
226 2832 338 2873 uficcap.
360 2832 514 2865 furiosum
536 2832 664 2864 utilitate
686 2834 830 2873 suadente
854 2843 897 2865 re-

35 2872 137 2904 licium
158 2871 198 2914 est
220 2898 227 2905 .
249 2897 257 2904 .
279 2897 287 2904 .
309 2874 425 2914 implere
445 2875 666 2916 thucapsoneaz,
688 2873 809 2906 sensum
830 2884 896 2907 non

33 2914 139 2946 habet.
178 2915 334 2946 Robertus
347 2914 519 2956 Stephanus
535 2915 649 2956 aliique
665 2915 813 2948 Editores
830 2916 896 2948 sub-

34 2955 202 2987 stituerunt
217 2979 227 2995 ‚
253 2962 396 2996 receptum
409 2978 420 2994 ‚
443 2956 528 2996 quod
543 2954 714 2997 sequuntur
729 2957 895 2998 Cnjacius,

35 2996 221 3036 Russ'ardus,
245 2998 307 3028 alii.
341 2997 420 3028 Sunt
434 2997 487 3037 qui
503 2998 533 3028 δι
549 2997 608 3028 alia
621 3007 751 3041 quaeque
768 2999 895 3041 ineptis-

33 3037 109 3070 fima
132 3037 329 3070 infarcivcre.
376 3037 445 3078 Ego
467 3037 597 3069 malim:
621 3040 743 3072 relatu-n
767 3039 808 3082 est
829 3063 840 3080 ,
861 3048 897 3072 ut

32 3079 118 3110 enim
136 3078 270 3111 dicimus
290 3079 413 3110 relatum
431 3080 500 3119 quid
521 3078 571 3119 effe
580 3082 655 3118 apud
665 3081 895 3122 JCcos,quem-

34 3120 204 3152 admodum
226 3121 261 3152 in.
287 3121 308 3152 l.
333 3130 363 3151 2.
389 3119 416 3161 §.
439 3129 470 3159 5.
497 3120 538 3161 ff.
572 3118 635 3166 Qui
659 3128 720 3162 pet.
745 3129 831 3154 tulor.
854 3123 898 3154 ita

33 3161 216 3203 fimp'iiciter
237 3162 360 3193 relatum
380 3171 438 3202 pro
461 3163 536 3202 apud
547 3163 645 3204 JCcos
661 3164 693 3193 in
713 3173 807 3194 eorim
820 3165 899 3196 Scri-

29 3206 93 3248 pflis
106 3205 259 3244 [fabatum
276 3226 287 3242 ‚
318 3202 579 3244 quemadmodum
598 3206 630 3237 in
653 3203 674 3235 l.
702 3213 727 3235 1.
754 3203 783 3245 §.
811 3214 837 3236 1.
856 3204 897 3246 ff.

935 2127 968 2157 de
994 2125 1124 2157 Senator.
1151 2124 1172 2156 l.
1196 2134 1227 2167 3.
1251 2123 1280 2165 ὃ.
1299 2134 1330 2165 4.
1349 2123 1390 2166 ff.
1416 2125 1450 2156 de
1474 2123 1586 2156 Hered.
1609 2122 1702 2165 instit.
1729 2123 1759 2156 &3
1782 2124 1804 2161 l.

936 2178 966 2200 2.
988 2167 1017 2208 §.
1039 2177 1070 2207 5.
1090 2166 1132 2209 ff.
1154 2167 1192 2197 acl
1217 2167 1370 2207 Mcmz'cz'p.
1414 2166 1521 2208 Atque
1541 2167 1586 2198 ita
1601 2165 1806 2208 AuelorDia‹

935 2210 995 2252 logi
1023 2212 1055 2240 cle
1090 2210 1210 2240 Orator.
1244 2209 1276 2240 C.
1301 2211 1361 2240 22.'
1380 2207 1564 2250 simpliciter
1590 2207 1701 2248 referre
1723 2207 1807 2238 dixit

937 2261 994 2293 pro
1017 2251 1108 2282 locum
1130 2250 1308 2282 laudabiZem
1330 2256 1483 2282 annotare.

979 2292 1037 2324 III.
1059 2292 1152 2324 Aetio
1179 2291 1218 2323 de
1245 2290 1337 2323 servo
1361 2298 1515 2333 corrupto
1540 2291 1571 2323 in
1589 2290 1720 2332 duplum
1736 2289 1806 2330 est,

936 2344 975 2366 ex
1001 2343 1035 2365 re
1059 2334 1089 2365 ἃ
1113 2343 1207 2375 poena
1229 2333 1366 2364 mixtum
1383 2344 1390 2365 :
1416 2333 1454 2365 In
1474 2333 1528 2364 hac
1548 2332 1660 2364 afflone
1671 2355 1683 2372 ,
1702 2331 1809 2373 inquit

937 2376 1051 2408 Paulus
1071 2375 1102 2406 in
1132 2375 1153 2407 l.
1181 2384 1228 2416 14.
1260 2374 1290 2416 ᾗ.
1309 2384 1340 2415 5.
1366 2373 1407 2415 ff.
1439 2376 1472 2406 de
1496 2375 1580 2406 Serv.
1603 2379 1727 2414 corrupt.
1749 2383 1809 2405 non

937 2423 1022 2449 extra
1040 2426 1101 2448 rem
1121 2417 1238 2457 duplum
1261 2414 1321 2457 est,
1342 2418 1373 2448 id
1393 2418 1471 2448 enirn
1495 2417 1567 2458 quod
1587 2417 1688 2447 damni
1706 2416 1807 2446 datum

938 2457 998 2500 eft,
1020 2459 1168 2499 dupletur.
1213 2457 1300 2504 Quid
1321 2458 1418 2499 igitur
1435 2457 1490 2490 fibi
1509 2458 1581 2489 vult
1596 2457 1750 2499 Ulpianus
1774 2457 1809 2489 in

939 2502 960 2532 l.
986 2510 1033 2543 13.
1050 2507 1097 2541 pr.
1123 2499 1195 2532 Eod.
1221 2509 1294 2531 cum
1315 2501 1358 2531 ait
1381 2499 1468 2532 illam
1487 2499 1643 2531 actionem
1668 2499 1700 2529 in
1723 2498 1810 2529 here-

938 2542 1010 2573 dem
1037 2547 1103 2573 non·
1125 2541 1191 2573 dari
1206 2565 1216 2580 ,
1240 2543 1308 2582 quia
1321 2541 1447 2582 poenalis
1470 2539 1538 2582 est?
1561 2540 1660 2582 Atqui
1684 2548 1748 2571 non
1764 2539 1811 2571 est

939 2593 1023 2615 mere
1048 2583 1181 2624 poenalis
1199 2607 1209 2622 ,
1241 2583 1292 2614 sed
1313 2584 1342 2615 ἀ
1362 2583 1405 2614 rei
1431 2582 1683 2624 persecutionem
1706 2580 1809 2612 conti-

938 2634 1011 2663 net,
1037 2626 1066 2657 &
1083 2624 1188 2666 quidni
1208 2633 1338 2657 eatenus
1354 2625 1386 2657 in
1405 2624 1550 2656 heredem
1568 2622 1687 2654 detur?
1711 2620 1810 2653 Hunc

939 2666 1060 2699 sensum
1077 2666 1276 2706 habebimus,
1302 2666 1323 2698 fi
1341 2667 1479 2715 legamus
1489 2688 1500 2704 ‚
1523 2666 1554 2696 in
1574 2663 1720 2696 heredem
1745 2672 1810 2695 non

938 2709 1025 2748 dari,
1049 2718 1107 2750 qua
1123 2708 1248 2749 poenalis
1271 2707 1337 2749 est.¹
1367 2708 1464 2739 horte
1483 2707 1565 2738 idem
1585 2704 1732 2736 mendum
1753 2713 1808 2735 oc—

938 2750 1068 2794 cupavit
1092 2750 1113 2781 l.
1121 2758 1175 2790 51.
1191 2749 1232 2790 ff.
1252 2751 1285 2782 de
1307 2749 1489 2790 Recept.qm·
1508 2748 1612 2778 arbitr.
1634 2750 1725 2785 recep.
1735 2754 1807 2777 nam

938 2792 1112 2825 Florentiae
1133 2792 1224 2823 nullo
1239 2790 1327 2823 sensu
1344 2790 1460 2830 legitur
1475 2812 1485 2827 ,
1520 2788 1553 2818 Sz·
1572 2788 1605 2818 de
1625 2796 1654 2817 re
1665 2786 1724 2827 fica
1743 2788 1807 2828 quis

938 2835 1049 2866 arbiter
1069 2832 1174 2874 satius
1195 2831 1237 2871 sit
1257 2853 1269 2870 ,
1290 2832 1474 2873 senteutiam
1494 2830 1588 2860 dicere
1610 2837 1668 2858 non
1689 2826 1808 2868 potest.-

938 2877 1007 2918 quz'a
1021 2876 1055 2916 st
1071 2875 1176 2914 facere
1193 2874 1316 2915 jubeat,
1335 2877 1385 2902 aut
1399 2876 1497 2911 petere
1510 2870 1672 2910 prohibeat.
1718 2868 1807 2916 Quid

939 2918 980 2956 fi,
996 2917 1180 2958 sententiam
1196 2915 1290 2946 dicere
1312 2922 1370 2943 non
1385 2910 1478 2952 potest
1492 2934 1504 2950 ,
1523 2910 1623 2952 quase
1635 2910 1740 2950 facere
1757 2912 1808 2954 ju-

939 2960 1024 2996 beat,
1046 2962 1097 2988 aut
1114 2961 1213 2996 petere
1230 2954 1408 2996 prohibeat?
1431 2954 1484 2985 Sic
1503 2952 1606 2992 malo,
1626 2961 1718 2994 quam
1734 2962 1808 2985 cum

939 3000 1008 3031 aliis
1025 2996 1195 3030 rescribere
1209 2997 1325 3038 juberet
1346 2994 1376 3025 &
1394 2994 1569 3035 prohiberet.
1610 2992 1653 3025 In‘
1669 2997 1719 3026 τοῖς
1739 2996 1809 3036 quia

941 3041 971 3072 δι
990 3049 1048 3080 qua
1070 3037 1110 3071 sae
1120 3047 1151 3069 *e
1172 3038 1320 3070 Editores
1343 3034 1473 3067 variass'e
1491 3035 1635 3077 plurimis
1655 3036 1809 3077 exemplis

937 3079 1078 3122 'ostendit
1100 3047 1281 3111 &ahelinus
1301 3076 1373 3110 Best
1393 3076 1523 3108 Ratione
1549 3077 1658 3109 emend.
1688 3077 1746 3120 leg.
1774 3078 1808 3110 C.

944 3131 970 3153 1.
994 3120 1136 3161 Distinet.
1161 3131 1189 3161 7.
1211 3119 1240 3161 §.
1264 3130 1294 3151 2.

983 3162 1040 3195 IV.
1063 3162 1216 3203 Ulpianus
1231 3161 1276 3194 ait
1295 3161 1326 3192 in
1350 3161 1370 3192 l.
1391 3169 1416 3192 1.
1441 3159 1468 3202 §.
1494 3171 1523 3192 2.
1541 3159 1581 3202 ff.
1605 3161 1639 3194 de
1660 3160 1809 3195 Perta&
1831 3159 1836 3162 ’

941 3214 1040 3237 comm.
1060 3205 1210 3278 regi-rien&
1233 3202 1355 3236 dolium
1370 3201 1480 3243 signari
1497 3201 1614 3243 solere,
1632 3213 1667 3236 ne
1679 3202 1808 3246 simmac-

1146 3254 1159 3276 i
1181 3255 1200 3287 3
1721 3248 1805 3275 tetur.
