2008 3436
221 102 313 140 DE
363 99 587 139 ·FORo
660 94 1184 139 LEGATORUM,
1237 93 1594 131 CXXMLXXW.

29 188 58 221 8.
82 184 208 227 ejttsdem
233 182 361 222 Formoe,
385 183 440 224 qui
461 180 700 224 prorogationes
718 179 887 221 permittit.

26 226 157 260 Zelandi
188 225 304 258 dudum
332 223 527 257 contendiss'e
549 223 698 255 dicuntur
726 220 889 262 (Formul.

28 268 100 301 Lib.
124 266 148 299 1.
175 267 207 299 C.
234 267 258 300 I.
276 273 309 309 p.
333 276 370 298 m.
397 276 449 307 25.
465 266 483 308 )
499 265 592 297 etiam
611 263 837 305 prorogatione
859 262 890 294 in

28 309 156 341 Curiam
171 307 350 342 Hollandiae
365 306 465 347 facta,
475 306 645 340 Zelandum
657 313 760 336 tamen
778 304 815 335 ad
827 303 890 334 Cu·

26 351 104 384 riam
119 351 246 383 evocari
261 359 325 383 non
342 349 448 391 poffe3
480 348 541 380 uod
559 346 634 388 quid
650 345 888 384 fibivclit,non

26 390 100 425 satis
116 391 282 439 intelligo,
305 392 396 433 quia,
421 359 478 424 nisi
494 390 558 421 duo
572 387 701 421 Zelandi
720 388 821 419 eidem
840 388 887 428 ju-

25 433 202 465 risdictioni
218 433 354 471 lubfint,
375 431 632 473 prorogationem
649 430 711 470 jam
727 429 888 461 001100110-

25 482 74 507 rat
93 473 122 515 ᾗ.
147 484 178 517 3.
225 475 430 506 Conventionis
445 474 524 504 inter
542 471 706 504 Hanandos
729 471 888 503 Zeltmdos-

25 525 78 562 que
106 515 193 548 Anni
214 519 302 557 1607.
326 523 363 546 ut
379 515 431 553 dt,
455 513 565 546 iisdem
585 513 713 552 verbis,
737 513 888 545 concedit

27 560 58 599 ᾖ.
85 566 134 598 15.
181 557 386 590 Conventionis
400 557 479 588 inter
496 557 605 587 eosdem
622 555 709 586 Anni
728 558 818 595 ¹674-
845 555 888 587 Et

24 599 210 640 generaliter
231 597 396 630 dicendum
417 597 484 637 est,
509 597 531 630 fi
556 606 620 629 non
649 596 686 629 iit
713 597 785 635 lex,
818 605 888 636 quce

46 640 343 677 rohibeat‚omnem
358 640 618 680 prorogationem
635 638 790 680 permitti.
814 637 889 669 Pro-

24 649 115 714 gibet
129 683 159 713 d.
185 681 256 721 Cap.
283 690 333 712 12.
358 681 388 712 &
405 681 477 713 ideo
494 680 683 722 sequendum
703 678 770 718 cst,
793 688 833 710 cx
842 688 887 710 ra-

27 721 113 755 tione
125 722 202 763 juris
219 722 282 754 alio
307 723 360 754 uin
380 722 460 754 haud
476 723 636 754 immerito
651 721 799 763 displicet
818 719 887 752 Hil-

26 763 126 804 ligero
144 763 264 796 Donell.
322 764 400 796 nuel.
426 764 499 796 Lib.
522 762 629 796 XVII.
656 763 687 795 C.
716 773 764 795 10.
788 763 835 793 lit.
862 761 887 793 Ι.

25 803 95 838 Lex
117 805 310 838 Hollandica
333 805 428 837 etiam
454 805 601 847 prohibet
628 805 887 846 prorogationem

23 845 57 878 in
71 845 402 880 causaass'ecurationis
412 847 442 888 §.
465 852 494 882 8.
521 846 670 888 Ampliat.
695 846 789 878 For-m.
814 846 887 876 mri-

23 889 109 931 'usque
134 889 244 927 Curiae,
266 887 318 920 sed
340 889 424 921 reste
447 897 521 921 ante
538 898 605 920 eam
626 886 741 930 Legem
756 888 889 919 Senatus

23 929 195 972 Supremus
208 929 449 967 censuit,etiam
464 930 711 971 jurisdictionem
727 930 758 961 in
775 937 887 959 eacau-

24 968 56 1004 sa
74 972 235 1013 prorogari
251 971 356 1012 posse,
380 979 414 1003 ut
429 972 475 1004 est
490 972 570 1013 apud
586 971 798 1004 Formularimn
816 970 885 1000 Lily.

23 1013 50 1047 1.
76 1014 107 1045 C.
128 1012 152 1045 Ι.
190 1037 199 1044 .
221 1023 258 1044 m.
278 1016 329 1045 26.
352 1013 570 1054 quamvisjam
588 1013 682 1045 Anno
702 1016 791 1053 1613.
818 1011 888 1050 lege

23 1020 225 1097 imperfegiffi
247 1053 563 1085 Amsterdammenses
590 1054 621 1085 id
644 1053 795 1094 impedire
817 1051 885 1083 fue-

21 1097 87 1130 rint
103 1095 221 1127 conati.
279 1096 331 1126 uin
346 1093 415 1126 fere
429 1094 579 1127 assentior
596 1095 755 1137 Hilligero
765 1094 883 1125 Douell.

25 1137 134 1172 Enucl.
157 1135 227 1168 Lib.
290 1135 360 1168 VII.
387 1136 418 1168 C.
445 1146 496 1168 20.
521 1136 567 1167 lit.
586 1136 627 1168 K.
651 1136 885 1178 optimisratio-

22 1179 114 1214 nibus
127 1176 297 1219 disputanti
307 1177 421 1216 ,etiam
438 1176 592 1209 studiosos
606 1178 790 1210 renunciare
800 1176 887 1218 poss‘e

22 1219 85 1254 fori
105 1218 285 1251 Academici
303 1219 647 1260 privilegio,quamvis
664 1230 726 1252 non
740 1218 887 1256 nesciam,

24 1269 146 1295 tantum
170 1269 234 1292 non
255 1269 364 1292 omnes
388 1260 580 1302 Interpretes
596 1261 832 1300 contradicere,
857 1261 887 1292 &

23 1312 133 1336 eorum
158 1299 344 1333 sententiam
366 1301 555 1340 obtinuisse,
585 1311 657 1334 cum
681 1302 886 1334 Academicus

45 1345 148 1376 uidam
162 1342 319 1375 Leidenfis
335 1342 367 1375 in
384 1342 511 1375 Curiam
527 1343 709 1375 Hollandiae
726 1353 887 1385 prorogas-

37 1394 70 1418 et
79 1393 135 1424 ,ut
148 1391 252 1416 narrat
265 1393 326 1416 van
343 1383 500 1417 Leeuwen
518 1385 555 1415 ad
566 1385 713 1417 Peckium
724 1387 757 1416 cie
768 1382 883 1426 Arrest.

24 1429 61 1460 C.
88 1437 135 1459 12.
156 1431 188 1466 p.
213 1436 253 1457 m.
277 1435 349 1465 255.
393 1425 527 1467 Integris
545 1426 659 1458 libellis
674 1436 747 1459 ante
761 1427 885 1468 aliquot

23 1478 125 1502 annos
139 1476 176 1499 ea
190 1466 323 1508 quaestio
337 1468 452 1509 agitata
473 1466 528 1499 est.
552 1467 732 1500 Hollandiae
752 1468 886 1500 Ordines

23 1509 168 1544 Decreto
190 1518 241 1549 24.
285 1508 384 1541 Mart.
412 1512 503 1541 1662.
548 1508 694 1550 (Placac.
719 1509 775 1541 ΙΙΙ.
801 1520 830 1551 3.
855 1520 884 1551 7.

25 1551 106 1595 13.)
121 1551 200 1582 hanc
215 1559 281 1581 rem
297 1550 341 1582 ita
358 1558 589 1591 temperarunt,
616 1552 750 1592 majores
765 1560 814 1591 25.
839 1561 890 1584 an-

21 1596 71 1626 nis
86 1591 209 1634 possent
225 1590 472 1632 iurisdietionem
494 1601 665 1633 prorogare
681 1593 711 1624 in
732 1593 827 1624 alium
844 1592 889 1632 ju-

21 1635 145 1673 dicem,
167 1633 247 1665 intra
262 1632 464 1665 Hollandiam
485 1642 606 1673 tamen,
633 1634 804 1666 dummodo
816 1643 888 1676 pro-

21 1682 171 1725 rogarem
185 1673 308 1715 expreffe
324 1674 354 1706 &
359 1675 543 1715 specialiter.

65 1715 205 1750 baceffat
232 1716 330 1757 igitur
354 1715 508 1748 malesana
539 1717 736 1758 quorundam
757 1718 886 1759 opiniO,

21 1757 160 1802 ipsorum
177 1756 299 1789 scilicet
315 1756 557 1799 Magistratuum
577 1759 738 1799 interesse,
764 1769 803 1792 ne
815 1769 886 1800 pro-

20 1799 201 1842 rogationes
224 1798 321 1845 fiant,
352 1799 437 1845 &bi
462 1799 502 1831 fic
529 1800 769 1841 jurisdictione,
794 1811 887 1842 quam

20 1841 171 1883 Princeps
193 1839 304 1879 dedit,
325 1840 483 1873 excidant.
529 1842 763 1882 Jurisdittiones
786 1841 885 1875 distri-

20 1882 107 1918 butae
129 1891 193 1914 non
213 1881 334 1913 suntin
356 1882 485 1924 gratiam
505 1883 663 1923 judicum3
688 1883 739 1916 sed
753 1894 886 1924 eorum,

21 1924 75 2000 gui
90 1922 247 1964 iudicibus
264 1931 369 1963 egent.
415 1923 446 1955 Si
471 1932 573 1965 partes
597 1925 817 1962 consentiant,
842 1926 886 1967 ip-

47 1975 82 1998 us
96 1964 248 1998 Praetoris
265 1963 449 1996 consensum
474 1965 675 1999 necessarium
696 1977 758 1999 non
777 1967 840 1999 esse
859 1977 888 1999 a-

21 2015 111 2049 perte
125 2006 210 2037 dixit
225 2004 382 2046 Ulpianus
408 2007 440 2037 in
457 2007 476 2038 l.
502 2017 531 2038 2.
559 2006 587 2048 §.
617 2018 641 2040 1.
662 2008 703 2050 ff.
728 2010 761 2040 cle
779 2009 886 2049 Jmlic.

21 2049 70 2088 δι,
93 2046 116 2080 fi
139 2046 227 2079 secus
251 2047 388 2086 dixeris,
410 2048 473 2087 jam
488 2048 527 2079 de
548 2050 634 2081 nulla
660 2050 793 2090 amplius
810 2060 886 2082 con-

21 2087 172 2122 troverfia
194 2088 227 2120 in
239 2088 375 2120 arbitros
398 2091 620 2130 compromitti
644 2092 764 2135 posset,
789 2101 886 2133 quum

22 2129 110 2163 omni
133 2129 358 2170 compromiss'o
381 2131 542 2162 minuatur
559 2132 753 2173 jurisdiCtio,
788 2142 886 2174 eaque

22 2181 40 2204 a
56 2169 160 2212 judice
175 2170 212 2202 ad
223 2171 385 2217 privatum
403 2171 617 2205 transferatur.
642 2175 673 2207 Si
690 2184 800 2207 verum
810 2184 888 2206 ama-

23 2222 93 2246 mus
104 2236 114 2252 ,
125 2221 162 2244 an
178 2220 248 2252 qu1s
263 2210 318 2244 fuo
333 2212 431 2252 judici
449 2214 651 2255 renunciare,
669 2217 699 2249 δε
716 2217 812 2248 alium
831 2216 886 2248 011-

23 2263 98 2296 gere
114 2252 225 2294 1101111,
248 2262 289 2285 ex
306 2262 346 2299 eo
364 2251 432 2285 solo
445 2255 561 2294 pendet
574 2279 584 2296 ,
607 2266 643 2289 an
655 2281 665 2297 ,
689 2258 744 2299 qui
761 2258 792 2289 id
810 2257 890 2299 agit,

22 2304 89 2341 rem
116 2302 194 2336 agat.
212 2293 257 2326 sui
279 2294 358 2341 iuris
375 2294 414 2341 ¹&
430 2295 572 2336 arbitrii,
596 2307 634 2330 an
663 2309 741 2331 vero
757 2299 889 2331 alterius

18 2342 206 2378 cujusquam
218 2335 436 2377 praejudlcmm
460 2345 613 2371 vertatur.
638 2340 810 2382 Privilegio
831 2339 889 2372 suo

591 2442 950 2481 CAPUT

1733 96 1797 132 181

933 175 1118 209 renunciare
1141 183 1251 206 omncs
1279 173 1362 214 leges
1391 173 1557 213 omniaque
1579 176 1645 214 jura
1669 174 1800 216 permit-

934 217 1057 256 tunt,s1
1073 216 1274 247 renunciatio
1294 214 1351 246 soli
1370 215 1563 246 renuncinnti
1583 224 1715 255 noceat,
1741 224 1800 246 nce

933 260 971 292 ad
984 258 1113 291 alterius
1131 257 1274 296 iniuriam
1292 257 1449 296 pertinere
1465 256 1576 295 polite:
1601 268 1693 289 mmm
1710 258 1799 288 liten-

933 304 1006 333 tiam
1021 301 1122 332 habere
1139 299 1202 337 his,
1226 308 1286 339 (μου
1294 305 1350 339 pro
1355 296 1389 338 se
1406 297 1666 338 iiztrosiut'tas'21›zc‚
1691 308 1797 329 remm-

933 340 1152 397 narmi-egula
1167 340 1244 380 juris
1259 339 1379 381 antiqui
1397 337 1459 370 esse
1476 338 1578 370 fertur
1596 339 1626 370 in
1644 342 1662 370 i.
1689 350 1737 376 29.
1765 341 1798 371 C.

932 387 966 417 de
982 384 1068 417 Pace.

975 426 1083 472 Quare
1100 424 1129 456 δε
1143 424 1181 455 de
1198 423 1309 465 legatis
1323 422 1491 455 dicendum
1509 421 1693 461 videbatur,
1712 421 1799 462 posse

933 469 992 500 lios
1007 466 1198 509 privilegiis,
1223 467 1253 497 in
1272 466 1402 508 gratiam
1421 464 1524 502 suam,
1549 472 1584 494 ut
1602 463 1803 495 commodius

931 511 1065 551 degant,
1091 507 1295 546 introductis,
1321 507 1416 548 pleno
1437 508 1506 547 jure
1522 505 1724 543 renunciare,
1751 504 1802 535 lia-

931 553 1005 584 bere
1023 550 1148 591 quidem
1166 549 1214 589 jus
1233 548 1400 581 revocandi
1419 549 1547 580 domum
1560 571 1569 586 ‚
1595 546 1646 579 scd
1672 556 1735 578 non
1756 554 1803 576 et-

931 594 993 625 iam
1016 592 1115 623 teneri
1143 592 1272 623 domum
1298 599 1460 622 revocare.
1508 590 1594 635 Quin
1612 589 1634 620 11
1657 597 1799 620 101101011-

931 643 1001 672 tur,
1024 643 1063 665 ne
1089 633 1173 673 ipsos
1191 632 1317 673 quidem
1335 641 1426 673 agere
1445 631 1550 673 poffe,
1575 630 1666 672 quia,
1693 630 1711 662 ii
1731 639 1799 671 age-

930 684 1019 714 rent,
1046 676 1108 716 pati
1134 674 1258 716 pollent
1283 675 1313 706 ὅτ
1336 673 1486 705 deberent
1505 681 1630 705 mutuas
1649 672 1801 704 actiones.

931 717 1037 750 Curiae
1055 716 1236 749 Hollandiae
1254 715 1341 747 forte
1360 716 1400 746 ita
1421 715 1522 746 visum
1540 716 1570 746 in
1590 715 1696 754 legato
1716 713 1800 745 Lusi-

933 768 1027 797 tano,
1049 767 1120 790 eum
1149 767 1283 798 nempe,
1318 757 1402 797 quod
1426 756 1594 788 decessoris
1621 754 1665 788 sui
1694 756 1801 787 debita

932 799 1083 832 solvenda
1107 798 1303 840 susceperat,
1325 798 1389 830 fori
1416 799 1584 840 privilegio
1603 796 1799 829 renunciail'e

931 842 1044 873 videri.
1076 841 1170 873 Anno
1194 849 1281 872 certe
1303 844 1393 880 1651.
1418 849 1489 871 cum
1517 849 1572 880 per
1591 839 1730 871 Scribam
1753 839 1804 870 ad-

931 884 1074 922 monuit,
1100 891 1136 914 ut
1153 882 1309 921 solveret,
1337 884 1366 913 le
1380 881 1519 921 alioquin
1539 881 1647 913 officio
1663 881 1718 912 suo
1738 880 1801 911 liti-

930 924 1076 967 gantibus
1093 934 1155 956 non
1172 923 1370 960 defuturam,
1399 922 1544 954 Aitzcma
1572 923 1641 954 Lib.
1667 920 1798 954 XXXI.

925 973 959 1008 p.
982 977 1021 997 m.
1044 969 1120 1005 506.
1145 965 1188 997 Et
1209 966 1346 1006 legatum
1363 963 1518 996 Electon‘s
1534 963 1800 1005 Brandeburgici,

929 1008 982 1049 qui
1001 1007 1169 1048 privilegio
1185 1005 1248 1038 fori
1266 1005 1524 1042 renunciaverat,
1549 1007 1586 1037 ab
1602 1005 1669 1047 ipso
1681 1003 1799 1037 arresto

931 1049 1102 1080 immunem
1127 1057 1190 1080 non
1217 1046 1297 1086 effe,
1322 1046 1457 1079 Ordines
1484 1046 1665 1079 Hollandiae
1692 1048 1798 1078 decre-

931 1089 1009 1122 viss‘e
1024 1090 1157 1122 relatum
1173 1088 1218 1121 est
1237 1099 1284 1121 10.
1310 1087 1401 1120 Febr.
1424 1091 1515 1122 1688.
1535 1098 1583 1130 27.
1605 1089 1676 1120 Oct.
1707 1092 1803 1125 1689.

931 1132 961 1164 ὅ(
976 1135 1006 1163 6.
1033 1131 1122 1163 Febr.
1152 1134 1241 1171 1694.
1265 1129 1325 1162 Sed
1340 1129 1481 1161 creditor
1498 1130 1530 1161 in
1549 1139 1588 1161 eo
1605 1129 1691 1161 fasto
1702 1130 1797 1161 etiam

930 1173 1047 1205 arreslo
1071 1171 1241 1205 incluserat
1264 1172 1348 1203 bona
1373 1171 1490 1213 legati,
1522 1170 1564 1203 fic
1592 1179 1628 1203 ut
1656 1170 1799 1210 nescias,

932 1225 970 1247 an
994 1214 1167 1253 arrestum,
1189 1224 1229 1246 an
1244 1213 1444 1246 renunciatio
1467 1212 1532 1244 fori
1550 1213 1655 1245 Curiae
1672 1212 1797 1253 jurisdi-

928 1257 1065 1288 ctionem
1089 1256 1244 1288 tribuerit.
1291 1255 1398 1287 Etiam
1416 1264 1466 1287 me
1492 1255 1644 1287 Senatore
1667 1254 1798 1286 memini

929 1299 1078 1331 Senatum
1095 1299 1281 1339 Supremum
1298 1297 1330 1329 in
1348 1296 1486 1338 legatos,
1498 1297 1550 1337 qui
1568 1296 1737 1338 privilegio
1747 1295 1798 1328 fo-

927 1342 953 1372 ri
971 1340 1254 1377 renunciaverunt,
1266 1339 1315 1379 jus
1333 1337 1464 1377 dixisse,
1487 1336 1538 1369 sed
1555 1347 1616 1370 nec
1634 1338 1725 1379 ipiis,
1738 1348 1799 1370 nec

929 1382 1128 1422 Principibus
1154 1378 1215 1412 suis
1232 1380 1351 1420 judicio
1373 1379 1675 1412 contradicentibus.
1723 1379 1800 1412 Vidi

928 1424 958 1456 ἃ
973 1423 1062 1464 pacta
1082 1430 1261 1461 conventa,
1285 1431 1419 1463 quorum
1439 1421 1603 1453 noviflima
1619 1428 1709 1463 parte
1719 1421 1801 1463 lega-

928 1466 953 1497 ti
974 1463 1038 1497 sese
1068 1462 1298 1496 submittebant
1318 1463 1508 1496 voluntariae
1536 1462 1799 1495 condemnationi

930 1507 1062 1539 Senatus
1078 1506 1222 1547 Supremi
1236 1527 1247 1543 ,
1260 1505 1345 1546 quod
1362 1505 1472 1546 utique
1491 1513 1549 1545 pro
1570 1505 1665 1537 tacita
1685 1514 1800 1536 renun-

930 1549 1070 1580 ciatione
1085 1547 1130 1580 est
1155 1547 1382 1588 accipiendum.
1428 1546 1499 1588 Ego
1525 1556 1621 1587 vero,
1647 1546 1801 1588 quicquid

930 1599 1035 1622 earum
1062 1599 1166 1622 rerum
1193 1588 1253 1627 fit,
1277 1598 1341 1620 non
1367 1587 1461 1620 aufim
1480 1587 1611 1627 dicere,
1634 1589 1797 1630 legatum,

930 1630 1114 1664 inconsulto
1138 1630 1305 1671 Principe,
1327 1630 1387 1670 juri
1412 1629 1468 1662 suo
1493 1630 1677 1662 renunciare
1698 1629 1797 1672 poffe.

930 1673 979 1705 Ad
995 1672 1069 1714 quid
1089 1672 1173 1704 enim
1191 1672 1368 1712 legatorum
1385 1671 1570 1713 privilegia,
1596 1681 1688 1713 quam
1697 1670 1799 1712 utipfi

929 1714 1128 1755 Principibus
1152 1713 1214 1745 suis
1232 1713 1329 1759 magis
1346 1713 1442 1745 utiles
1466 1713 1546 1752 fint,
1570 1713 1601 1745 &
1617 1721 1727 1745 eorum
1751 1714 1796 1744 le-

929 1756 1015 1798 gatio
1028 1756 1115 1788 nulla
1131 1764 1164 1786 re
1182 1755 1398 1804 impediatur?
1423 1754 1530 1796 Magis
1546 1754 1643 1796 igitur
1654 1754 1723 1786 haec
1736 1755 1799 1795 pri-

929 1797 1220 1839 vileoiapertinent
1238 1796 1276 1829 ad
1293 1794 1417 1828 causam
1434 1796 1614 1838 Principis,
1638 1806 1730 1838 quam
1750 1796 1799 1837 ip-

929 1838 988 1872 fius
996 1823 1118 1881 ‘'segati3
1143 1838 1197 1871 fibi
1215 1838 1455 1879 renunciatione
1473 1837 1524 1870 sua
1541 1839 1664 1879 legatus
1684 1846 1800 1870 nocere

930 1880 1059 1922 potest,
1084 1881 1226 1921 Principi
1253 1889 1318 1912 non
1341 1879 1456 1921 potest.
1501 1879 1609 1921 Atque
1633 1879 1698 1919 ita,
1720 1888 1799 1911 con—

931 1922 1011 1955 sulta
1037 1923 1181 1961 ratione,
1203 1921 1290 1954 forte
1311 1921 1479 1953 dicendum
1509 1921 1580 1959 est,
1603 1920 1799 1962 1ος11111111ζ111

930 1964 1020 1997 causa
1033 1964 1138 1996 delicti
1154 1972 1314 2004 nunquam
1341 1962 1514 2004 privilegio
1529 1961 1596 1994 fori
1614 1962 1800 1994 renunciare

930 2006 1021 2048 posse
1028 2029 1039 2046 ,
1051 2006 1082 2038 in
1100 2004 1191 2037 causa
1206 2005 1296 2037 civili
1314 2014 1378 2036 non
1395 2004 1509 2042 aliter,
1521 2013 1613 2046 quam
1632 2011 1668 2035 ut
1689 2004 1798 2036 adver·

930 2048 981 2081 sus
998 2056 1070 2079 eum
1088 2047 1137 2088 jus
1156 2047 1299 2085 dicatur,
1311 2056 1374 2078 non
1392 2053 1428 2077 ut
1445 2044 1597 2077 sententia
1613 2045 1801 2078 executioni

930 2090 1113 2128 mandetur,
1137 2089 1160 2121 fi
1179 2089 1254 2130 quid
1268 2096 1323 2128 per
1342 2097 1411 2119 eam
1434 2087 1641 2128 impediretur
1659 2087 1799 2129 legatio,

930 2132 1007 2164 utin
1024 2129 1116 2162 causa
1133 2129 1288 2162 criminali
1307 2135 1428 2161 tantum
1448 2138 1512 2162 non
1524 2128 1643 2171 semper
1653 2128 1800 2170 impediri

930 2173 1023 2206 solet.
1047 2172 1107 2205 Sed
1122 2173 1159 2204 ad
1169 2179 1294 2204 manum
1310 2180 1374 2203 non
1390 2169 1462 2203 sunt
1478 2181 1514 2203 ea
1525 2168 1679 2203 Gentium
1691 2180 1798 2202 exem-

930 2216 1002 2258 pla,
1025 2222 1061 2245 ut
1077 2223 1119 2246 ex
1134 2215 1201 2255 jure
1221 2212 1375 2245 Gentium
1392 2221 1428 2243 ea
1446 2213 1485 2245 de
1501 2222 1535 2244 re
1553 2212 1662 2254 possim
1681 2212 1798 2244 consti-

930 2265 1031 2289 tuere.
1076 2255 1227 2294 Rationi‚
1252 2263 1345 2293 quam
1368 2254 1458 2293 dixi,
1481 2260 1703 2296 argumentum
1722 2263 1800 2295 prae-

929 2298 985 2331 bet
1002 2297 1025 2331 l.
1049 2307 1101 2339 24.
1125 2297 1154 2339 §.
1178 2297 1232 2329 ult.
1253 2295 1294 2338 ff.
1319 2297 1352 2328 de
1368 2296 1474 2338 Judic.

1047 2441 1253 2479 XXIV.

473 2528 583 2565 Variae
607 2532 770 2568 variorum
786 2531 961 2577 sententiar
987 2531 1024 2568 de
1041 2530 1119 2578 soro
1145 2531 1332 2577 legatorum.

119 2624 172 2656 uid
187 2627 334 2659 nonnulli
351 2626 494 2659 dixerint
518 2627 549 2658 δε
570 2626 749 2668 scripserint
773 2630 813 2661 de
835 2628 886 2662 fo-

29 2691 37 2705 ,
142 2676 180 2697 ro
197 2666 390 2709 legatorum,
416 2667 469 2699 hic
491 2668 559 2699 illic
582 2669 742 2710 indicavi,
764 2671 817 2703 ubi
842 2672 887 2703 lo-

32 2728 35 2734 .
131 2717 201 2754 'cus
225 2708 258 2740 id
277 2707 455 2749 postulabat
471 2733 481 2749 ,
513 2710 589 2751 quid
611 2720 726 2752 praeter
753 2722 807 2744 cos
833 2713 887 2745 alii

25 2747 198 2794 senserint,
221 2749 302 2790 quasi
315 2759 372 2790 per
391 2748 525 2792 satyram
545 2751 598 2783 hic
619 2754 780 2795 colligam.
826 2754 888 2786 Ve-

27 2797 108 2838 tera
129 2790 212 2831 Juris
237 2789 450 2836 interpretes,
477 2793 510 2824 111
535 2792 625 2826 causa
647 2795 759 2834 civili,
781 2795 887 2828 distin-

26 2832 162 2864 ffionem
193 2831 275 2872 Juris
302 2830 442 2863 Romani.
462 2832 588 2874 sequuti
631 2834 722 2876 sunt,
751 2837 790 2869 de
815 2837 888 2879 Jure

28 2871 201 2912 Gentium,
227 2873 303 2914 quin
323 2872 358 2904 δι’
369 2871 410 2903 (10
427 2874 510 2905 veris
529 2874 684 2909 Gentium
708 2879 819 2920 legatis
835 2888 886 2920 pa-

27 2923 96 2960 rum
117 2912 260 2947 solliciti.
303 2912 354 2945 De
374 2912 465 2946 causa
488 2915 640 2950 criminali
663 2918 730 2951 fere
758 2928 886 2960 tacent,

27 2954 84 2988 mii
99 2955 184 2996 quod
202 2955 350 2987 Petrinus
366 2954 475 2987 Bellus
502 2957 536 2986 de
552 2957 632 2990 Bello
648 2960 736 2993 Part.
756 2961 796 2993 II.
824 2961 884 2993 Tit.

28 3005 59 3034 9.
81 2996 223 3037 legatos,
244 2996 372 3028 hostilia
389 2996 575 3037 molientes,
600 2999 672 3032 ideo
696 3003 888 3035 coercitioni

28 3036 142 3073 nostrae
159 3036 322 3078 subjiciat,
346 3038 430 3078 quod
447 3037 524 3070 fines
537 3042 670 3073 mandati
688 3043 795 3084 egreffi
809 3044 888 3083 fint3

30 3085 125 3119 atque
148 3077 171 3110 fi
193 3077 317 3124 scilicet
342 3079 401 3110 hos
425 3088 488 3110 non
519 3081 739 3121 egrederentur
763 3085 795 3117 in
812 3094 888 3126 quo-

29 3127 155 3160 cunque
171 3128 403 3159 crimmestum
421 3129 515 3151 nemo
536 3130 613 3154 unus
631 3124 668 3155 ad
684 3135 743 3157 nos
759 3126 889 3158 accedat

31 3167 105 3243 Qu
123 3159 506 3208 ‘mandato-delinquendi.
552 3163 705 3203 Agnoscit
723 3166 832 3199 Bellus
856 3167 888 3198 in

86 3208 148 3233 atis
166 3201 336 3243 'larquim'i
358 3203 451 3235 aliter
468 3203 639 3245 placuiffe,
663 3205 716 3238 sed
733 3207 817 3248 hoc,
841 3208 888 3242 in-

930 2631 1018 2672 quit,
1042 2634 1106 2660 erat
1126 2629 1234 2670 primis
1256 2628 1318 2659 illis
1333 2626 1466 2667 fi’culis,
1489 2636 1506 2658 a
1524 2635 1588 2668 quo
1609 2627 1678 2667 jure
1694 2634 1798 2660 tamen

929 2681 987 2704 nec
1005 2669 1179 2712 posteriora
1197 2668 1303 2701 secula
1324 2668 1536 2701 desciverunt.
1581 2668 1629 2700 lta
1646 2669 1722 2700 olim
1739 2669 1798 2700 ser-

929 2720 1038 2745 vatum
1066 2711 1129 2752 est,
1154 2711 1201 2743 ita-
1224 2711 1255 2743 &
1277 2720 1361 2743 nunc
1388 2710 1568 2749 servamus,
1598 2710 1655 2742 nisi
1676 2710 1799 2751 legatos

930 2756 963 2788 in
979 2754 1155 2796 perniciem
1181 2752 1319 2785 nostram
1345 2759 1483 2784 armatos
1506 2751 1797 2792 deprehendamus,

929 2804 966 2829 ut
985 2805 1075 2828 erant
1099 2794 1235 2828 Romani
1259 2794 1345 2826 inter·
1368 2792 1514 2825 Clusinos
1533 2792 1567 2823 in
1591 2792 1659 2823 acie
1678 2791 1800 2824 versan-

931 2846 998 2877 tes,
1022 2837 1060 2869 ad
1078 2836 1164 2877 quod
1184 2835 1365 2877 exemplum
1391 2834 1446 2866 ille
1464 2840 1640 2874 provocat,
1667 2840 1743 2864 tunc
1768 2842 1798 2864 e-

929 2880 995 2912 nim
1019 2879 1159 2911 hostium
1178 2886 1311 2909 numero
1334 2875 1396 2908 esse
1415 2874 1576 2906 habendos
1587 2897 1598 2913 ,
1629 2883 1723 2905 nemo
1740 2873 1796 2905 du-

929 2920 1082 2953 bitaverit
1099 2927 1246 2960 unquam.
1270 2917 1357 2950 Hinc
1376 2917 1406 2948 ἀ
1423 2915 1466 2961 Q
1476 2915 1576 2947 Fabio
1595 2915 1632 2946 ab
1650 2914 1687 2947 C.
1709 2915 1797 2947 Mar-

931 2963 984 2994 cio
1002 2961 1154 2993 Tribuno
1177 2959 1282 2992 Plebis
1304 2959 1387 2991 dicta
1413 2958 1481 2989 dies
1505 2956 1568 2995 est,
1593 2957 1665 2997 quod
1681 2957 1798 2998 legatus

931 3005 964 3035 in
982 3003 1103 3041 Gallos,
1125 3002 1163 3033 ad
1177 3011 1244 3042 quos
1261 3000 1356 3042 mzffus
1377 3004 1441 3030 erat
1464 2997 1592 3037 Orator,
1617 3003 1718 3029 contra
1733 2996 1796 3038 Jus

934 3045 1077 3077 Gentium
1098 3042 1271 3084 pugnaffet,
1304 3041 1356 3073 cui
1374 3039 1495 3080 judicio
1522 3048 1594 3070 eum
1618 3048 1703 3071 mors
1727 3039 1797 3071 sub-

933 3086 1033 3118 traxit
1049 3109 1059 3125 ,
1083 3093 1119 3116 ut
1138 3091 1243 3115 narrat
1259 3082 1372 3114 Livius
1395 3081 1468 3112 Lib.
1491 3080 1545 3112 VI.
1574 3080 1605 3112 C.
1623 3079 1649 3112 I.
1671 3080 1725 3122 qui
1738 3080 1796 3112 hu-

930 3128 980 3168 jus
999 3128 1029 3159 &
1045 3126 1180 3157 aliorum
1197 3123 1367 3154 Fabiorum
1391 3122 1474 3153 inter
1497 3120 1643 3153 Clusinos
1661 3131 1798 3163 pugnam

931 3174 1111 3200 narraverat
1140 3165 1171 3197 &
1192 3164 1393 3196 damnaverat
1425 3163 1496 3195 Lib.
1521 3162 1561 3195 V.
1596 3163 1629 3195 C.
1653 3167 1704 3205 36.
1738 3162 1799 3195 soli

933 3205 1212 3282 FabioZAmbusto
1231 3205 1310 3239 hanc
1333 3204 1526 3246 legationem
1544 3204 1575 3237 δε
1592 3204 1797 3278 pugnamsad-

1076 3258 1096 3289 3
1736 3253 1794 3277 cri-
