2008 3436
0 3203 2 3273 1

0 3280 2 3436 l

209 122 493 175 QUAEsr

35 205 146 244 testae,
170 204 239 236 haec
265 213 388 244 quoque
411 202 479 242 iura
503 201 652 242 paulatim
676 199 796 232 minuta
822 197 892 246 sunt

33 247 240 284 auctoritate,
272 244 382 277 fraude
402 266 412 282 ,
443 243 538 281 dolo,
573 243 603 274 ἃ
634 240 822 287 quandoque
848 251 894 272 vi.

33 289 92 322 Sed
109 285 239 319 excusso
258 284 403 327 postremi
430 283 567 316 Comitis
592 282 729 324 Imperio
755 281 892 328 non-ab·-

35 329 124 363 surde
149 328 266 359 dixeris
282 349 292 364 ‚
321 327 351 357 in
387 326 545 366 antiquam
568 323 745 356 libertatem
771 323 895 355 rednssc

35 368 144 410 Belgas
154 392 164 408 ,
189 367 244 400 nifi
256 367 276 399 11
291 367 364 410 quid
379 376 446 398 eam
463 369 610 398 coerceat
625 364 740 396 Foedus
759 364 894 396 Utrecli-

36 418 139 444 tanum
161 419 211 452 23.
236 408 299 448 Jan.
330 417 419 449 1579.
444 407 473 439 &
491 407 616 448 sequuta
633 406 746 438 deinde
769 405 894 447 Imperii

36 449 255 485 Comitatensis
276 449 439 490 abrogatio
472 451 522 479 26.
546 447 607 488 Jul.
641 451 732 488 1581.
786 447 895 488 Vulgo

35 493 157 536 placet,
170 501 210 523 eo
228 489 295 533 ipso
314 490 444 522 Foedere
461 489 586 530 singulis
597 488 777 520 Provinciis
792 489 895 520 adem-

35 543 121 578 ptum
139 532 231 565 fuisse
245 532 293 573 jus
310 531 383 564 belli
401 532 546 578 gerendi,
571 531 601 561 δε
620 530 840 571 adeoquidem
858 539 896 561 63

35 575 143 618 opinio
161 573 311 612 invaluit,
337 581 371 604 ut
394 574 415 604 11
439 572 508 613 quis
524 571 638 603 audeat
663 581 776 604 contra
797 570 893 603 hisce-

33 626 87 656 re,
109 615 170 658 ipsa
196 614 397 647 fundamenta
427 613 513 646 illius
536 612 677 646 Foederis
701 622 894 653 concutere,

34 659 64 690 <51
83 665 178 689 totam
205 655 444 697 Reinpublicam
465 653 610 696 praescnti
658 655 779 687 ericulo
794 664 894 701 'expo-

34 707 108 732 nere
127 697 226 729 videri
251 697 351 730 101161.
396 697 447 729 An
469 697 499 728 δε
513 705 624 738 querna
649 696 775 728 modum
792 696 822 727 ld
842 706 894 743 ve-

34 749 100 773 rum
119 737 175 778 fit,
197 749 235 771 au
261 740 269 771 i
293 748 343 771 me
370 738 546 780 patienter,
571 738 621 777 &,
644 737 700 770 nisi
724 746 756 770 te
783 747 895 770 convi-

35 790 107 813 cero
122 804 132 820 ,
155 781 304 823 agnosces
323 779 450 818 saltem,
474 779 664 812 Ciceronem
678 779 794 811 alicubi
812 778 897 811 recte

32 821 164 862 dixisse,
186 823 264 854 nihil
279 821 329 864 effe
347 827 409 853 tam
425 821 617 860 incredibile,
630 823 703 863 quod
719 831 776 852 non
793 821 894 852 docen-

34 864 68 896 do
104 869 138 896 at
148 865 308 905 probabile.

113 915 175 947 ugo
195 905 348 946 Grotius,
371 904 453 947 quasi
469 904 553 937 aliud
569 914 682 947 agens,
707 905 895 948 Apologetici

36 947 68 978 C.
95 946 137 979 X.
161 946 346 989 simpliciter
371 947 500 985 scribit,
532 946 664 979 Foedere
692 947 894 979 Utrechtano

32 987 95 1020 effe
126 989 263 1020 vetitum
298 989 418 1021 bellum
449 986 619 1029 suscipere,
656 988 713 1020 nifi
732 987 895 1020 communi

33 1029 174 1061 omnium
202 1030 438 1062 Provinciarum
464 1028 636 1068 consensu,
662 1029 761 1060 licere
785 1036 893 1061 tamen

33 1071 145 1111 cuique
167 1070 343 1103 Provinciae
372 1069 437 1102 sese
460 1068 629 1103 defendere
649 1077 760 1102 contra
780 1070 895 1102 tumul-

34 1119 100 1151 tum
121 1112 240 1153 populi.
285 1112 335 1151 Si,
360 1110 445 1152 quod
460 1110 500 1141 de
519 1109 608 1142 bello
624 1110 725 1150 dicit,
747 1111 787 1143 de
807 1110 894 1143 bello

34 1153 173 1185 omnium
193 1151 430 1184 Provinciarum
457 1152 618 1184 communi
640 1152 819 1194 intelligat,
843 1162 894 1185 me

36 1192 282 1226 consentientem
306 1193 434 1225 habebit
451 1216 463 1232 ,
493 1193 515 1226 fi
540 1193 580 1224 de
603 1194 690 1226 omni
711 1193 799 1226 bello
815 1216 827 1233 ,
857 1202 894 1226 ut

34 1235 108 1270 mihi
127 1235 252 1277 quidem
273 1235 400 1267 videtur
428 1244 469 1267 61(
489 1233 594 1267 3(1(1113
621 1236 834 1277 exceptione,
855 1245 895 1268 an

33 1275 210 1310 'consentire
228 1276 360 1318 poffim,
380 1275 524 1318 exspefta
541 1275 647 1318 paulis
664 1285 707 1309 er.
739 1275 791 1309 De
808 1277 896 1309 omni

33 1327 158 1361 quoque
173 1318 259 1350 bello
278 1318 512 1357 intellexerim,
536 1317 623 1359 quod
655 1327 715 1360 ego
731 1318 813 1358 apud
835 1318 896 1351 An-

33 1360 156 1400 tonium
173 1360 367 1393 Matthaeum
382 1361 416 1392 de
437 1360 614 1391 Criminibus
629 1361 668 1391 ad
688 1359 728 1392 L.
741 1359 894 1392 XLVIII.

33 1399 110 1445 Dig.
137 1401 170 1434 T.
196 1411 226 1433 2.
252 1402 285 1434 C.
308 1411 338 1442 5.
364 1412 394 1434 n.
424 1410 451 1434 1.
475 1410 546 1433 nam
567 1400 610 1433 ibi
629 1401 819 1442 probaturus
827 1423 838 1440 ,
846 1400 895 1442 jus

31 1441 158 1484 summae
175 1442 343 1475 Potestatis
355 1443 416 1475 effe
432 1451 527 1484 penes
542 1440 675 1484 singulas
691 1442 893 1482 Provincias,

32 1485 185 1525 nonnulla
199 1485 232 1516 in
248 1485 330 1516 hanc
347 1494 412 1517 rem
428 1482 570 1526 profert,
595 1484 625 1516 ὅ(
645 1493 721 1516 mox
742 1484 801 1522 iis,
826 1494 894 1525 quae

31 1526 173 1567 dixerat,
206 1536 270 1558 non
295 1525 400 1558 obesse
422 1526 485 1565 ait,
513 1526 586 1567 quod
606 1527 640 1558 de
666 1525 766 1563 Pace,
793 1525 894 1566 Bello,

31 1567 191 1610 Religione
217 1578 275 1600 non
294 1566 351 1607 nifi
367 1569 561 1600 communibus
583 1566 710 1607 confiliis
728 1573 814 1610 atque
835 1568 894 1608 litf-

25 1609 144 1653 fragiis
156 1608 314 1651 statuant,
340 1611 371 1641 id
395 1611 493 1647 enim,
518 1609 647 1651 inquit,
670 1619 728 1641 non
743 1615 897 1651 propterea

25 1650 89 1694 fit,
114 1653 187 1694 quod
209 1661 268 1683 una
282 1650 324 1691 fit
341 1650 539 1693 Respublica,
555 1651 610 1692 sed
636 1652 709 1693 quod
723 1651 835 1692 faedere
853 1650 896 1691 fit

27 1699 188 1735 exceptum.
234 1692 332 1737 Quod
351 1693 475 1726 additur
495 1693 534 1725 de
554 1693 730 1736 Religione‚
763 1703 829 1726 rem
850 1702 895 1726 to—

31 1741 94 1766 tam
112 1733 282 1776 suspestam
299 1733 398 1775 facit,
422 1733 623 1767 manifestum
639 1735 756 1776 quippe
771 1734 817 1767 est
824 1758 835 1775 ‚
853 1745 895 1768 ex

30 1775 87 1810 illo
103 1775 236 1808 Foedere
255 1775 382 1818 singul-is
401 1776 580 1808 Provinciis
596 1777 636 1807 de
659 1776 817 1820 Religione
839 1776 895 1809 sta-

29 1817 138 1858 tuendi
153 1817 202 1858 jus
221 1818 312 1860 plane
324 1819 481 1859 integrum
498 1817 631 1851 fuiss'e&
645 1817 813 1850 illibatum.
833 1818 895 1851 Sed

26 1858 69 1900 de
85 1868 124 1891 eo
137 1859 199 1899 jam
216 1869 279 1891 11011
296 1859 432 1901 agimus,
457 1869 497 1892 ex
515 1858 654 1902 professo
669 1859 768 1892 acturi
795 1859 836 1893 L.
852 1860 894 1892 ΙΙ.

31 1901 68 1933 C.
94 1905 143 1935 18.
187 1899 239 1932 De
260 1910 337 1942 pace
353 1901 384 1933 &
400 1901 487 1934 bello
502 1901 586 1943 quod
605 1901 668 1933 ait.
692 1901 895 1942 judicandum

30 1940 77 1974 est
93 1951 133 1974 ex
157 1941 185 1983 §.
208 1951 240 1979 9.
260 1942 291 1974 d.
307 1941 331 1973 F
333 1942 466 1982 oederis,
489 1943 543 1984 qui
561 1943 602 1976 sic
620 1942 731 1975 habet:
754 1942 831 1974 Men
846 1943 895 1975 καὶ

53 1993 103 2015 een
119 1985 237 2014 accoord
254 1993 315 2015 van
327 1981 449 2024 Restant
460 1984 493 2024 ⁰f
504 1984 574 2016 Peis
591 1984 713 2021 maken,
739 1994 797 2026 nog
818 1984 893 2016 Oor-

44 2035 79 2068 og
99 2026 283 2057 aanveerden
294 2049 304 2064 ,
328 2034 386 2067 nog
404 2028 506 2067 eenz'ge
528 2023 671 2066 [inposten
689 2025 724 2066 of
741 2027 893 2057 Contribu-

31 2069 95 2098 tien
111 2064 245 2107 instellen
255 2090 265 2106 ,
289 2067 335 2098 die
359 2068 557 2099 Generalizeit
577 2077 638 2098 van
653 2067 737 2108 desen
754 2067 891 2099 Verban-

31 2109 68 2147 de
81 2109 254 2150 aangaande
263 2130 275 2147 ,
295 2109 354 2140 dan
370 2113 427 2140 met
448 2118 568 2151 gemeen
583 2109 671 2139 advis
687 2109 758 2139 ende
778 2109 893 2149 consent

32 2158 95 2181 van
108 2150 141 2180 cle
157 2149 263 2191 voorsz.
287 2149 485 2189 Provincien,
508 2160 593 2181 maar
612 2150 645 2181 in
662 2151 767 2181 andere
777 2149 893 2191 fizken,

32 2191 65 2222 &
83 2190 210 2231 reliqua.
254 2190 350 2223 Vides
366 2191 534 2233 placuiffe,
554 2200 655 2233 neque
670 2190 829 2231 inducias,
841 2201 894 2224 ne-

32 2240 96 2273 que
118 2239 226 2272 pacem
244 2232 359 2273 pangi,
379 2241 479 2273 neque
504 2232 623 2264 bellurn
650 2241 819 2265 commune
842 2234 893 2265 de-

31 2272 140 2310 cerni,
163 2281 265 2313 neque
288 2273 402 2305 tributa
423 2273 521 2305 indici
542 2272 648 2314 posse,
671 2273 728 2306 11111
755 2274 894 2307 unanimi

33 2314 175 2346 omniurn
197 2313 433 2346 Provinciarum
461 2313 622 2347 consensu.
676 2315 762 2347 Mox
789 2323 894 2348 tamen

28 2353 170 2394 additur,
194 2354 215 2387 11
231 2354 406 2387 Provinciae
422 2355 461 2388 de
476 2355 525 2388 his
538 2355 750 2396 dissentirent,
760 2367 809 2389 res
826 2356 893 2388 Gu-

33 2396 254 2434 bernatorum,
276 2406 328 2438 qui
351 2404 428 2429 tunc
451 2405 560 2436 erant,
583 2397 715 2429 arbitrio
737 2398 892 2439 relinque-

35 2445 138 2477 retur,
169 2438 251 2470 inter
267 2447 346 2480 quos
367 2438 389 2471 fi
416 2438 509 2471 etiam
531 2448 596 2471 non
612 2439 817 2476 conveniret,
840 2439 894 2471 alii

35 2479 140 2511 arbitri
157 2479 398 2520 adjungerentur
408 2504 418 2519 ‚
430 2489 564 2521 quorum
577 2479 707 2512 arbitrio
716 2479 894 2513 dissentien-

32 2524 82 2561 stes
97 2519 276 2552 Provinciae
296 2519 373 2553 stare
394 2528 588 2554 tenerentur.

76 2561 172 2595 Nunc
191 2571 256 2594 non
277 2571 404 2603 quaer0,
435 2572 473 2594 an
494 2572 565 2603 quae
586 2562 628 2595 ibi
646 2562 729 2594 (11613
750 2562 781 2595 &
807 2563 896 2604 pasta

32 2601 106 2636 ‘sunt
121 2603 160 2635 de
177 2603 337 2635 communi
354 2603 494 2635 omnium
510 2603 746 2636 Provinciarum
766 2602 894 2636 consen-

36 2643 72 2676 su
85 2645 115 2676 in
135 2643 233 2676 caufis
251 2644 336 2685 pacis
348 2644 506 2686 bellique,
550 2655 674 2686 eraeque
695 2644 813 2686 semper
838 2645 893 2676 ob-

36 2683 156 2717 servata
173 2684 318 2717 fuerint?
341 2686 372 2717 Si
388 2694 499 2728 putes,
522 2654 654 2719 spalleris.
696 2686 759 2720 Pax
781 2687 894 2719 Mona-

36 2725 184 2760 sterienfis
206 2736 288 2757 anno
317 2730 405 2766 1648.
430 2727 539 2759 invitis
558 2728 704 2760 Zelandis
718 2749 730 2766 ,
759 2727 840 2759 fasta
863 2727 894 2759 &

32 2764 148 2805 [deinde
165 2766 293 2809 probata
309 2767 354 2798 es't
372 2767 452 2809 (1),
475 2777 511 2800 ut
529 2769 559 2801 δι
582 2769 692 2801 iisdem
712 2771 741 2801 dc
759 2769 894 2801 Utrech-

38 2809 117 2841 tanis
133 2809 242 2841 invitis
260 2817 321 2849 pax
343 2807 488 2851 Lysitana
502 2819 584 2842 anno
605 2814 682 2843 1661
706 2809 766 2852 (2)
789 2819 894 2851 quem-

37 2849 202 2882 admodum
219 2849 249 2881 <Sc
261 2858 343 2880 anno
366 2853 454 2891 1657.
479 2859 588 2883 contra
602 2851 786 2894 Lyfflanos,
812 2851 891 2883 invi-

35 2891 78 2924 tis
93 2889 214 2930 Frisiis,
243 2890 360 2922 bellum
379 2890 541 2924 decretum
567 2891 633 2930 est,
666 2893 760 2924 etiam
783 2891 894 2924 Frisio-

33 2939 107 2965 rum
130 2941 212 2972 aere,
236 2939 357 2964 1311111111
378 2932 461 2973 quod
480 2934 593 2966 ceteris
619 2932 644 2966 F
646 2934 793 2966 oederatis
813 2933 893 2966 utile

75 3053 91 3091 (
101 3054 138 3091 1)
159 3054 286 3084 Aitzema
295 3053 330 3083 L.
339 3053 445 3084 XXVI.
455 3061 481 3091 p.
490 3055 554 3089 278.
565 3053 591 3084 &
601 3063 665 3091 279.
675 3055 702 3086 δι
710 3056 745 3087 L.
753 3056 893 3087 XXVIII.

39 3100 232 3168 p'(⁵2⁰{’‘1{{fii
251 3129 287 3160 L.
302 3129 381 3161 XLI.
400 3139 427 3170 p.
445 3134 588 3169 104-118.
612 3140 674 3169 1³7·
697 3137 762 3170 146.
783 3134 810 3165 δι
829 3142 893 3169 150·

42 3167 67 3196 δι
88 3168 122 3197 L.
139 3169 241 3198 XLIII.
261 3177 289 3207 p.
305 3177 372 3208 704.

85 3217 164 3249 iam.
185 3217 226 3250 II.

554 119 781 169 JURIS
841 118 1190 162 PUBLICI,
1240 119 1620 161 LIB.I.C.XXlll.

1730 132 1798 171 233

936 197 1030 236 esl'et,
1055 206 1090 229 111
1106 198 1215 230 3116101·
1235 197 1280 231 est
1299 198 1446 232 Aitzcma
1464 201 1532 243 (3).
1578 205 1699 237 Posl‘em
1712 227 1721 243 ,
1746 201 1804 236 11111

937 239 1096 282 praestaret
1113 248 1234 279 tacere,
1257 241 1347 287 plura
1362 241 1495 281 addere,
1520 244 1551 275 in
1573 248 1701 286 quibus,
1727 246 1805 277 licet

936 281 1113 313 communis
1131 281 1299 314 consensus
1321 282 1528 322 desideretur,
1553 287 1604 317 uni
1624 287 1802 318 Provinciae

938 331 1041 354 tamen
1060 322 1222 354 dissentire
1245 333 1308 356 non
1326 323 1391 356 fuit
1408 325 1577 366 integrum.
1603 327 1683 372 Quae
1703 337 1808 360 exem-

938 365 989 405 pla
1005 366 1215 396 aeternitatem
1232 365 1317 397 illius
1332 361 1472 399 Foed‘eris
1484 390 1493 405 ,
1505 375 1670 409 tantopere
1689 370 1726 400 ab
1745 370 1801 400 1111-

939 406 986 437 110
1005 405 1148 445 jat'latain
1160 428 1170 443 ‚
1192 405 1261 438 falfi
1276 415 1462 448 coarguunt.
1509 407 1562 440 Ne
1577 417 1701 448 autern,
1719 410 1806 451 quod

937 447 1004 479 dixi
1021 446 1059 478 de
1076 445 1100 477 F
1103 446 1208 478 oederc
1226 457 1290 481 non
1309 458 1468 490 usquequa
1490 459 1528 481 ue
1547 449 1738 488 observatO,
1760 458 1805 483 tc-

937 497 1024 520 inere
1048 487 1160 520 dixisse
1181 489 1288 521 videar
1304 513 1314 530 ,
1344 489 1428 531 ipsos
1458 459 1642 523 flollandiae
1669 492 1805 523 Ordines

938 528 1033 562 testes
1065 530 1219 570 appe1103
1251 541 1320 562 nain
1346 541 1418 565 cum
1448 531 1642 579 Groningani
1672 543 1703 570 9.
1731 533 1803 565 Otr.

942 575 1032 613 1663.
1056 570 1228 603 Ordinibus
1250 571 1460 605 Generalibus
1476 574 1724 616 proposuiss'ent,
1741 575 1807 615 pla-

937 622 1064 644 ceretne
1077 612 1230 653 decerni,
1253 624 1381 654 omnes,
1405 615 1456 657 qui
1477 615 1629 648 Comitiis
1649 616 1804 648 Ordinum

939 653 1144 686 Generalium
1170 655 1374 694 interessent,
1405 657 1489 688 inter
1511 657 1571 689 alia
1588 658 1749 699 jurarent,
1772 656 1804 689 se

939 694 1118 727 servaturos
1136 695 1160 727 F
1162 697 1251 728 oedus
1270 697 1499 730 Utreclitanurn
1512 722 1521 738 ‚
1546 698 1727 732 Hollandiae
1744 699 1805 731 Or-

939 736 1026 770 dines
1047 747 1097 779 27.
1120 736 1207 769 Nov.
1235 742 1324 780 1663.
1348 739 1557 772 decreverunt
1573 740 1651 782 (4),
1675 741 1808 780 quicun-

940 788 1001 820 que
1021 779 1053 811 id
1071 787 1192 819 peteret
1203 789 1389 822 ,antequam
1407 781 1574 823 quicquam
1591 792 1627 814 63
1643 782 1682 813 de
1698 792 1732 814 re
1749 781 1807 814 sta-

939 827 1101 859 tueretur,
1123 820 1288 854 exhiberet
1304 832 1419 854 novam
1447 822 1626 856 Formulam
1646 823 1805 861 Unionis‚

936 861 970 894 in
984 871 1078 935 9113111
1091 862 1265 903 juraretur,
1288 865 1405 896 veteris
1421 865 1506 897 6111111
1524 875 1665 907 magnam
1685 873 1810 907 partem

937 903 980 936 ob
999 903 1130 936 oleviss'e
1143 929 1151 940 ,
1173 904 1252 936 aizoo
1267 929 1276 943 ‚
1300 905 1447 946 inquiunt
1460 928 1477 944 ,‚
1493 908 1527 938 de
1555 907 1698 948 voorscr'ir.
1725 907 1808 938 Unie

937 947 999 977 niet
1024 945 1169 987 alleenlyk
1193 946 1356 988 verschez'de
1380 947 1535 990 paſjagien
1555 972 1564 985 ‚
1597 949 1742 980 articulen
1769 958 1808 981 en

931 988 1071 1028 perioden
1099 993 1228 1025 vervat,
1262 989 1308 1019 die
1336 989 1399 1020 niet
1433 989 1639 1032 gepraftiseert
1660 992 1805 1029 werden,

937 1038 1020 1059 maar
1034 1028 1082 1059 ool<
1101 1030 1203 1070 eenige
1215 1051 1224 1066 ‚
1248 1030 1295 1060 die
1308 1029 1450 1072 memige
1468 1040 1530 1062 van
1553 1035 1586 1062 de
1606 1033 1712 1064 andere
1731 1032 1804 1063 Pro-

936 1070 1058 1143 {ancien
1081 1071 1143 1102 niet
1159 1079 1293 1113 genegen
1307 1080 1365 1112 zyn
1384 1072 1417 1102 in
1431 1071 1524 1104 haren
1550 1075 1690 1116 reguarde
1718 1084 1758 1105 na
1776 1081 1807 1105 ce

957 1121 1047 1143 omen.

978 1152 1038 1184 Sed
1055 1152 1125 1195 plus
1145 1151 1224 1186 scire
1241 1155 1376 1193 attinet,
1399 1164 1466 1196 quae
1491 1153 1529 1187 111
1547 1153 1699 1188 sententia
1721 1158 1749 1189 cl.
1774 1156 1805 1199 §.

936 1204 967 1232 9.
991 1193 1016 1226 F
1018 1196 1078 1227 oed.
1104 1195 1249 1229 Utrecht.
1290 1196 1334 1229 Et
1353 1197 1478 1239 quidem
1498 1197 1581 1229 inter
1598 1207 1706 1231 01111163
1723 1208 1807 1230 1111116

939 1234 1013 1268 satis
1030 1235 1172 1278 constat,
1196 1237 1265 1280 post
1289 1248 1358 1270 uam
1382 1238 1413 1270 id
1434 1238 1526 1279 plene
1549 1240 1698 1280 probavit
1724 1238 1806 1271 Gro-

941 1277 1001 1310 tius
1017 1277 1206 1321 Apologezicz'
1226 1280 1258 1312 C.
1267 1248 1302 1312 qs
1326 1280 1374 1320 J'us
1403 1279 1530 1312 summae
1551 1280 1716 1321 potestatis
1741 1281 1804 1313 ess'e

938 1328 1034 1360 penes
1056 1319 1188 1361 singulas
1222 1321 1408 1353 Provincias
1424 1343 1435 1360 ‚
1452 1324 1453 1331 ¹
1468 1331 1530 1353 nun
1554 1331 1623 1354 uam
1651 1323 1735 1356 enim
1752 1359 1755 1364 ¹
1772 1322 1807 1355 ‚id

939 1359 1112 1393 Ordinibus
1136 1360 1182 1394 est
1203 1362 1365 1401 delatum,
1388 1362 1463 1404 quin
1486 1363 1518 1395 in
1533 1331 1573 1405 (ὲ.
1605 1372 1632 1396 1.
1659 1365 1687 1396 d.
1713 1364 1737 1396 F
1740 1364 1802 1397 md.

937 1401 1080 1443 express'e
1104 1402 1169 1434 sese
1199 1403 1385 1446 singularum
1410 1403 1651 1438 Provinciarum
1677 1415 1805 1437 contro-

937 1443 1045 1476 versiis
1062 1443 1238 1476 immiscere
1262 1453 1421 1477 vetantur.
1469 1446 1605 1479 Ordines
1632 1445 1807 1480 Generalcs

937 1493 1048 1517 curant
1065 1495 1233 1519 commune
1254 1487 1373 1519 bonum
1387 1488 1483 1521 totius
1507 1487 1702 1529 Reipublicae
1714 1512 1725 1528 ,
1745 1490 1808 1522 Or-

938 1527 1026 1559 dines
1039 1526 1226 1569 fingularum
1246 1528 1485 1561 Provinciarurn
1503 1539 1671 1563 commune
1686 1531 1808 1566 bonum

939 1568 1001 1600 suae
1024 1569 1172 1610 quusque
1196 1569 1397 1610 Provinciae3
1420 1570 1442 1603 si
1460 1581 1517 1612 pro
1539 1571 1625 1604 bono
1642 1573 1807 1605 communi

939 1610 1041 1642 totius
1061 1610 1255 1652 Reipublicae
1281 1611 1400 1644 bellum
1419 1612 1588 1654 gerendum
1608 1613 1667 1654 fit,
1692 1622 1809 1657 gerunt:

939 1651 1073 1684 Ordines
1088 1651 1259 1686 Generales
1270 1677 1280 1693 ,
1306 1652 1356 1685 sed
1374 1663 1438 1686 non
1453 1653 1507 1687 11111
1524 1653 1709 1697 singularum
1728 1656 1806 1688 Pro-

939 1693 1115 1725 vinciarum
1135 1695 1296 1727 communi
1323 1694 1492 1734 consensu,
1522 1696 1564 1733 si,
1597 1705 1632 1728 ut
1655 1704 1805 1738 oportet,

937 1734 1022 1776 leges
1038 1734 1179 1768 Foederis
1203 1735 1381 1778 sequantur.
1426 1736 1606 1779 Numquam
1630 1738 1727 1780 igitur
1748 1738 1804 1771 1111-

937 1777 1020 1817 gulae
1053 1776 1231 1810 Provinciae
1258 1778 1342 1810 reste
1367 1778 1449 1811 bella
1475 1780 1611 1821 gerent?
1631 1780 1803 1812 videamus.

938 1818 1003 1851 Aut
1021 1817 1139 1851 bellum
1157 1828 1302 1861 gererent
1326 1819 1473 1852 adversus
1491 1830 1617 1853 exteros
1640 1831 1697 1864 pro
1713 1821 1806 1854 causa

938 1860 1097 1892 communi
1123 1861 1265 1893 omnium
1290 1861 1529 1894 Foederatorum
1546 1886 1556 1902 ,
1589 1871 1644 1894 auc
1672 1872 1808 1904 quor-unffi

937 1901 1008 1934 dam
1023 1911 1063 1933 ex
1080 1901 1127 1935 his
1138 1925 1149 1941 ,
1169 1910 1224 1934 aut
1245 1912 1303 1944 pro
1320 1903 1411 1935 causa
1429 1902 1480 1936 sua
1491 1926 1503 1942 ,
1527 1904 1559 1937 id
1575 1903 1639 1943 est,
1662 1913 1722 1946 pro
1740 1905 1810 1945 jure

937 1942 993 1975 suo
1012 1942 1229 1982 defendendo,
1252 1945 1282 1977 &
1298 1945 1484 1977 vindicanda
1501 1946 1612 1986 injuria
1629 1969 1639 1985 ‚
1664 1947 1718 1978 uni
1738 1945 1806 1978 for-

938 1991 971 2016 te
987 1984 1166 2017 Provinciae
1187 1983 1283 2017 illata.
1328 1985 1373 2017 Et
1389 1995 1497 2028 parurn
1521 1986 1626 2027 abest,
1658 1987 1735 2028 quin
1758 1989 1805 2021 di-

936 2034 1060 2064 camus,
1085 2026 1116 2057 in
1137 2027 1284 2058 omnibus
1302 2026 1388 2059 hisce
1414 2027 1511 2061 6311113
1535 2029 1649 2069 cuique
1669 2028 1803 2062 Provin-

937 2066 996 2098 ciae
1009 2067 1058 2107 jus
1075 2066 1151 2099 belli
1174 2067 1236 2099 effe
1257 2067 1387 2100 salvum.
1433 2068 1540 2102 Liberi
1566 2069 1680 2112 Populi
1702 2070 1747 2103 est
1767 2080 1810 2106 ex:

935 2107 1068 2140 arbitrio
1092 2107 1147 2140 suo
1177 2109 1296 2141 bellurn
1319 2119 1449 2151 gerere,
1473 2118 1568 2152 utque
1585 2111 1616 2143 id
1641 2113 1807 2154 proprium

935 2148 981 2181 est
1002 2149 1155 2191 cujusque
1183 2148 1316 2189 Gentis,
1349 2160 1419 2192 quae
1442 2150 1584 2193 suijuris
1606 2152 1652 2185 est
1666 2175 1678 2192 ,
1709 2153 1750 2186 116
1774 2155 1806 2188 &

935 2190 1015 2222 olim
1027 2191 1168 2223 obtinuit
1179 2192 1259 2232 apud
1268 2190 1382 2233 Belgas
1391 2216 1401 2232 ,
1410 2202 1494 2226 nunc
1502 2193 1687 2227 foederatos.
1706 2195 1807 2241 Quod

935 2232 1016 2264 011111
1034 2232 1159 2274 singulis
1173 2232 1353 2266 Provinciis
1375 2234 1487 2275 licuit,
1512 2236 1614 2268 adhuc
1629 2236 1723 2276 licet,
1748 2237 1804 2271 nisi

935 2273 995 2314 juri
1015 2272 1071 2305 suo
1089 2274 1354 2308 renunciaverint.
1398 2276 1524 2309 Summa
1540 2276 1704 2317 Potestas,
1731 2288 1806 2320 quae

937 2323 1030 2356 penes
1046 2315 1179 2360 singulas
1195 2315 1380 2349 Provincias
1399 2317 1463 2357 est,
1489 2328 1553 2351 non
1571 2319 1718 2358 tollitur,
1743 2329 1804 2352 nec

937 2356 1088 2389 minuitur
1100 2379 1111 2394 ‚
1145 2356 1200 2389 nisi
1217 2357 1356 2399 express'a
1374 2358 1406 2391 in
1427 2361 1622 2392 contrarium
1641 2362 1803 2393 renuncia-

936 2397 1034 2429 tione.
1081 2397 1178 2444 Quod
1194 2399 1331 2430 maxime
1347 2401 1542 2433 conveniens
1565 2401 1611 2433 est
1628 2403 1655 2433 ei
1680 2402 1803 2434 senten·

937 2438 1011 2477 tiae,
1035 2448 1127 2479 quam
1157 2439 1293 2472 Ordines
1323 2439 1504 2473 Hollandiae
1530 2442 1603 2473 data
1626 2451 1721 2484 opera
1750 2453 1803 2484 25.

936 2479 998 2520 Jul.
1027 2484 1118 2521 1654.
1141 2479 1214 2511 exse
1238 2481 1306 2512 uuti
1331 2479 1400 2512 sunt
1429 2482 1460 2513 in
1489 2481 1617 2514 Libello
1641 2485 1675 2515 de
1702 2485 1801 2516 exclu-

936 2521 1026 2552 dendo
1051 2521 1187 2563 Orangio
1243 2522 1305 2595 513.
1360 2521 1392 2553 Si
1418 2522 1493 2562 quid
1521 2522 1653 2556 Foedere
1683 2525 1721 2557 111
1746 2535 1802 2558 ex-

937 2570 974 2592 ce
999 2569 1063 2593 tum
1076 2585 1085 2600 ,
1110 2563 1170 2595 alia
1183 2571 1231 2594 res
1248 2571 1266 2594 e
1302 2585 1312 2602 ,
1336 2560 1388 2594 sed
1405 2563 1445 2594 de
1461 2573 1500 2595 60
1515 2574 1592 2597 mox
1614 2566 1801 2601 videbimus.

1005 2612 1041 2634 ro
1060 2603 1150 2635 causa
1164 2603 1261 2645 igitur
1284 2605 1445 2636 communi
1465 2606 1605 2638 omnium
1621 2606 1646 2638 F
1647 2608 1802 2641 (161161310-

937 2652 1006 2676 rum
1026 2644 1139 2686 cuique
1155 2644 1355 2683 Provinciae,
1377 2647 1491 2678 ceteris
1509 2646 1801 2689 consentientibus,

935 2685 1093 2726 integrum
1107 2686 1168 2718 erit
1183 2686 1303 2719 bellum
1317 2696 1444 2728 gerere,
1465 2688 1541 2730 quid
1564 2690 1648 2722 6111111
1671 2691 1800 2732 1111116111Γ

936 2727 1011 2760 ret?
1033 2726 1112 2759 nihil
1126 2727 1211 2760 aliud
1228 2727 1377 2760 desiderat
1397 2729 1426 2760 d.
1442 2728 1471 2769 §.
1488 2739 1519 2766 9.
1542 2740 1634 2771 quam
1659 2741 1800 2763 commu-

935 2777 1009 2800 nem
1024 2768 1227 2809 consensum,
1251 2778 1314 2801 non
1331 2770 1425 2801 etiarn
1438 2780 1621 2803 communes
1639 2771 1778 2812 sumptus
1790 2796 1801 2811 ,

935 2809 957 2842 fi
977 2809 1035 2842 hos
1052 2810 1083 2842 in
1103 2810 1134 2843 se
1158 2809 1314 2851 suscipere
1339 2820 1400 2842 una
1423 2810 1592 2843 Provincia
1616 2812 1653 2844 fit
1675 2821 1799 2853 parata.

936 2849 1002 2889 est,
1024 2853 1108 2892 quod
1132 2852 1201 2884 aliae
1217 2851 1272 2884 sibi
1289 2852 1496 2893 gratulentur.
1543 2853 1648 2885 Etiam
1666 2855 1798 2896 singulas

935 2891 1142 2932 Provincias,
1171 2892 1227 2924 suo
1253 2902 1333 2933 aere,
1365 2902 1424 2934 pro
1446 2892 1535 2924 causa
1557 2897 1716 2927 communi
1741 2905 1797 2937 pu-

934 2933 1056 2975 gnasse,
1082 2937 1113 2969 ὅ(
1130 2934 1292 2967 Mandatis
1303 2934 1353 2974 ‚&
1372 2932 1508 2975 Castris,
1529 2935 1558 2968 ἃς
1571 2934 1763 2977 Imperatore
1781 2948 1800 2970 a

1721 2977 1794 3011 Foe-

973 3055 1035 3094 (3)
1057 3055 1092 3085 L.
1109 3056 1259 3085 XXXVII.
1278 3064 1306 3092 p.
1322 3055 1388 3090 948.

973 3095 1036 3132 (4)
1054 3094 1202 3133 Resolutz‘en
1216 3103 1270 3123 van
1284 3093 1475 3131 Confideratien
1489 3099 1531 3124 ten
1554 3093 1613 3131 tyde
1628 3103 1682 3126 van
1698 3095 1727 3126 de
1740 3097 1798 3127 Wir

934 3141 965 3170 P·
984 3137 1048 3167 765·

974 3171 1035 3208 (5)
1056 3169 1156 3199 Ibidem
1176 3178 1204 3207 p,
1220 3177 1273 3214 39-
1284 3171 1350 3199 206.

1093 3215 1156 3258 Ga
