2008 3436
349 106 753 149 tisssRVATioNUM
803 106 938 154 JURIS
989 105 1201 143 ROMANI
1252 93 1578 148 Liss.'111.c.x.

40 201 78 233 ad
101 198 133 230 Ῑ,.
160 193 274 228 Οινηεῑ.
299 194 331 225 <ie
346 190 437 231 finzr.
484 188 580 236 Quod
597 196 762 228 utrumque
780 186 904 232 reelcg&

39 251 79 274 ex
101 238 156 272 usu
174 233 426 279 Jurisprudcntiae
447 232 563 265 Seneca
583 227 773 270 exsequutus
798 227 842 259 est
871 237 902 259 m

40 281 188 318 Libello,
213 287 276 319 quo
292 276 401 308 docuit
417 298 426 313 ,
451 276 482 304 in
514 273 682 312 Sapientem
713 281 770 302 non
798 270 902 301 cadere

40 325 190 365 injuriam
227 316 352 356 C.‚V11.
395 316 521 357 Aliquis
537 314 607 345 mibi
627 322 773 345 venenum
789 312 871 343 dedit
892 334 901 349 ,

33 366 88 407 seg!
111 366 173 396 vim
196 362 278 400 lirum
302 359 459 390 remixtum
483 357 542 388 cibo
568 355 699 397 perdidit
717 379 726 391 ,
753 361 900 386 venenum

40 408 116 439 illua·
137 398 230 437 dando
240 401 351 443 scelere
365 402 400 439 se
415 399 559 437 obligavit
573 422 581 433 ,
592 394 704 436 etiamsi
719 396 898 427 nonnocm‘c.

41 448 113 482 Non
129 448 224 477 minus
247 446 324 476 lucro
352 439 414 482 est.
436 442 524 480 cujus
551 441 642 472 telum
663 438 788 480 oppofim
819 436 899 478 veste

39 486 214 529 elusumest.
256 484 371 521 Recte,
397 483 539 523 inquam,
566 482 594 513 &
610 491 649 512 ex
670 480 724 513 usu
746 480 898 525 jurispru-

39 524 171 567 dentiae,
218 526 266 557 uia
282 525 312 556 in
336 523 449 555 {icariis
467 523 496 554 δε
517 522 677 555 veneficiis
703 522 898 567 idplaeuit,

41 573 71 605 δι
88 571 170 608 Leege
219 565 338 598 ornclia
356 573 515 606 receptum
535 564 579 595 cst
599 588 607 602 ,
646 573 715 595 nam
739 573 769 594 in
793 572 828 594 ea
843 562 897 593 do-

39 614 102 646 lum
123 607 179 653 pro
196 609 280 640 facto
298 607 398 648 accipi
418 606 542 637 notavit
571 605 686 637 Paulus
709 605 739 636 in
765 605 783 635 l.
810 615 839 645 7.
853 603 897 650 ff.

38 658 76 688 ad
100 654 135 685 L.
164 652 249 683 Gru.
274 659 306 679 at·
323 648 413 688 sit-ur.
439 657 476 679 1N
503 647 598 678 LEGE
623 646 826 685 Coimiztm,
853 655 897 676 m-

37 695 124 738 quir,
148 694 231 724 dolas
255 699 306 729 pro
336 690 415 729 fusto
431 690 683 729 accipitur:‚non
714 688 744 718 in
770 687 896 728 quibus-

36 745 159 778 cunque
180 727 362 765 criminibus
375 756 384 770 ,
409 741 439 763 at
459 731 489 762 in
509 729 593 770 Lege
618 728 776 760 Cornelia.
802 727 899 774 Quod

36 787 125 818 aeque
142 775 292 816 singulare
309 773 353 805 cll
370 797 379 811 ,
411 781 505 813 :itque
524 771 656 802 altsrum
675 794 684 807 ‚
718 769 802 810 quod
824 778 900 800 mox

36 818 142 857 addit,
165 827 217 848 nec
243 825 280 846 ix
306 824 374 847 nac
398 814 494 845 Liter.
518 813 605 851 culpa
629 813 690 842 lata
710 818 761 850 pro
777 812 837 842 dolo
849 821 896 840 ac-

38 862 66 894 ci
91 862 171 897 tur,
195 867 259 899 quo
277 857 317 888 sic
344 856 417 887 alias
435 855 532 895 Leges
558 853 699 885 videatur
719 852 896 884 excludere.

38 902 115 935 hon
144 909 246 932 tamen
279 898 360 929 recle
388 897 503 927 Seneca
523 896 553 926 (I.
586 895 616 925 C.
642 893 711 925 xsll.
746 893 815 934 post
835 892 898 923 duo

38 942 201 984 exempla,
226 948 294 981 qua:
312 939 348 970 ad
372 937 408 969 L.
428 936 604 968 Corneliam
625 936 781 975 pertinent
802 957 811 971 ,
836 933 898 964 hoc

38 984 210 1027 superdicit
229 992 236 1013 :
268 978 491 1017 onmia-scetem
516 980 607 1008 cimon
631 984 699 1007 ttrite
719 976 854 1016 effectum
870 984 896 1004 o-

36 1029 135 1068 peris.
160 1031 302 1064 quantum
326 1020 416 1059 culpet
428 1019 506 1057 sutis
526 1017 588 1058 est.
610 1017 834 1058 perseffltlinit.
872 1014 896 1046 I-

40 1078 71 1101 ta
86 1065 170 1099 forte
186 1061 411 1103 Philosophus,
437 1070 499 1091 noxi
520 1060 561 1090 ita
579 1057 696 1105 Istus,
721 1059 809 1104 cujus
830 1065 896 1098 par-

40 1118 86 1140 tes
114 1114 195 1138 nunc
219 1105 348 1145 agitiius.
394 1100 536 1132 Tandem
556 1101 739 1131 Saturninus
763 1109 794 1130 in
819 1102 849 1130 a.
873 1097 894 1128 l.

42 1152 90 1182 16.
113 1155 159 1187 pr.
184 1144 310 1177 conlilia
337 1143 379 1174 ait
402 1143 526 1183 puniri,
552 1152 642 1183 quie,
667 1141 746 1172 alios
768 1139 893 1171 suaden-

37 1187 221 1230 dojuviss'c,
247 1185 370 1217 sceleris
388 1184 480 1215 init-ar
499 1182 594 1221 sunt3
630 1182 679 1214 sed
704 1183 734 1214 id
758 1182 896 1223 pertinet

38 1240 100 1264 non
115 1229 152 1261 ad
170 1227 327 1269 cogitata,
345 1234 402 1256 nec
419 1233 595 1266 perpetrata
611 1224 761 1262 crimina,
787 1230 896 1254 verum

36 1272 74 1304 ad
92 1269 219 1303 consilia
230 1293 240 1308 ,
263 1277 331 1309 qua:
351 1266 420 1298 aliis
435 1265 542 1297 damus
561 1266 592 1297 in
611 1265 757 1297 damnum
775 1264 827 1296 vel
844 1273 895 1296 ne-

37 1322 106 1345 cem
126 1311 263 1343 alterius.
309 1307 460 1349 Egregius
480 1307 523 1338 est
542 1307 651 1345 locus,
675 1316 766 1348 quem
790 1315 829 1338 ex
846 1306 896 1338 Sa-

38 1355 115 1386 bino
136 1351 243 1384 nostro
265 1351 295 1382 in
315 1350 392 1381 lianc
409 1358 473 1380 rem
483 1347 606 1380 Gellius
616 1348 745 1379 adduxit
768 1348 807 1379 L.
834 1346 894 1379 XI.

37 1395 131 1431 Nost.
153 1394 222 1426 Aac.
246 1392 276 1423 C.
306 1396 350 1425 18.
371 1392 402 1421 in
419 1390 476 1430 fin.
498 1389 620 1421 furtum
638 1389 757 1421 scilicet
771 1388 832 1421 fine
851 1388 896 1419 ul-

38 1438 69 1471 la
84 1443 207 1478 quoque
224 1432 474 1465 contrectatione
489 1431 553 1462 ficri
565 1454 574 1469 ‚
595 1440 678 1463 sota
694 1439 818 1462 MENTE
836 1437 894 1461 AT-

66 1486 111 1509 ue
134 1484 248 1509 annuo
268 1499 279 1514 ,
305 1483 352 1505 υτ
377 1482 519 1505 puerum
544 1481 625 1504 FIAT
642 1497 652 1512 ‚
676 1479 894 1504 ANNITENTE.

38 1489 189 1565 {vocina
218 1527 254 1548 ne
278 1517 308 1547 id
331 1516 448 1556 quidem
471 1514 614 1545 Sabinum
634 1516 773 1545 dubitare
792 1535 802 1551 ‚
822 1515 896 1554 quin

37 1563 172 1594 dominus
186 1559 275 1600 furti
291 1555 334 1596 fit
356 1558 590 1589 condemnandus
605 1580 616 1596 ,
646 1558 699 1598 qui
711 1556 804 1598 servo
817 1557 895 1597 suo,

36 1604 87 1637 uti
122 1609 224 1635 unum
236 1601 357 1640 faceret
371 1622 380 1637 ‚
402 1599 575 1636 imperavit..

81 1603 126 1678 ἐζ
149 1640 406 1684 quemadmodum
436 1639 620 1672 Saturninus
647 1640 677 1672 in
696 1640 796 1680 princ.
821 1639 850 1670 d.
872 1638 893 1670 l.

38 1690 89 1720 16.
113 1683 286 1727 specialiter
304 1681 449 1723 excepit,
474 1691 543 1722 qua:
559 1681 687 1713 consilia
704 1681 893 1722 puniantur,

35 1728 78 1761 iic
95 1725 158 1769 ipse
174 1725 227 1757 ille
242 1725 274 1756 in
298 1722 325 1765 §.
351 1728 380 1757 8.
404 1722 590 1764 generaliter
618 1723 762 1761 tradidit,
786 1723 818 1754 in
837 1722 894 1753 cri-

35 1768 173 1801 minibus
195 1773 334 1798 eventum
345 1765 483 1804 spectari
499 1787 507 1802 ‚
529 1774 598 1804 qua:
619 1788 628 1803 ,
664 1772 699 1795 ut
726 1764 863 1795 diximus
882 1786 892 1801 ,

32 1810 141 1852 regula
156 1807 220 1847 est;
242 1817 306 1839 non
323 1806 419 1847 igitur
439 1806 558 1846 placuit
574 1804 700 1851 specstari
717 1804 814 1836 solam
830 1804 893 1836 ani-

34 1852 79 1884 mi
105 1848 342 1882 destinationem
361 1871 371 1887 ,
403 1846 459 1879 nisi
485 1847 612 1888 praeciie
640 1846 670 1878 id
692 1845 791 1878 fuerit
809 1845 895 1887 Lege

35 1900 173 1925 cautum.
219 1889 422 1936 Quapropter
442 1888 472 1920 &
490 1888 528 1919 ab
545 1888 602 1919 hac
626 1889 731 1929 regula
753 1888 786 1920 in
809 1889 838 1918 d.
863 1886 891 1928 §.

34 1938 65 1970 8.
88 1932 208 1973 excipit
223 1931 341 1972 Legem
355 1929 536 1962 Corneliam
548 1953 557 1968 ,
582 1938 617 1961 ut
637 1928 726 1970 supra
740 1929 778 1960 de
797 1929 892 1961 latro-

33 1974 124 2008 nibus
138 1973 277 2012 dixerat,
302 1981 488 2013 quonqzmm,
513 1971 636 2011 inquit,
661 1972 709 2003 lex
721 1981 778 2002 non
793 1973 894 2002 minus

34 2026 118 2054 eum.
139 2017 190 2057 qui
203 2015 352 2050 occidendi
367 2014 494 2044 bominis
507 2015 593 2051 caula
613 2022 678 2044 cum
699 2013 753 2044 telo
768 2013 892 2053 fuerit,

37 2067 125 2098 quam
141 2068 224 2095 eum,
246 2057 297 2097 qui
317 2056 475 2090 occiderit.
495 2055 616 2095 puniat.
663 2054 706 2086 Et
729 2053 800 2086 sane
825 2054 892 2096 plu-

35 2107 84 2131 res
98 2097 168 2131 sunt
185 2097 389 2139 exceptiones
408 2096 445 2128 ab
463 2096 519 2127 hac
535 2096 641 2137 regula
652 2118 663 2133 ,
687 2105 757 2127 nam
778 2104 893 2137 praeter

34 2139 149 2181 Legem
167 2139 276 2180 Iuliam
292 2136 466 2179 Maiestatis
486 2137 516 2169 ὃς
531 2136 711 2169 Corneliam
728 2138 766 2169 de
777 2137 893 2170 ficariis

35 2181 66 2212 ἃ
82 2180 242 2212 veneficiis
258 2179 351 2211 etiam
366 2179 434 2211 aliae
453 2178 553 2220 Leges
571 2177 640 2214 sunt
655 2202 664 2217 ,
689 2188 757 2220 quae
779 2179 890 2210 volun-

33 2230 99 2253 tate
127 2219 191 2253 sola
209 2220 337 2252 crimina
359 2220 530 2251 metiuntur
552 2229 588 2251 ac
602 2220 766 2261 pleciunt:
791 2220 890 2252 Parri-

32 2262 106 2294 cidii
131 2263 152 2294 l.
179 2271 204 2294 1.
232 2264 263 2292 in
280 2260 338 2300 fin.
353 2261 392 2303 ff.
416 2263 453 2292 ad
475 2261 513 2293 L.
536 2261 667 2304 Pompej.
687 2264 722 2292 de
740 2263 889 2302 parricid.

33 2303 248 2350 Quintilianus
271 2303 407 2335 Decium.
435 2301 650 2335 CCLXXXI.
695 2303 843 2335 Ambitus
866 2304 887 2334 l.

36 2354 62 2377 1.
86 2346 117 2376 C.
141 2345 246 2377 Theod.
276 2347 310 2376 de
332 2344 448 2376 Ambit.
492 2343 611 2384 Raptus
638 2344 769 2386 virginis
793 2343 887 2376 sacrae

29 2386 82 2418 vel
114 2386 222 2418 invitae
246 2387 265 2417 l.
290 2397 321 2418 2.
353 2387 385 2417 C.
415 2385 547 2424 Theodos.
571 2388 605 2416 de
626 2386 732 2424 Rapta
753 2387 802 2418 vel
827 2396 886 2417 πια-

30 2429 149 2459 irimrm.
163 2427 308 2468 sanctim.
332 2429 448 2468 virgin.
472 2427 492 2458 Ι.
516 2436 547 2466 5.
570 2428 602 2459 C.
625 2426 711 2467 Just.
735 2430 768 2459 de
784 2428 887 2468 Epist.

1778 118 1827 156 81·

947 186 1000 218 hic
1019 186 1103 226 diei,
1128 195 1225 226 quum
1242 187 1398 229 assumpto
1422 190 1500 222 licet
1524 192 1594 223 astu
1612 215 1621 231 ,
1649 200 1751 224 tamen
1773 193 1825 224 ad-

946 228 1009 260 huc
1039 227 1168 269 supersit
1188 251 1198 266 ,
1229 229 1313 268 quod
1339 238 1456 270 agatur.
1505 232 1610 274 Atque
1634 233 1732 273 hine,
1769 234 1824 275 qui

945 267 1024 300 furti
1039 268 1175 301 faciendi
1195 267 1286 300 causa
1311 271 1465 302 conclave
1492 272 1649 313 intravit,
1682 275 1825 307 nondum

945 309 997 342 fur
1016 309 1078 349 est,
1104 310 1248 352 quamvis
1272 309 1396 343 furandi
1418 312 1508 344 causa
1524 314 1654 346 intravit
1675 340 1684 355 ,
1711 315 1761 348 sed
1783 317 1823 347 de

943 352 975 383 vi
990 351 1207 390 accusabitur,
1232 351 1252 384 fi
1273 362 1328 394 per
1345 353 1411 384 vim
1433 354 1587 394 intravit,
1601 357 1742 397 alioquin
1754 358 1822 390 iim-

942 393 1071 434 pliciter
1102 393 1286 434 injuriarum
1311 394 1472 426 tenebitur
1496 396 1515 426 l.
1543 405 1592 428 21.
1620 396 1647 438 §.
1673 407 1703 438 7.
1721 399 1760 439 ff.
1785 402 1822 431 de

943 434 1031 466 Furi.
1081 434 1190 474 Addo,
1215 444 1255 466 ne
1270 436 1400 477 longum
1419 434 1534 468 faciam
1559 438 1579 468 l.
1602 443 1631 469 o.
1652 447 1697 478 pr.
1717 441 1757 481 ff.
1780 444 1821 473 ad

943 477 983 509 J..
1008 477 1123 508 Cornel.
1149 479 1182 508 de
1196 477 1276 516 fals.
1299 479 1319 508 l.
1346 487 1396 509 22.
1422 476 1491 518 §.4
1518 481 1578 510 eod.
1607 479 1668 512 Tit.
1693 481 1756 519 lag.
1773 483 1818 523 ff.

942 521 977 551 de
1010 518 1072 550 ΗΜ·
1105 520 1158 559 qui
1183 526 1244 550 not.
1277 519 1384 559 infirm.
1413 522 1432 549 t.
1465 529 1490 551 1.
1518 519 1544 562 §.
1571 521 1627 553 ult.
1644 522 1685 564 ff
1726 516 1819 568 Quod

942 562 1067 603 quisque
1086 561 1152 602 jur.
1175 562 1207 591 in
1232 561 1320 592 alter.
1337 560 1416 601 stat.
1455 570 1487 592 ut
1511 563 1570 603 ipse
1591 567 1650 595 eod.
1675 565 1745 606 jur.
1770 574 1816 598 ut.

942 613 1010 644 quae
1026 611 1135 634 omncs
1152 626 1160 641 ,
1187 603 1217 634 in
1231 602 1342 648 'specie
1372 612 1437 635 non
1462 613 1545 644 una,
1577 605 1734 647 probant,
1759 617 1818 639 vo-

942 645 1096 676 luntatem
1111 644 1173 675 fine
1190 643 1304 676 cstettu
1322 645 1414 686 plane
1433 654 1497 676 non
1521 647 1635 687 puniri.

984 685 1071 732 Quid
1085 694 1160 727 ergo
1176 684 1240 725 est,
1265 686 1350 727 quod
1365 687 1553 726 generaliter
1574 687 1616 720 D.
1639 688 1818 723 Hadrianus

942 726 1120 768 rescripsit:
1163 736 1201 758 IN
1225 736 1425 759 MALEFICIIS
1457 738 1641 762 VOLUNTAs
1673 741 1815 764 srec'rA-

942 778 1032 807 unz,
1058 777 1132 799 Nox
1158 777 1280 800 murus
1304 770 1324 800 l.
1355 778 1390 808 14
1417 769 1459 810 ff.
1482 773 1520 801 ad
1543 772 1581 803 l..
1606 774 1694 804 Corn.
1720 776 1755 806 de
1770 773 1814 812 fi-

943 821 1006 841 car.
1054 810 1133 841 Sane
1152 809 1217 841 liccc
1235 810 1379 842 delinitio
1392 810 1581 859 Interpretes
1598 815 1702 856 adegit
1715 838 1724 854 ‚
1750 825 1816 857 quo

942 851 1123 889 crederent,
1151 852 1326 891 generalem
1346 852 1425 884 hanc
1442 853 1503 885 esse
1520 855 1602 896 Juris
1620 856 1753 890 Romani
1767 867 1816 890 re-

942 892 1064 933 gulam3
1091 892 1232 932 loquitur
1248 893 1330 924 enim
1350 903 1414 926 non
1430 894 1469 926 de
1484 896 1659 929 homicidio
1670 922 1679 938 ,
1697 897 1749 930 scd
1763 908 1815 930 oe.

941 933 1088 964 neraliter
1118 934 1156 964 de
1181 933 1343 968 maleficiis
1360 959 1370 974 ,
1410 936 1455 967 ait
1481 936 1628 978 Cujacius
1651 940 1691 971 L.
1714 940 1765 973 XI
1804 966 1815 973 .

944 975 1071 1013 Observ.
1096 974 1121 1004 C
1158 984 1205 1006 10.
1252 975 1311 1006 Sed
1335 986 1395 1018 ego
1421 987 1486 1010 non
1508 979 1644 1020 dubito,
1677 982 1752 1023 quin
1778 991 1816 1014 ea

943 1016 1010 1047 Lex
1030 1025 1075 1056 14.
1102 1015 1140 1047 sit
1160 1015 1385 1057 intelligenda,
1404 1028 1468 1051 non
1486 1020 1524 1051 de
1542 1031 1733 1064 quocunque
1749 1033 1815 1055 ma-

941 1057 1046 1088 leficio
1065 1081 1074 1095 ‚
1099 1064 1130 1087 at
1157 1056 1196 1087 de
1218 1059 1364 1096 maleficio
1379 1082 1388 1093 ,
1415 1061 1499 1100 quod
1526 1062 1571 1094 ita
1596 1072 1652 1104 per
1676 1065 1814 1097 eminen-

940 1099 1015 1129 tiam
1029 1097 1165 1136 dicitur,
1180 1098 1209 1129 δε
1222 1098 1307 1138 quod
1323 1099 1487 1133 damnatur
1503 1104 1535 1135 in
1562 1104 1623 1136 Tit.
1647 1106 1678 1137 C.
1705 1106 1814 1138 Theod-

937 1139 973 1174 &³
987 1139 1107 1185 Justin.
1126 1141 1160 1185 fle
1176 1138 1314 1185 ,Malefia
1333 1140 1370 1175 ὅ)
1392 1141 1540 1176 Minoem.
1567 1145 1740 1192 Quumque
1756 1148 1813 1180 hu-

939 1182 987 1222 jus
1002 1180 1147 1212 malencn
1167 1181 1284 1221 species
1304 1181 1341 1213 fit
1366 1183 1507 1216 bominem
1524 1197 1636 1218 veneno
1653 1191 1817 1230 extingue-

939 1233 972 1255 re
995 1223 1014 1253 l.
1044 1231 1068 1253 1.
1093 1222 1124 1253 C.
1147 1221 1233 1268 Just.
1257 1226 1319 1269 εοᾴ.
1345 1223 1406 1255 Tz't.
1440 1226 1522 1258 haud
1551 1238 1629 1260 vana
1656 1229 1720 1261 fide
1743 1231 1815 1272 quis

939 1264 1063 1303 credat,
1088 1263 1270 1304 pertinuiss'c
1290 1264 1320 1296 ld
1347 1266 1466 1299 crimen
1490 1268 1527 1300 ad
1551 1268 1667 1302 Lenem
1694 1270 1815 1304 Corne-

940 1306 1030 1344 liam,
1055 1314 1125 1346 quae
1142 1314 1206 1351 non
1225 1305 1378 1338 duntaxat
1402 1306 1512 1341 statuit
1535 1311 1574 1342 de
1591 1294 1708 1345 sicariis
1726 1337 1735 1353 ,
1761 1312 1815 1346 sed

939 1348 969 1379 dc
998 1347 1037 1378 de
1059 1347 1225 1387 veneficiis.
1272 1347 1471 1389 Argumento
1492 1352 1587 1384 etiam
1610 1353 1665 1385 fiet
1683 1378 1692 1393 ,
1726 1355 1814 1396 quod

939 1388 1008 1420 hcec
1031 1389 1050 1419 l.
1078 1398 1124 1429 14.
1149 1388 1186 1419 ad
1201 1398 1274 1420 eum
1290 1390 1387 1421 relata
1401 1391 1438 1423 fit
1452 1391 1620 1435 Titulum‚
1645 1395 1677 1427 in
1698 1405 1762 1437 quo
1781 1396 1815 1429 δεῖ

939 1430 1140 1461 voluntatem
1156 1429 1218 1461 sine
1233 1430 1324 1462 exitu
1348 1430 1475 1472 speum-i
1492 1437 1659 1475 novimus,
1684 1437 1715 1469 &
1727 1437 1814 1479 quod

939 1471 1054 1503 Paulus
1076 1472 1211 1503 Sentent.
1238 1472 1277 1503 L.
1292 1471 1331 1503 V.
1359 1473 1421 1505 Tic.
1436 1474 1564 1508 XXIII.
1591 1477 1753 1510 &Basilici
1769 1480 1812 1512 L.

939 1511 1013 1545 LX.
1040 1514 1073 1544 T.
1099 1523 1150 1555 39.
1175 1522 1236 1545 una
1256 1513 1394 1559 Rubrica
1415 1517 1667 1558 complectantur
1688 1520 1810 1554 crimen

939 1553 1102 1586 homicidii
1120 1556 1150 1586 ἃ
1163 1554 1320 1586 maleficii.
1358 1557 1446 1601 Quin
1464 1558 1496 1590 in
1515 1558 1636 1592 Codice
1655 1559 1811 1594 Theodo-

938 1595 1022 1628 fiano
1046 1596 1151 1638 panim
1171 1596 1407 1638 conjunguntur
1432 1600 1560 1641 ‘venefici
1584 1602 1614 1633 ὅ(
1637 1602 1766 1644 malefici
1785 1604 1811 1637 l.

943 1637 1092 1685 Ερμῆ
1119 1639 1226 1679 appell.
1251 1649 1308 1685 non
1332 1643 1423 1680 ret-ip.
1453 1642 1474 1673 l.
1506 1648 1534 1677 8.
1567 1645 1602 1675 de
1629 1643 1811 1686 indulgent.

937 1688 1057 1712 crimin.
1081 1680 1111 1712 ὅ(
1128 1690 1188 1711 una
1202 1688 1347 1712 oratione
1361 1683 1393 1714 in
1417 1683 1437 1713 l.
1459 1687 1489 1715 6.
1513 1686 1574 1717 eod.
1602 1684 1664 1717 Tic.
1687 1689 1739 1728 qui
1758 1697 1814 1720 no-

936 1722 1000 1753 xiis
1024 1721 1144 1764 quaeszm
1161 1724 1353 1770 gram-ivibus
1370 1747 1380 1763 ‚
1409 1723 1446 1759 ὅ)
1470 1727 1550 1758 diris
1573 1728 1811 1762 immurmurare

927 1764 1078 1805 secretis,
1100 1766 1207 1796 mentis
1225 1762 1261 1798 ὃ
1280 1767 1410 1805 corporis
1433 1777 1549 1800 venena
1562 1771 1731 1810 composuit.
1764 1771 1810 1804 Εε

936 1805 1138 1838 Modestinus
1161 1806 1193 1838 in
1216 1805 1236 1837 l.
1265 1815 1311 1847 13.
1334 1807 1375 1848 ff.
1416 1811 1454 1840 ad
1490 1810 1528 1842 L.
1553 1812 1641 1843 Corn.
1665 1814 1699 1844 de
1715 1811 1812 1852 ficar.

937 1856 1006 1887 quae
1030 1849 1175 1889 proxime
1200 1848 1350 1888 praecedit
1364 1873 1374 1889 ,
1410 1859 1504 1892 poena
1529 1851 1624 1894 Legis
1651 1853 1813 1887 Cornelioe

936 1888 1075 1921 damnari
1091 1888 1218 1927 scribit,
1243 1892 1305 1928 qui·
1319 1892 1397 1922 mala
1411 1892 1564 1933 sacrificia
1584 1895 1695 1929 fecerit
1712 1919 1722 1935 ,
1755 1897 1813 1928 ha-

937 1932 1036 1961 buerit
1052 1943 1063 1963 .-
1085 1931 1170 1972 quod
1195 1938 1282 1961 certe
1316 1933 1534 1966 maleficorum
1560 1934 1616 1968 est.
1661 1936 1753 1970 Unde
1777 1939 1812 1973 in

936 1972 1117 2004 continenti
1135 1971 1275 2014 sequitur
1299 1973 1327 2005 h.
1352 1974 1372 2005 l.
1401 1983 1449 2014 14.
1472 1977 1683 2018 in'maleficiis
1700 1980 1815 2012 volun-

938 2020 1033 2046 tatem
1050 2013 1182 2054 spectari
1197 2037 1205 2051 ‚
1230 2023 1288 2045 non
1305 2017 1445 2054 exitum,-
1465 2017 1497 2049 in
1513 2018 1667 2059 ejusmodi
1685 2019 1812 2054 scilicet:

936 2055 1115 2096 maleficiis,
1127 2055 1166 2087 de
1185 2055 1298 2097 quibus
1313 2058 1459 2098 proxime
1474 2059 1578 2091 aetum
1598 2062 1757 2101 erat,s1ve
1775 2063 1810 2096 in

935 2096 1100 2129 maleficiis
1124 2099 1181 2126 κατ’
1205 2098 1295 2134 ἐξοχὴ
1317 2098 1359 2130 fic
1376 2100 1476 2133 diffis.
1514 2100 1550 2133 Id
1574 2112 1613 2134 ue
1631 2102 1725 2135 habet
1741 2105 1810 2136 evi-

935 2138 1060 2171 dentem
1082 2139 1256 2178 rationem,
1281 2149 1354 2171 cum
1377 2142 1482 2174 exitus
1506 2142 1537 2174 in
1588 2144 1653 2176 isce
1674 2143 1744 2177 fere
1770 2146 1810 2178 fit

934 2180 1058 2220 nullus,
1085 2182 1114 2213 ἃ
1135 2189 1240 2211 totum
1258 2181 1377 2214 crimen
1393 2191 1515 2216 tantum
1540 2194 1604 2217 non
1626 2185 1810 2221 absolvatur

934 2221 1215 2261 ventilationibus,
1236 2221 1384 2264 susurris,
1396 2225 1606 2267 carminibus,
1617 2235 1712 2268 atque
1729 2229 1811 2261 adeo

934 2262 1002 2294 solo
1018 2272 1145 2296 conatu.
1176 2263 1223 2295 Ea
1243 2263 1469 2305 fignificatione
1486 2266 1507 2298 fi
1530 2268 1672 2308 maleficii
1694 2279 1811 2303 vocem

932 2305 1141 2346 accipiamus,
1166 2304 1379 2347 intelligemus
1393 2317 1539 2349 quoque,
1564 2310 1648 2350 quod
1666 2310 1811 2353 alioquin.

932 2344 1098 2378 obscurum
1121 2346 1165 2378 est
1183 2369 1195 2385 ,
1226 2347 1256 2378 C.
1285 2357 1335 2379 20.
1360 2350 1395 2380 de
1420 2349 1531 2381 Poeniz.
1554 2350 1702 2392 Distinet.
1726 2352 1750 2385 Ι.
1773 2355 1809 2385 in

931 2389 1023 2418 medio
1040 2389 1292 2421 :Discernzmtur
1307 2399 1325 2419 a
1344 2390 1499 2430 maleficiis
1516 2402 1567 2432 ea,
1591 2403 1654 2434 quae
1672 2396 1707 2426 de
1722 2394 1807 2436 Jure

932 2429 1070 2470 effectum
1091 2430 1258 2469 desiderant
1278 2441 1287 2462 .·
1323 2432 1355 2463 in
1385 2433 1432 2463 his
1455 2435 1533 2465 enim
1550 2445 1608 2467 non
1633 2435 1690 2475 nr'fi
1710 2438 1807 2469 animi

27 2468 64 2504 ὅ*
85 2470 160 2502 Cler.
186 2470 217 2501 in
235 2470 347 2510 quibus
363 2468 509 2501 omnibus
531 2469 693 2515 ordinarie
717 2479 817 2515 poen'ae
843 2469 889 2501 10-
927 2473 1080 2514 judicium
1107 2472 1321 2511 confideratur.
1369 2473 1445 2505 Hoc
1463 2474 1508 2507 est
1524 2500 1533 2515 ,
1566 2477 1598 2509 in
1623 2477 1806 2518 maleficiis,

29 2520 84 2543 cus
103 2510 156 2543 est.
201 2510 315 2552 Neque
331 2510 438 2543 fuiss'et
453 2519 531 2550 opus
553 2510 601 2542 his
616 2510 752 2551 Legibus
776 2511 888 2551 ipecia-
903 2510 1002 2558 (iquae
1020 2515 1150 2555 proprie
1166 2514 1208 2546 fic
1226 2514 1394 2554 dicuntur,
1419 2515 1503 2549 solus
1529 2518 1650 2551 animus
1674 2519 1712 2550 ad
1737 2529 1804 2561 poe-

28 2552 101 2584 liter
117 2552 148 2584 id
162 2552 327 2594 complecti
338 2552 378 2593 ‚fi
392 2551 579 2592 generaliter
593 2552 623 2584 δε
640 2551 756 2592 ubique
765 2553 795 2584 id
804 2551 887 2584 obti—

29 2602 102 2626 nere
117 2603 226 2625 verum
250 2593 336 2626 esset.
382 2593 552 2625 Audiamus
577 2593 684 2634 potius
701 2593 886 2636 Tryphoni-

27 2643 102 2665 num
123 2635 155 2667 in
177 2635 198 2666 1.
224 2645 297 2675 225.
311 2636 352 2676 ff.
374 2638 408 2667 de
429 2635 470 2666 V.
493 2634 522 2665 S.
548 2644 667 2666 FUREM
684 2658 693 2674 ,
728 2644 884 2667 ADULTE-

29 2684 122 2716 nun,
145 2685 380 2716 ALEATOREM,
404 2686 582 2719 quamquam
615 2678 716 2718 aliqua
729 2676 885 2717 fignifica—

29 2718 106 2749 1ione
123 2716 160 2752 ὅ)
177 2719 268 2749 animi
286 2717 477 2759 propositione
493 2719 638 2759 cujusque
656 2718 726 2759 sola
742 2720 810 2760 quis
838 2720 882 2750 di-

28 2767 93 2790 cere
117 2759 226 2800 posthc,
255 2767 290 2791 ut
313 2761 402 2793 etiam
425 2762 472 2796 is.
503 2761 555 2801 qui
578 2770 732 2801 nunquam
755 2761 885 2792 alienam

29 2809 91 2831 rem
105 2800 203 2832 invito
217 2802 328 2833 domino
349 2804 562 2838 subtraxerit,
583 2812 735 2844 nunquam
756 2802 884 2834 alienam

28 2843 224 2883 matremfom.
237 2845 404 2885 corruperit
418 2867 429 2883 ‚
451 2843 481 2883 fi
499 2845 578 2875 modo
599 2845 666 2884 ejus
689 2846 797 2876 mentis
816 2843 854 2882 lic
871 2867 882 2882 ‚

29 2888 64 2914 ut
86 2882 227 2917 occafione
254 2886 326 2917 data
340 2887 371 2917 ia
384 2885 584 2927 commiffurus
601 2885 658 2927 sic,
683 2893 781 2918 tamen
803 2894 884 2928 opor-

29 2931 92 2956 tere
113 2926 211 2956 eadem
230 2925 286 2957 boec
307 2928 432 2959 crimina
455 2936 631 2961 AssUMPTo
655 2937 748 2961 ACTU
770 2928 883 2960 intelli-

25 2967 71 3007 gi.
96 2965 180 3007 quod
204 2965 314 2999 deinde
340 2969 377 3000 ad
392 2969 568 3011 fugitivum
593 2969 749 3002 transfert.
796 2969 884 3004 Hinc

27 3006 72 3039 est
81 3030 92 3046 ,
107 3006 191 3048 quod
205 3005 424 3043 sollicitatores
439 3011 608 3043 alienarum
622 3011 800 3053 nuptiarum
819 3020 884 3042 non

27 3048 213 3089 puniantur,
236 3049 292 3082 nisi
307 3058 397 3083 extra
409 3052 549 3084 ordinem
572 3052 592 3083 I.
607 3062 634 3084 1.
656 3060 704 3092 pr.
714 3053 755 3094 ff.
772 3055 807 3084 de
817 3053 883 3084 Ex-

27 3090 143 3120 traord.
165 3091 282 3122 crimin.
307 3091 337 3122 &
351 3092 404 3132 qui
421 3092 560 3133 perfecto
574 3092 695 3136 flagitio
709 3095 814 3136 capite
826 3103 882 3135 pu-

24 3131 174 3170 niuntur,
197 3131 380 3173 imperfesto
396 3133 428 3164 in
443 3132 572 3166 insulam
586 3134 791 3177 deportantur
813 3138 843 3167 d.
861 3135 883 3167 l.

30 3179 57 3204 1.
103 3171 360 3245 ,maldummodo
382 3174 611 3209 meminerimus
632 3199 644 3216 ,
677 3178 885 3220 imperfectum

96 3222 109 3244 0
142 3236 149 3244 -
189 3236 196 3246 ι

931 2563 1002 2585 nam
1018 2556 1151 2596 sufficit,
1176 2565 1249 2587 cum
1264 2555 1407 2588 aliafere
1427 2558 1558 2591 crimina
1583 2559 1729 2592 effectum
1754 2561 1806 2592 de-

930 2594 1072 2630 siderent.
1120 2597 1227 2639 Atque
1249 2597 1294 2628 ita
1314 2599 1408 2629 etiam
1430 2608 1493 2632 non
1518 2603 1637 2640 καθέλε,
1661 2600 1712 2633 sed
1736 2602 1805 2630 καπὲ

930 2636 955 2664 τὶ
979 2636 997 2678 ζ
1008 2648 1044 2671 ut
1064 2638 1171 2671 Graeci
1184 2638 1298 2680 ajunt)
1321 2641 1468 2682 intelligo
1493 2642 1662 2683 Apulejum
1685 2643 1803 2676 Floria.

929 2677 969 2709 L·
991 2680 1046 2713 IV.
1069 2682 1106 2714 In
1123 2681 1297 2721 maleficiis,
1312 2682 1434 2723 inquit,
1459 2684 1548 2715 etiam
1568 2686 1699 2725 cogitata
1710 2685 1804 2722 scele-

928 2733 965 2754 ra
982 2746 992 2762 ,
1018 2733 1077 2756 non
1095 2724 1234 2765 perfecta
1258 2726 1355 2756 adhuc
1371 2748 1382 2765 ,
1412 2725 1632 2765 vindicantur,
1668 2733 1799 2759 cruenta

926 2772 1040 2803 mente,
1060 2772 1140 2807 puro
1156 2775 1259 2797 manu.

971 2808 1046 2840 Ideo
1062 2816 1167 2840 autem
1187 2807 1255 2839 haec
1267 2807 1423 2850 disputata
1442 2806 1513 2839 sunt
1523 2832 1533 2847 ,
1548 2818 1588 2840 ne
1600 2832 1609 2848 ‚
1623 2816 1660 2840 ut
1678 2810 1798 2852 vulgo,

926 2849 1106 2889 credamus,
1130 2849 1207 2888 juris
1224 2848 1358 2880 Romani
1379 2849 1517 2889 regulam
1535 2848 1617 2888 effe,
1642 2850 1673 2882 in
1696 2852 1798 2883 omni-

927 2890 984 2922 bus
1002 2891 1186 2922 criminibus
1211 2890 1348 2920 animum
1368 2898 1427 2929 pro
1455 2888 1541 2920 fafto
1563 2891 1663 2932 accipi
1683 2915 1693 2930 ‚
1716 2902 1803 2925 neve

927 2932 1022 2963 etiam
1047 2930 1274 2963 constituamus
1290 2953 1300 2968 ,
1324 2930 1356 2960 id
1376 2929 1486 2970 utique
1508 2930 1653 2964 obtinere
1678 2932 1709 2965 in
1729 2944 1799 2976 gra-

927 2973 1087 3011 vioribus,
1111 2981 1176 3004 non
1192 2972 1224 3002 in
1244 2969 1434 3009 levioribus,
1448 2972 1709 3011 quemadmodum
1719 2984 1798 3007 con-

926 3015 1030 3047 stituit
1050 3013 1199 3053 Cujacius
1223 3012 1262 3043 L.
1288 3011 1363 3043 XV.
1391 3011 1519 3051 Observ.
1542 3014 1575 3045 C.
1598 3023 1648 3055 25.
1675 3016 1706 3047 &
1724 3016 1797 3058 post

926 3066 998 3088 eum
1012 3055 1147 3096 plurima
1163 3063 1232 3095 pars
1250 3052 1460 3093 Interpretum
1478 3063 1488 3092 3
1511 3064 1645 3096 namque
1670 3056 1728 3089 illo
1746 3067 1795 3099 er-

926 3105 1015 3129 rante
1031 3095 1162 3126 difficile
1183 3102 1249 3126 erat
1264 3094 1349 3125 viam
1364 3094 1479 3126 restam
1498 3102 1613 3128 tenere.
1659 3096 1792 3140 Nolim,

927 3139 1072 3178 inquam,
1097 3136 1142 3167 ita
1163 3134 1333 3173 constitui,
1357 3144 1430 3166 cum
1444 3135 1566 3169 lubrica
1579 3137 1616 3169 fit
1630 3137 1796 3180 definitio,

927 3178 1050 3220 ecquod
1066 3177 1185 3210 crimen
1194 3177 1231 3211 fit
1240 3175 1416 3250 habendlum
1423 3186 1482 3219 pto
1490 3179 1660 3221 atrociori,
1669 3182 1797 3223 ecquod

1736 3232 1797 3266 pr·
