2008 3436
876 99 895 148 (
924 105 988 147 187

66 101 1849 283 QQQ‘TKMRJQDssfflssssffffffffssUgffffeffissffss’wffwssffffssffhss

66 287 561 408 &swas
626 307 998 394 afflatas
1065 306 1330 391 sasas
1342 307 1438 392 aa
1451 309 1769 393 &aaa
1801 271 1850 391 ξ

66 393 1849 525 ζωῷ(ὓῑῗρθῷωῷΘέῧὲὓέἓῡωὲἓῦθὸὑῦᾣίὺὲῧῢωῷ’Θεῗῢθξ

105 600 793 669 AMPLISSJMO
882 596 1805 678 GRAVJSSJMOQUE

664 746 723 805 V
843 744 867 803 l
976 744 1033 804 R
1154 744 1246 812 o,

63 885 1052 978 WILELMOVAN
1120 881 1844 972 CITTERS‚

89 1016 262 1074 JCTo,
302 1010 490 1053 URBIS
527 1005 1171 1058 MlDDELBURGENSIS
1222 1006 1516 1057 SAEPMJs,
1545 1008 1630 1048 Es
1675 1008 1817 1050 CUM

117 1078 386 1124 MAXIME
407 1075 702 1124 CONSULl,
732 1073 1788 1118 CURATORISOCOETATlS1ND1AE

146 1149 353 1193 0R1EN
373 1146 556 1189 TALIS
584 1146 652 1187 1N
675 1144 999 1189 STATIONE
1029 1142 1758 1193 ZELAND1CA,ETc.ETc.ETc.

854 1251 902 1301 S.
976 1252 1046 1302 D.

167 1372 728 1428 CORNELIUS
797 1387 923 1422 VAN
992 1368 1742 1422 BYNKERSHOEK.

73 1508 320 1570 ”’,”ῑ
354 1500 484 1558 Tibi,
523 1499 604 1547 Vir
643 1496 942 1565 Ampliffirne,
980 1497 1054 1547 has
1095 1497 1237 1565 Jurz's
1271 1497 1447 1547 Publici
1476 1496 1756 1564 Quaestiones
1779 1495 1842 1545 in-

102 1559 113 1575 *
163 1564 261 1617 Ὗ·
330 1570 584 1626 scriberem,
622 1587 710 1617 non
742 1587 826 1617 una
853 1570 960 1618 ratio
989 1586 1063 1618 me
1098 1569 1254 1617 movit.
1329 1569 1373 1617 Si
1406 1566 1846 1632 circumspiciendum

72 1612 74 1615 '
111 1610 118 1637 f
148 1598 210 1631 φ
275 1616 291 1636 a

148 1611 285 1690 aar

130 1681 134 1685 ,
165 1671 183 1684 ἢ

178 1709 181 1712 ,
203 1691 231 1720 οἳἱ
260 1697 281 1721 »ἡ

328 1637 432 1688 esset
456 1657 620 1688 nomen
649 1637 828 1696 illustre,
849 1652 926 1688 tuo
946 1638 1049 1706 quid
1076 1635 1310 1686 illustrius?
1348 1655 1450 1686 nam
1475 1637 1675 1686 Gentem
1707 1653 1844 1695 tuam,

328 1709 424 1775 ipsis
447 1709 652 1757 natalibus
680 1707 883 1756 illustrem
901 1745 914 1766 ,
950 1708 1059 1757 adeo
1082 1707 1245 1756 meritis
1270 1705 1356 1772 ipse
1376 1709 1460 1756 tuis
1479 1705 1662 1763 ornasti,
1699 1721 1744 1754 ut
1767 1723 1844 1754 eo-

63 1797 160 1828 rum
190 1779 388 1845 splendor
407 1795 715 1845 usquequaque
738 1777 779 1826 se
802 1777 990 1836 exserat,
1027 1777 1118 1827 five
1141 1776 1464 1826 deliberandum
1490 1776 1540 1825 fit
1562 1776 1617 1825 de
1639 1792 1847 1824 commu-

62 1850 107 1897 ni
133 1848 361 1897 Foederati
394 1847 532 1914 Belgii
566 1850 715 1905 bono,
756 1846 846 1896 five
871 1847 925 1896 de
948 1848 1127 1914 proprio
1153 1845 1388 1895 Zelandiae
1422 1845 1602 1895 nostrae.
1671 1846 1844 1893 Utrius-

62 1935 150 1985 que
186 1917 289 1965 ssilus
325 1918 429 1965 Tibi
462 1917 580 1965 cordi
615 1918 662 1966 &
693 1934 820 1965 curae
857 1916 950 1975 est,
994 1916 1063 1965 sed
1107 1917 1204 1983 quia
1237 1916 1439 1981 persona,
1477 1932 1609 1982 quam
1643 1912 1844 1973 ffislines,

62 1987 203 2053 magis
234 1987 306 2034 Te
329 1985 562 2035 Zelandiae
584 1986 764 2044 addicit,
802 1986 893 2051 ejus
913 1987 954 2035 in
979 1987 1128 2052 primis
1156 1984 1260 2033 salus
1294 1984 1399 2034 Tibi
1430 1984 1626 2051 suprema
1651 1983 1719 2031 lex
1747 1982 1843 2043 est,

63 2072 194 2123 atque
220 2055 329 2104 adeo
349 2056 394 2103 T
396 2074 420 2104 e
453 2057 558 2104 haec
580 2055 806 2104 solllcitum
832 2056 983 2113 habet,
1022 2070 1067 2103 ut
1093 2055 1146 2104 ab
1187 2054 1350 2120 aliquot
1383 2069 1498 2103 retro
1518 2055 1639 2102 annis
1664 2051 1757 2101 fere
1776 2066 1845 2100 to-

64 2140 160 2173 turn
184 2126 474 2189 occupaverit.
551 2125 724 2188 Quare,
762 2124 793 2173 fi
826 2128 939 2174 redte
967 2141 1187 2191 auguror,
1225 2123 1432 2172 Zelandia
1463 2122 1632 2181 nostra,
1676 2121 1749 2171 Te
1772 2121 1846 2170 sal-

65 2212 150 2252 vo,
189 2194 296 2241 salva
323 2197 427 2252 erit,
465 2195 557 2242 latis
595 2197 745 2261 utique
766 2194 832 2243 illa
857 2194 933 2244 fibi
965 2193 1210 2243 consultum
1244 2191 1485 2252 existimat,
1521 2191 1554 2241 fi
1579 2192 1652 2240 Te
1675 2192 1736 2240 uti
1757 2190 1846 2241 frui

64 2264 188 2312 liceat
215 2264 255 2311 in
278 2265 402 2312 rebus
425 2264 560 2312 arduis
581 2264 629 2313 &
653 2266 897 2330 ambiguis,
932 2263 981 2313 &
1004 2281 1141 2313 nemo
1162 2264 1354 2323 invidet,
1393 2262 1471 2312 nisi
1502 2262 1575 2329 qui
1599 2262 1747 2310 minor
1765 2259 1842 2310 est.

65 2332 284 2398 Singulari
311 2350 458 2382 autem
491 2351 590 2382 cura
616 2334 670 2381 ita
702 2333 1153 2400 Middelburgenfibus
1179 2334 1263 2382 tuis
1290 2331 1506 2390 consulis,
1544 2346 1767 2380 uteorum
1792 2348 1842 2378 o-

65 2419 167 2470 pes,
206 2402 400 2466 publicae
418 2420 466 2450 ac
499 2405 712 2467 privatae,
748 2403 970 2461 crescant,
1007 2419 1248 2452 mercatura
1268 2440 1281 2461 ,
1314 2401 1577 2469 aliquamdiu
1612 2402 1843 2448 intermor-

66 2487 160 2528 tua,
198 2473 453 2530 reviviscat,
491 2473 539 2521 &
567 2471 783 2530 aedificia,
818 2472 997 2537 collapsa
1023 2473 1130 2521 olim
1165 2472 1234 2520 vel
1277 2471 1473 2529 deserta,
1511 2469 1683 2535 surgant
1717 2469 1841 2517 altius

67 2543 113 2592 &
138 2544 341 2590 ornatius.
416 2542 595 2590 Horum
619 2541 714 2589 sane
740 2541 851 2590 haud
873 2543 929 2590 ita
948 2541 1115 2605 pridem
1140 2556 1364 2607 emptores
1387 2540 1434 2589 &
1455 2539 1743 2588 condufitores
1767 2540 1842 2586 de-

66 2611 354 2661 fiderabantur
379 2648 392 2669 ,
436 2629 554 2659 nunc
597 2610 888 2660 desiderantur
932 2611 1182 2659 venditores
1228 2609 1276 2659 &
1319 2609 1546 2658 locatores,
1640 2607 1842 2670 Quicun-

66 2698 155 2747 que
187 2678 259 2727 Te
284 2682 435 2737 novit,
472 2680 599 2729 fimul
631 2682 783 2739 novit,
822 2682 878 2728 ita
903 2679 976 2728 Te
1005 2698 1137 2747 agere
1165 2697 1259 2727 rem
1286 2677 1529 2745 publicam,
1565 2691 1612 2725 ut
1645 2678 1840 2743 optimus

67 2750 251 2818 quisque
277 2748 582 2798 Paterfamilias
614 2750 719 2798 solet
746 2767 876 2816 agere
910 2767 1003 2798 rem
1029 2751 1264 2815 privatam,
1301 2749 1463 2815 absque
1493 2747 1711 2804 sordibus,
1747 2745 1842 2793 abs-

69 2837 155 2886 que
181 2818 306 2865 omni
327 2819 510 2867 avaritia.
550 2819 636 2868 Sed
659 2820 796 2868 nolim
822 2820 865 2868 in
886 2818 1071 2886 singulas
1090 2821 1271 2867 virtutes
1292 2833 1385 2866 tuas
1410 2832 1664 2874 excurrere,
1702 2832 1758 2862 ne
1777 2815 1842 2878 ip-

69 2890 108 2938 sa
136 2904 283 2936 earum
317 2887 444 2949 copia
472 2887 650 2947 obruar,
682 2889 730 2938 &
758 2889 912 2954 pudori
936 2904 1014 2938 tuo
1040 2890 1185 2956 gravis
1218 2887 1313 2936 fim.
1388 2885 1527 2948 Quod
1552 2886 1593 2932 in
1623 2885 1672 2932 iis
1703 2883 1842 2932 admi·

67 2974 215 3007 rentur
232 2993 246 3014 ,
283 2954 443 3004 habent
468 2973 622 3005 omnes
638 2996 652 3016 ,
695 2958 814 3025 quod
838 2960 994 3007 imitari
1019 2957 1172 3024 poffit,
1209 2974 1358 3005 nemo.
1430 2953 1586 3002 Animi
1609 2967 1755 3001 tamen
1778 2953 1842 3000 tui

68 3026 419 3076 moderationem
443 3024 491 3074 &
510 3027 812 3093 aequalitatem
832 3066 846 3087 ,
884 3046 995 3094 quae
1012 3029 1056 3076 in
1085 3027 1212 3075 rebus
1230 3024 1408 3092 agendis
1429 3022 1618 3088 undique
1638 3021 1842 3089 pellucet,

68 3095 238 3145 filentio
270 3112 357 3142 non
393 3097 686 3145 transmittam
709 3135 724 3156 ,
770 3099 868 3164 quia
894 3098 1002 3146 haec
1036 3099 1079 3145 in
1111 3094 1316 3143 Zelandis
1354 3110 1443 3141 rara
1473 3093 1609 3139 virtus
1647 3090 1722 3140 est.
1796 3092 1844 3139 Si

68 3164 286 3216 Mattiaci
312 3163 423 3231 apud
456 3163 674 3215 Tacitum
704 3166 754 3216 de
788 3165 1000 3216 Moribus.
1019 3165 1343 3215 Germanorum
1379 3160 1431 3211 C.
1470 3160 1643 3211 XXIX.
1681 3160 1844 3278 fueZnt
1878 3221 1882 3223 -

1052 3236 1136 3283 Aa
1176 3248 1201 3282 2
1813 3247 1851 3277 e-
