2008 3436
170 134 237 168 254-

165 202 230 232 deri
249 198 358 241 poss'et.
407 197 531 244 Quaerit
552 196 614 236 ibi,
638 205 695 234 an,
728 194 749 227 fi
770 192 976 232 convenerit,
997 198 1029 224 ut

166 248 276 272 cereum
291 249 438 271 numerum
457 239 621 281 tegularmn
637 238 708 268 mihi
724 238 807 267 darer
827 241 901 266 certo
912 235 1006 275 pretia
1019 256 1031 271 ‚

163 292 200 312 ea
210 281 510 313 conventioincidat
529 280 558 311 in
576 278 769 319 emptionem
781 300 791 315 ,
806 286 843 308 an
854 277 885 308 in
896 276 1028 307 locutio-

165 323 255 354 nem?
266 321 467 363 &distinguit
473 344 484 360 ,
495 330 599 352 utrum
609 319 773 361 placuerit,
788 318 901 358 tegula:
908 326 948 347 ex
960 325 1030 347 meo

164 364 266 395 fundo
290 362 538 402 fabricarentur,
563 371 600 393 an
618 370 658 392 ex
677 369 754 398 tuo,
774 360 793 391 ii
813 368 853 389 ex
873 366 947 397 tuo.
967 367 1029 388 em-

163 406 307 444 ptionem
324 404 385 436 esse
395 414 478 443 ,non
495 402 736 435 conductionem
746 425 755 439 ‚
767 401 829 431 hoc
843 398 1029 440 superdiCto:

166 448 273 477 zonam
298 448 375 477 enim
406 445 551 476 conduc‘tio
574 443 700 484 alicujus
728 443 773 473 rei
800 437 841 481 est
859 463 870 478 ‚
901 442 1030 481 quatiens

165 489 311 525 materia,
334 490 366 518 in
384 498 441 529 qua
459 487 571 527 aliquid
587 483 758 525 prasssiatnr,
789 484 821 512 in
842 479 1030 520 eoclenistatu

166 530 293 571 ejusdem
311 534 427 564 inanem
447 529 575 569 qicotsens
596 535 662 556 “cero
682 523 718 558 E?
736 525 926 559 immutatur,
950 520 986 555 ὅ)
1000 531 1029 550 α-

167 571 298 602 lienatur
311 593 321 608 ,
342 571 446 610 emptio
474 569 589 609 magis,
608 576 692 607 quiem
709 565 812 595 locatio
836 563 968 604 intelligi
984 563 1031 592 de-

166 614 222 643 liet.
269 611 387 642 Verum
409 619 467 641 nec
496 607 649 639 sententia
667 630 676 645 ‚
708 614 766 636 nec
788 605 872 636 ratio
887 602 1031 644 Javoleni

165 653 351 694 porrigenda
369 650 413 682 est
432 651 514 681 ultra
531 647 682 689 speciem,
696 646 737 677 ibi
752 644 952 686 propositam.
976 644 1029 674 At-

165 703 227 736 que
244 694 311 724 haec
342 694 371 723 ie
389 690 502 731 tegulis
519 689 601 730 agit,
624 686 778 719 faciendis
796 696 835 718 ex
852 685 953 717 fundo
974 693 1030 715 tuo

165 736 218 766 vel
237 743 328 770 me03
350 734 370 765 fi
389 743 428 764 ex
450 739 526 770 tuo,
558 738 593 761 tu
609 729 771 760 materiam
787 727 907 768 praebes
919 749 929 764 ,
951 726 980 756 ἅ
998 736 1029 756 o-

163 785 270 817 peram
290 774 433 813 adhibes,
456 772 578 813 eritque
598 771 719 811 emptio
740 769 905 806 venditio,
928 767 1030 808 perin-

164 818 203 848 de
220 826 256 847 ac
274 817 295 848 fi
313 813 526 853 convenisset,
550 820 584 844 ut
602 822 640 843 ex
659 820 715 843 tuo
731 820 808 842 auro
827 809 902 841 mihi
920 808 1031 839 anulos

164 857 295 889 faceres.
340 856 384 888 At
410 856 431 888 fi
454 864 494 886 ex
521 864 592 886 meo
618 853 718 885 fundo
740 851 860 893 tegulas
884 850 951 881 fieri
968 849 1030 889 pla-

166 899 286 937 cuerit,
321 905 357 929 tu
379 907 443 929 non
469 896 596 927 adhibes
618 894 672 926 nisi
696 893 792 925 solam
812 902 870 933 pro
889 891 1033 922 mercede

166 949 310 980 operam,
337 940 366 970 ἃ
383 939 443 970 erit
461 937 582 969 locatio
606 935 792 968 conductio:
818 942 888 965 nam
904 932 1033 963 materia

164 991 181 1011 a
199 990 248 1011 nie
262 979 495 1021 proficiscitur,
527 979 557 1010 ὅ(
581 985 684 1009 manet
702 986 788 1014 inea,
812 976 842 1006 ἂ
858 974 982 1015 quidem
1000 975 1033 1004 in

164 1024 259 1052 eodem
278 1019 361 1062 ‘liam
377 1044 388 1060 ,
417 1021 447 1052 id
465 1020 528 1059 eil,
560 1027 595 1051 ut
614 1028 673 1060 ego
690 1019 902 1058 interpretor,
921 1024 985 1047 non
1003 1024 1032 1045 a·

164 1064 300 1102 lienata,
320 1062 483 1094 fabricatis
499 1061 636 1102 alioquin
656 1069 696 1090 ex
715 1058 817 1090 fundo
836 1057 950 1097 tegulis
969 1066 1031 1087 rna-

168 1104 245 1135 teria
269 1103 357 1136 fundi
380 1113 444 1135 non
472 1111 577 1134 manet
599 1102 629 1132 in
652 1101 784 1137 eodem,
817 1108 881 1139 quo
899 1096 1002 1129 fuerat
1022 1120 1031 1135 ‚

166 1144 257 1178 statu.
284 1145 380 1191 Quod
393 1144 494 1183 addit,
520 1145 650 1185 quotiens
672 1143 796 1173 rna-teria
812 1140 847 1175 ἐξ
862 1141 1034 1170 immutatur

167 1187 204 1222 &³
218 1187 387 1226 alienatur,
418 1186 611 1231 emptionem
637 1183 743 1224 potius
773 1181 853 1220 effe,
874 1189 965 1221 quani
984 1179 1029 1210 lo-

166 1229 326 1260 cationem
339 1251 349 1266 ,
378 1227 596 1268 accipiendum
618 1224 663 1256 est
682 1224 720 1254 de
739 1222 860 1264 specie,
884 1230 944 1262 qua
963 1220 1033 1260 quis

165 1278 282 1311 praeter
308 1278 457 1311 operam,
489 1276 579 1309 quam
606 1266 757 1303 adhibet,
796 1264 889 1294 etiam
916 1262 1034 1302 praebet

166 1311 348 1349 materiam,
371 1318 405 1341 ut
434 1309 529 1346 ell'et,
560 1307 581 1338 fi
600 1307 669 1348 quis
692 1315 732 1337 ex
749 1304 805 1336 suo
825 1303 927 1335 fundo
947 1309 1032 1343 tegu-

167 1353 212 1384 las
228 1351 364 1391 faceret,
388 1351 440 1382 vel
460 1360 500 1381 ex
518 1349 573 1381 suo
588 1357 665 1379 auro
681 1346 800 1378 anulos.
845 1344 906 1376 Sed
921 1343 942 1375 si
961 1352 1034 1373 ame

167 1394 297 1425 materia
315 1391 533 1434 proficiscatur
552 1414 562 1429 ,
597 1389 626 1421 δε
644 1397 676 1419 tu
694 1397 757 1419 non
775 1384 900 1427 praestes
916 1383 971 1416 nisi
987 1383 1034 1415 so-

166 1436 228 1466 lam
246 1444 392 1475 operam,
416 1432 536 1464 locatio
559 1429 731 1462 conductio
756 1428 827 1459 erit.
873 1426 977 1466 Atque
993 1425 1036 1456 ita

165 1474 211 1507 est
227 1476 256 1507 in
276 1475 425 1512 materia,
446 1479 514 1515 quae
529 1471 727 1504 functionem
755 1468 800 1501 sui
818 1478 883 1500 non
900 1466 1033 1507 recipit,

169 1518 200 1549 dc
215 1517 254 1548 de
270 1526 306 1548 ea
321 1515 386 1547 sola
403 1515 469 1556 agit
494 1513 664 1554 Javolenus
689 1512 721 1543 in
743 1512 771 1542 d.
797 1510 817 1541 l.
838 1512 890 1549 65.
916 1508 939 1540 fi
955 1507 1034 1539 reci-

167 1558 253 1600 piat,
272 1556 424 1589 Alfenum
439 1555 602 1597 sequemur
617 1554 650 1586 in
666 1551 770 1585 nostra
792 1552 812 1583 l.
831 1560 882 1593 31.

213 1598 320 1645 Quare
337 1597 528 1629 verissimum
554 1595 615 1635 est,
640 1593 760 1626 etiamsi
779 1601 883 1624 rerum
905 1589 1035 1623 transfe-

168 1648 254 1672 ratur
271 1639 466 1677 dominium‚
487 1637 569 1679 saepe
582 1637 678 1669 etiam
691 1634 885 1668 locationem
900 1641 1037 1669 manere,

169 1681 200 1714 &
217 1689 324 1723 aptum
345 1681 411 1721 ejus
435 1680 480 1711 rei
504 1679 684 1720 exemplum
702 1676 762 1708 effe
779 1676 812 1707 in
828 1684 905 1706 auro
920 1673 973 1705 vel
991 1682 1036 1704 ar-

167 1731 284 1765 gento,
309 1722 422 1754 artifici
442 1720 608 1761 porrefto,
632 1725 665 1751 ut
677 1717 749 1760 vasa
772 1716 881 1757 fierent
899 1715 948 1747 vel
966 1723 1036 1748 anic-

169 1765 212 1802 n',·
242 1773 307 1796 non
326 1763 371 1795 ait
399 1761 532 1795 Alfenus
548 1784 560 1801 ,
590 1766 623 1793 ut
650 1770 694 1793 Ex
722 1768 766 1792 Eo
785 1767 879 1791 AURo
894 1766 961 1790 vax.
979 1764 1039 1788 AR-

404 113 812 154 CORNELII
887 120 992 148 vAN
1065 104 1672 146 BYNKERSHOEK

1073 200 1191 223 (mNTo
1207 188 1334 230 fierent,
1358 187 1408 219 sed
1431 187 1636 228 simpliciter,
1669 194 1702 219 ut
1713 187 1830 229 fierent.
1873 193 1932 226 Ra-

1072 234 1194 264 tionem
1210 230 1396 262 differentia:
1420 227 1509 270 supra
1527 229 1663 261 indicavi
1683 239 1725 260 ex
1744 230 1918 271 Pomponio

1074 275 1104 306 ἃ,
1123 283 1163 304 ex
1181 282 1216 304 ea
1234 271 1392 311 intelliges
1405 293 1414 308 ‚
1446 272 1589 301 Azonem
1616 271 1733 302 Samma
1753 271 1790 302 ad
1816 272 1875 305 Tit.
1899 260 1928 307 εἴ

1073 316 1105 346 (ἕρ
1126 315 1230 346 Locat.
1251 312 1286 347 ἐξ
1304 313 1384 342 cond.
1413 321 1442 341 n.
1470 321 1520 342 22.
1546 312 1647 342 minus
1663 312 1746 343 reete
1764 312 1929 349 existimas-

1075 355 1122 395 se,
1152 355 1327 386 dominium
1353 352 1498 390 transire,
1531 351 1594 383 sive
1612 353 1818 394 convenerit,
1842 365 1877 388 ut
1892 367 1931 391 ex

1072 397 1184 427 eodem
1195 420 1203 434 ‚
1229 396 1292 426 iivc
1311 403 1344 424 ut
1360 404 1400 425 ex
1416 393 1561 434 quolibet
1576 394 1639 424 alio
1653 402 1783 435 argento
1801 396 1872 429 vasa
1881 398 1931 430 fie-

1072 446 1153 469 rent.
1180 438 1320 468 Azonem
1341 434 1487 476 sequutus
1507 436 1551 466 elt
1568 434 1749 475 Accurfius,
1775 436 1859 469 hunc
1868 448 1933 481 gre-

1072 480 1169 520 gatim
1190 477 1357 518 lequuntur
1375 477 1436 507 ulii.

1114 520 1174 552 Sed
1188 519 1272 559 quod
1288 518 1326 548 de
1339 517 1416 548 valis
1438 517 1466 548 ὅ(
1486 517 1585 549 anulis
1603 518 1720 551 dicitur
1733 544 1742 559 ,
1774 520 1804 552 &
1821 521 1858 552 de
1870 521 1933 554 fru-

1073 568 1182 592 mento
1211 570 1229 590 a
1253 558 1394 599 pluribus
1416 558 1571 596 confuso,
1601 559 1632 590 id
1652 569 1728 592 vero
1747 562 1882 601 efficiet,
1902 571 1935 596 ut

1071 612 1166 632 rernm
1188 601 1347 631 locatarum
1363 599 1481 639 circopeffe
1500 610 1608 642 genera
1627 601 1710 632 reete
1725 603 1935 637 adfirmaverit

1072 641 1234 674 Alfenus?
1263 639 1333 672 sane
1358 640 1491 671 alterum
1518 650 1632 682 genus,
1658 651 1698 673 ex
1718 653 1782 684 quo
1798 643 1882 677 solus
1903 656 1943 677 u-

1073 683 1122 716 sus
1142 683 1267 720 transit,
1291 682 1367 712 adeo
1385 680 1430 712 est
1445 681 1641 722 frequentius
1670 684 1700 715 ἃ
1718 686 1881 725 potentius
1897 688 1938 719 al-

1076 733 1143 771 tero
1159 747 1168 763 ‚
1197 731 1231 754 ut
1252 732 1290 769 ex
1317 723 1414 763 priori
1442 723 1579 763 regulam
1604 723 1767 765 sumpserit
1784 726 1936 769 Ulpianus

1075 776 1105 797 1n
1130 766 1149 797 l.
1167 773 1216 808 39.
1237 764 1279 805 ff.
1300 764 1372 795 Lac.
1396 765 1477 794 cona'.
1502 765 1650 805 exceptio
1666 766 1762 807 igitur
1777 770 1883 807 potius
1894 769 1938 802 di-

1075 807 1172 838 cenda
1189 814 1274 844 erat,
1305 805 1456 836 translato
1479 814 1534 846 per
1557 806 1748 839 locationem
1766 810 1909 842 dominio

1074 857 1165 889 quam
1190 855 1225 877 ut
1256 847 1327 878 inde
1352 855 1472 877 novum
1495 846 1525 876 ἃ
1546 845 1723 879 distinctum
1743 859 1840 890 genus
1857 835 1938 884 local

1076 889 1172 920 tionis
1188 887 1417 919 exstrueretur..
1454 886 1789 934 lutei-precesquoque
1805 891 1883 923 hanc
1893 893 1937 925 10-
1978 887 1981 891 ’

1075 930 1210 962 cationis
1227 928 1381 970 speciem,
1404 938 1444 959 eit
1462 938 1522 969 qua
1539 929 1715 962 (lOl'nlnlum
1739 931 1864 972 transit,
1889 933 1936 965 so-

1076 972 1143 1004 lent
1170 970 1325 1012 appellare
1354 970 1546 1008 anomalam,
1572 978 1667 1012 atque
1696 972 1740 1003 ita
1757 974 1940 1015 exceptioni

1075 1012 1204 1054 potius,
1228 1021 1319 1052 quam
1342 1011 1460 1052 regula:
1487 1011 1641 1043 tribuunt.
1686 1013 1746 1045 Sed
1761 1024 1801 1046 ne
1818 1015 1920 1048 dicam

1074 1054 1155 1095 apud
1186 1052 1284 1093 JCtos
1314 1051 1449 1083 insolens
1476 1061 1540 1083 non
1557 1052 1618 1084 effe
1641 1052 1758 1093 species
1778 1056 1809 1087 in
1829 1039 1942 1097 genera

1073 1095 1214 1127 dividere
1231 1117 1241 1132 ,
1272 1092 1430 1125 observari
1460 1093 1577 1131 velim,
1599 1094 1749 1127 Alfenum
1767 1096 1820 1128 hic
1837 1106 1942 1131 totum
1975 1106 1978 1110 ⁴

1075 1136 1136 1167 eil'e
1155 1136 1185 1167 in
1203 1134 1287 1166 sacto
1307 1135 1434 1173 locato,
1455 1143 1519 1165 non
1539 1135 1570 1166 in
1594 1145 1627 1165 re
1650 1136 1751 1168 locata
1764 1161 1774 1176 ,
1797 1138 1874 1170 &in
1895 1140 1942 1171 lo—

1075 1178 1200 1208 catione
1217 1185 1380 1216 operarum
1396 1173 1469 1207 satis
1489 1182 1561 1215 apte
1578 1175 1727 1208 constitui
1750 1179 1814 1210 duo
1830 1189 1944 1220 genera

1076 1227 1180 1249 rerum
1209 1217 1391 1248 locatarum.
1438 1215 1471 1247 Id
1497 1217 1559 1254 jain
1586 1217 1768 1250 observavit
1784 1219 1941 1254 Donellus

1081 1261 1236 1290 Continent.
1260 1256 1332 1298 Jur.
1362 1257 1452 1287 Civil.
1485 1256 1526 1287 L.
1543 1256 1635 1289 XIII.
1666 1259 1698 1291 C.
1712 1269 1745 1296 9.
1765 1270 1795 1292 n.
1816 1271 1866 1293 20.
1886 1264 1941 1294 duo

1077 1309 1184 1342 genera
1202 1322 1211 1337 ,
1249 1298 1352 1339 inquit
1368 1320 1380 1336 ,
1410 1297 1545 1339 intellige
1573 1299 1606 1329 in
1630 1299 1679 1330 hoc
1708 1310 1814 1342 genere
1834 1324 1846 1340 ,
1878 1313 1943 1335 cum

1077 1342 1145 1383 quid
1170 1342 1202 1371 in
1230 1340 1275 1371 his
1302 1339 1350 1370 vel
1367 1349 1404 1370 ex
1420 1339 1465 1369 his
1476 1338 1652 1379 faciendum
1673 1342 1770 1374 datur.
1815 1343 1859 1375 Et
1881 1343 1944 1377 hoc

1077 1391 1174 1424 genus
1196 1381 1274 1412 adeo
1302 1378 1451 1421 frequens
1483 1378 1528 1412 est
1549 1379 1581 1412 in
1600 1380 1813 1415 locationibus
1835 1394 1943 1426 opera-

1078 1432 1167 1461 rum,
1202 1430 1237 1453 ut
1261 1431 1317 1460 eo,
1350 1421 1381 1452 ni
1405 1420 1520 1461 fallor,
1545 1420 1713 1462 respiciens
1726 1423 1894 1464 javolenus
1910 1427 1942 1459 in

1077 1465 1097 1496 l.
1116 1473 1168 1510 55.
1195 1463 1237 1505 ff.
1264 1465 1298 1494 de
1331 1462 1433 1504 Oblig.
1463 1461 1500 1497 ὅ)
1521 1462 1577 1494 aa.
1601 1465 1844 1497 conductionem
1861 1476 1945 1499 retu·

1077 1506 1150 1538 lerit
1172 1506 1209 1537 acl
1224 1503 1403 1537 contractus
1423 1527 1434 1543 ,
1464 1513 1505 1535 ex
1524 1504 1637 1545 quibus
1655 1505 1829 1538 dominium
1846 1515 1944 1540 trans-

1077 1546 1188 1578 fertur.
1212 1545 1280 1587 Ipse
1298 1544 1420 1578 scilicet
1438 1544 1751 1588 illeJavolenus,qui
1761 1547 1793 1579 in
1804 1549 1883 1593 l.-65.
1901 1549 1960 1591 ff.*

1078 1589 1112 1620 cie
1134 1588 1232 1620 Contr.
1261 1593 1346 1628 empt.
1373 1587 1460 1618 vend.
1491 1586 1639 1626 dixerat,
1667 1588 1799 1620 alienata
1817 1595 1945 1624 demum

1079 1630 1208 1661 materia
1231 1629 1425 1670 emptionem
1452 1628 1550 1669 magis
1574 1628 1732 1670 intelligi,
1762 1639 1854 1671 quam
1871 1641 1948 1664 con-

1079 1670 1270 1703 duetionem.
1314 1669 1420 1716 Atque
1437 1668 1486 1701 his
1505 1670 1549 1701 ita
1560 1671 1722 1711 acceptis,
1741 1670 1859 1712 facile,
1877 1682 1898 1704 o
1921 1672 1948 1704 i-

1080 1722 1157 1751 nor,
1179 1712 1217 1744 iis
1233 1721 1338 1744 carere
1358 1711 1456 1749 hcet,
1481 1719 1550 1752 quae
1578 1709 1798 1746 Gothofredus
1815 1714 1850 1748 in
1905 1719 1946 1749 ov.

1080 1753 1193 1786 effudit
1210 1753 1247 1786 ad
1263 1754 1297 1783 m*
1312 1754 1344 1786 in
1362 1753 1504 1785 creditum
1520 1752 1570 1785 iri.
1918 1749 1922 1751 Δ

802 1836 1165 1911 ΟΑΡΠΙΤ
1263 1869 1312 1908 V.

173 1966 231 2003 Ad
259 1966 404 2003 eandem
440 1967 463 2002 l.
498 1966 553 2003 his
585 1964 733 2002 verbis:
768 1964 855 1999 Idem
874 1964 964 2011 juris
989 1960 1049 2009 effe
1073 1962 1106 1995 in
1130 1958 1286 2006 deposito:
1314 1969 1388 1994 nam
1405 1957 1439 2004 fi
1462 1961 1532 2005 quis
1551 1962 1719 2007 pecuniam
1744 1963 1946 1998 numeratam

217 2019 266 2051 ita
293 2015 500 2062 deposuiffirt,
532 2024 568 2052 ut
593 2027 692 2061 neque
717 2012 834 2060 clusam
854 2038 866 2057 ,
899 2023 996 2058 neque
1029 2008 1228 2057 obsignatam
1262 2009 1427 2050 traderet,
1447 2007 1510 2054 sed
1532 2011 1778 2053 adnumeraret,
1804 2010 1888 2045 nihil
1908 2022 1945 2046 a.

221 2066 289 2100 liud
313 2074 383 2099 eum
411 2066 543 2109 debere,
577 2067 661 2113 apud
686 2075 775 2109 quem
802 2059 1039 2107 depaficaeffet
1058 2084 1069 2101 ,
1101 2056 1161 2103 nist
1195 2058 1382 2093 tantundem
1404 2059 1548 2103 pecuniae
1561 2059 1718 2104 solveret.
1769 2058 1948 2099 Secundum

219 2127 286 2160 quce
312 2114 416 2149 videri
442 2116 590 2149 tricicum
608 2113 738 2160 fabium
762 2110 915 2158 Saufeji,
944 2108 985 2150 &¹
1012 2110 1093 2144 reae
1117 2109 1240 2142 clatum.

224 2213 303 2255 sse,
318 2212 403 2254 quod
432 2211 456 2243 F
461 2209 605 2251 lorentiae
632 2209 768 2250 legitur,
792 2207 906 2250 pendet
926 2217 942 2238 a
958 2215 1037 2248 prae-

259 2253 382 2286 cedenti
402 2252 562 2294 refinondim
585 2260 685 2292 neque
705 2250 802 2291 igitur
822 2248 887 2286 est,
904 2257 1037 2279 curmu-

174 2306 276 2330 temus
293 2296 324 2327 in
341 2291 402 2335 eft,
424 2302 460 2325 ut
481 2292 581 2334 reperi
602 2292 633 2323 in
647 2291 717 2323 MS.
744 2300 815 2322 meo
832 2289 894 2321 fine
911 2288 1037 2327 Gloffis,

175 2340 205 2371 ὅς
220 2337 340 2369 editum
357 2336 401 2368 est
417 2346 435 2367 a
450 2333 684 2367 Blaublommio
709 2341 799 2374 1523.
813 2332 843 2363 ἅ
862 2340 879 2361 a
895 2330 1038 2362 Roberto

173 2378 333 2420 Stephano
360 2387 452 2418 1527.
496 2374 621 2406 Deinde
647 2374 754 2414 clusam
769 2382 829 2414 pro
845 2371 972 2412 clausam
990 2380 1040 2402 an-

173 2422 262 2461 tique
289 2419 371 2450 dixit
389 2440 400 2456 ,
433 2428 450 2449 a
475 2417 555 2448 cludo
583 2425 641 2456 pro
658 2416 775 2446 ¹claudo.
820 2413 855 2445 In
880 2412 1042 2444 pandectis

172 2462 314 2494 Florent.
342 2460 372 2491 δε
390 2459 463 2491 alibi
481 2457 561 2499 saepe
583 2466 619 2487 ea
635 2466 702 2488 vox
724 2455 867 2488 similiter
884 2452 1016 2484 effertur
1029 2477 1040 2493 ‚

174 2503 259 2544 quod
277 2502 330 2533 alii
350 2506 519 2538 notarunt,
545 2499 575 2530 δε
590 2506 650 2539 ego
669 2497 891 2538 praetermitto.
936 2494 1040 2526 Poste-

173 2545 273 2575 riores
292 2541 360 2574 fere
377 2541 546 2578 Editores,
571 2548 612 2570 ex
630 2539 806 2580 ignorantia
824 2535 1041 2577 antiquitatis,

174 2584 402 2617 substituerunt
432 2581 559 2623 clausam
575 2603 585 2618 ,
617 2580 701 2620 quod
723 2579 841 2611 fastum
860 2587 924 2608 non
948 2586 1040 2618 opor-

175 2627 249 2658 tuit.
294 2625 357 2657 Pro
383 2624 587 2655 adnumeraret
611 2620 706 2652 iidem
733 2617 984 2651 Blaublommius
1009 2618 1040 2650 &

174 2667 351 2708 Stephanus
362 2688 373 2704 ,
397 2671 430 2695 ut
448 2667 613 2694 numeraret
626 2661 728 2692 minus
745 2660 866 2692 necesse
884 2659 915 2690 ἃ
937 2659 1041 2690 minus

173 2706 352 2740 commode.
406 2705 513 2745 Magis
540 2702 660 2744 prob0,
693 2701 778 2742 quod
806 2701 900 2732 iidem
915 2708 972 2740 pro
983 2699 1042 2740 sol-

174 2755 256 2780 veret
274 2748 429 2780 ediderint
443 2746 578 2787 salvere,
600 2752 690 2782 nam,
716 2750 752 2774 ut
775 2741 878 2774 sensus
894 2740 949 2772 sibi
964 2749 1040 2772 con-

175 2790 234 2822 stet
248 2814 257 2829 ‚
282 2789 334 2821 vel
350 2790 396 2821 ita
412 2786 576 2828 legendum
595 2783 657 2823 est,
683 2783 734 2814 vel
752 2792 825 2814 cum
844 2780 1040 2820 Haloandro‚

175 2830 232 2904 9ιὶζὶ
260 2841 307 2864 UT
337 2830 513 2862 temerandum
537 2827 670 2869 pecuniae
683 2824 834 2866 spivum,
864 2822 917 2864 qui
934 2830 1041 2854 motus

175 2873 204 2904 el
236 2873 346 2904 ma'or.

217 2883 313 2956 Quold
329 2913 366 2944 ad
384 2921 450 2944 rem
464 2910 560 2952 ipsam
573 2932 585 2949 ‚
607 2919 686 2942 ecce
704 2906 839 2942 Alfenus
853 2906 918 2938 alio
935 2913 1040 2937 exem-

176 2954 231 2994 plo
249 2955 350 2986 utitur
366 2953 508 2986 translati
533 2951 684 2990 dominii,
716 2949 770 2981 ubi
786 2948 916 2980 minime
931 2946 1038 2986 exspe-

176 2994 291 3032 nares,
322 2995 353 3027 in
380 2993 545 3026 contractu
574 3002 687 3034 nempe
703 2988 847 3032 depositi.
890 2988 936 3020 Ea
957 2986 1038 3020 scili-

174 3042 226 3065 cet
245 3035 375 3075 depositi
400 3042 510 3068 natura
533 3032 598 3073 est,
622 3041 658 3065 ut
679 3033 717 3065 ad
736 3040 828 3068 eum,
851 3029 933 3070 apud
969 3037 1040 3061 uem

176 3083 226 3105 res
255 3075 293 3105 de
317 3076 423 3108 onitur
437 3099 450 3115 ,
482 3074 562 3108 nihil
580 3073 636 3107 nisi
650 3073 792 3107 custodia
805 3039 982 3103 transeatql.
1012 3079 1038 3102 1.

170 3120 220 3155 Pr·
225 3113 260 3154 ff
259 3139 265 3146 -
312 3116 380 3157 epqfi
392 3126 465 3148 cum
475 3116 652 3158 proprietas
661 3139 672 3156 ,
682 3115 758 3157 quin
768 3113 799 3145 &
807 3111 950 3155 poffeffio
958 3111 1040 3153 apud

174 3155 382 3196 deponentem
411 3165 533 3189 maneat
549 3180 559 3196 ,
590 3165 631 3188 ex
663 3155 770 3198 regula
798 3152 975 3186 Florentini
1008 3152 1041 3184 in

173 3195 197 3227 l.
222 3204 268 3235 17.
293 3194 320 3237 §.
342 3203 368 3229 x.
389 3195 430 3237 ff.
451 3197 525 3230 Eod.
569 3197 612 3229 Et
626 3205 730 3231 tamen
744 3195 775 3228 id
790 3193 875 3229 fallit
894 3194 927 3231 in
943 3202 1039 3235 pecu-

1081 2205 1131 2237 nia
1154 2203 1191 2236 ad
1218 2204 1425 2244 quantitatem
1452 2203 1610 2247 deposita,
1643 2204 1665 2236 fi
1686 2205 1790 2243 enim,
1813 2204 1917 2247 inquit
1932 2227 1947 2245 ‚

1081 2255 1188 2291 neque
1207 2246 1353 2291 cludatur
1371 2246 1522 2287 pecunia,
1556 2255 1658 2286 neque
1671 2245 1851 2287 obfignetur
1863 2268 1875 2285 ‚
1897 2245 1949 2278 sed

1082 2287 1264 2328 simpliciter
1296 2286 1538 2326 adnumeretur,
1569 2286 1759 2328 defungetur
1786 2287 1839 2327 is,
1867 2285 1950 2328 apud

1083 2337 1176 2375 quem
1194 2327 1407 2374 deposita-est,
1430 2327 1645 2360 fitantundem
1663 2327 1825 2367 restituat3
1851 2335 1949 2359 trans-

1084 2378 1110 2401 it
1133 2368 1428 2414 igitUIJdOmlnlum
1452 2370 1616 2410 pecuniae,
1645 2369 1678 2400 in
1699 2369 1755 2400 hac
1772 2368 1890 2410 specie,
1914 2368 1949 2400 in

1083 2410 1321 2456 depositarium,
1344 2410 1369 2441 is
1386 2419 1422 2441 ea
1438 2417 1546 2442 utetur
1562 2418 1707 2451 tanquam
1732 2407 1784 2441 sua
1796 2432 1806 2449 ,
1828 2409 1859 2441 δι
1873 2418 1951 2441 vere

1085 2451 1158 2491 sua,
1190 2451 1367 2482 redditurus
1392 2460 1456 2482 non
1480 2450 1607 2483 eandem
1623 2472 1635 2488 ,
1673 2449 1723 2481 sed
1753 2449 1950 2484 tantundem.

1083 2493 1146 2525 Ain
1162 2492 1266 2538 vero?
1287 2492 1360 2524 idne
1379 2492 1439 2523 erit
1450 2491 1650 2532 depofitum?
1675 2490 1877 2532 Papinianum
1895 2500 1948 2523 ne-

1082 2544 1155 2576 gare
1170 2533 1288 2565 dlxeris
1303 2533 1335 2565 in
1359 2533 1380 2564 1.
1399 2543 1448 2572 24.
1468 2533 1508 2574 ff.
1533 2531 1636 2572 Depos.
1662 2541 1732 2563 narn
1750 2532 1782 2564 in
1800 2532 1948 2565 cautione

1082 2574 1230 2616 depofitae
1261 2574 1402 2621 pecuniae
1421 2597 1432 2613 ,
1464 2583 1554 2615 quam
1581 2573 1624 2605 ibi
1649 2573 1826 2615 proponit,
1849 2573 1947 2606 aetio-

1082 2626 1154 2649 nem
1172 2615 1303 2656 depoliti
1322 2615 1428 2646 locum
1445 2614 1556 2646 habere
1573 2613 1732 2655 respondit
1749 2638 1760 2654 ,
1789 2614 1862 2656 quia
1875 2624 1947 2647 com-

1082 2658 1218 2690 mendare
1234 2656 1264 2688 <St
1281 2658 1417 2696 deponere
1437 2655 1514 2688 nihil
1540 2654 1700 2687 differunt.
1744 2655 1805 2688 Sed
1819 2665 1896 2688 mox
1915 2655 1950 2688 id

1084 2698 1192 2731 resti-in
1217 2697 1260 2734 it,
1285 2706 1357 2728 cum
1379 2697 1439 2728 ait:
1464 2697 1536 2738 quod
1557 2698 1602 2728 ita
1623 2706 1725 2728 verum
1747 2694 1808 2738 est,
1821 2695 1851 2735 fi
1865 2697 1896 2729 id
1914 2706 1950 2729 a·

1085 2740 1161 2772 &um
1177 2707 1217 2780 effi
1224 2761 1237 2778 ‚
1257 2744 1289 2770 ut
1307 2744 1422 2778 corpora
1438 2747 1617 2769 nummorum
1634 2739 1733 2769 eadem
1749 2738 1953 2779 redderentur,

1084 2792 1153 2813 nam
1181 2792 1210 2820 ι,
1229 2786 1263 2812 ut
1282 2779 1453 2811 tantundem
1463 2778 1649 2820 Jblveretur,
1668 2780 1826 2817 convenit,
1841 2787 1948 2811 EGRE-

1084 2832 1194 2854 mTuR
1212 2830 1257 2853 EA
1271 2830 1330 2852 RES
1351 2828 1509 2852 DEPosrrr
1531 2829 1735 2852 NOTISSIMOS
1756 2828 1948 2853 TERMINOS.

1083 2863 1185 2896 Simili
1209 2861 1420 2902 loquutione,
1444 2869 1505 2902 qua
1525 2860 1639 2893 Paulus
1664 2861 1696 2893 in
1719 2861 1738 2892 l.
1752 2864 1802 2894 26.
1821 2860 1864 2902 ff.
1884 2860 1952 2894 De-

1077 2904 1139 2945 pos.
1161 2902 1427 2941 conventionem,
1459 2901 1602 2943 deposito
1617 2901 1752 2934 additam
1766 2901 1805 2933 de
1824 2902 1948 2935 solven-

1081 2945 1150 2984 dis,
1173 2944 1269 2980 etiam
1288 2951 1360 2974 ante
1376 2951 1495 2974 moram
1507 2966 1518 2982 ,
1542 2942 1642 2974 usuris
1658 2943 1742 2975 dixit
1758 2942 1886 2984 depofitoe
1896 2949 1950 2985 pe-

1082 2987 1174 3018 cunia
1193 2985 1307 3016 modum
1335 2984 1479 3016 exaedere.
1532 2983 1625 3016 Unde
1648 2984 1744 3025 quaeri
1767 2983 1892 3025 potest,
1923 2982 1947 3018 fi

1082 3034 1185 3058 tamen
1202 3026 1389 3057 convenerit
1400 3048 1411 3064 ‚
1432 3033 1468 3056 ut
1485 3024 1686 3064 tantundem,
1709 3034 1774 3058 non
1789 3024 1871 3058 idem
1881 3024 1950 3057 red-

1079 3068 1190 3107 datur,
1214 3067 1266 3098 vel
1292 3066 1330 3098 de
1351 3064 1530 3108 praestandis
1546 3073 1618 3098 ante
1635 3074 1755 3098 moram
1767 3064 1887 3106 usuris,
1909 3076 1949 3100 an

1081 3108 1119 3141 ad
1140 3115 1304 3149 utramque
1323 3107 1569 3139 conventionem
1598 3106 1776 3148 porrigatur
1793 3106 1875 3139 astio
1893 3106 1946 3140 de-

1083 3149 1204 3191 positi?
1232 3148 1417 3190 Papinianus
1443 3147 1604 3180 addubitat
1630 3147 1663 3179 in
1683 3148 1711 3179 d.
1733 3147 1753 3180 l.
1770 3157 1821 3190 24.
1844 3147 1946 3182 utitur

1081 3191 1166 3231 enim
1191 3188 1333 3231 suspensa
1358 3189 1502 3223 oratione
1519 3212 1531 3230 ‚
1555 3189 1610 3228 Si,
1629 3188 1754 3231 inquit,
1773 3186 1944 3266 deposita?-
