2008 3436
285 97 445 134 LIBRI
496 90 872 132 SINGULARIS
922 94 1000 133 AD
1050 96 1092 132 L.
1145 97 1361 143 LECTA,
1414 100 1509 138 Car.
1549 104 1596 140 V.

38 184 200 219 competet
218 179 369 220 exceptio
399 177 438 208 de
465 187 530 208 non
551 175 688 218 petendo
701 198 711 214 ,
737 173 831 214 idque
845 173 915 214 jure

38 220 183 260 optiziio,
217 221 362 260 quamvis
387 218 586 250 contradicat
611 218 687 248 Ant.
707 215 827 262 Faber,
850 217 913 247 hoc

38 261 168 292 nomine
185 270 312 293 n0tatus
329 271 345 292 a
363 261 526 292 Baciiovio
549 260 585 291 ad
599 264 688 295 niam
712 256 815 302 Τιῑ.ιζε
824 255 911 301 Pati.

38 302 69 334 in
94 302 114 333 l.
141 313 190 343 27.
217 302 244 344 §.
268 311 296 334 2.
322 302 419 333 Dabit
439 303 546 342 itaque
563 299 727 341 stipulatio
744 299 913 344 actionem,

39 344 69 374 δι’.
97 344 284 385 quaudoque
310 344 530 384 exceptionem
552 364 563 380 ,
596 339 682 374 sensu
699 341 762 380 jam
779 340 912 385 explici-

39 392 74 416 to
84 395 98 416 :.
117 385 280 426 quomodo
296 385 390 417 ctiam
410 385 492 416 hunc
512 384 620 415 locum
647 380 838 414 intellexiste
858 390 912 420 pu-

39 433 104 456 tem
141 425 289 458 Graecuiii
317 424 512 458 scholi-asten
538 426 575 456 ad
600 433 689 454 isam.
722 423 749 453 d.
785 422 824 453 L.
850 422 909 455 xi.

40 466 75 498 Τ.
101 466 125 498 Ι.
152 469 184 499 C.
210 477 239 508 7.
264 469 306 500 th.
329 477 361 508 5.
385 465 493 511 ‘Quin
514 467 544 498 &
576 472 742 504 utrumque
763 463 912 495 effectum

38 508 70 540 in
87 518 147 541 unii
167 512 336 550 eademque
362 508 564 549 stipulatione
595 507 615 539 ii
631 506 700 547 quis
719 505 912 536 animadver-

39 554 84 580 tat
96 571 106 587 ,
129 559 194 582 non
213 551 273 581 erit
291 550 455 581 difficilior
472 549 503 581 in
518 546 734 590 ampiectenda
751 545 826 577 istac
845 546 910 579 sen·

39 591 149 623 tentia.
192 591 244 623 Ex
262 590 387 632 specie,
409 600 502 632 quam
525 592 564 622 de
583 588 911 630 acceptilationepro-

38 631 201 675 potuimus
216 657 226 672 ,
260 633 371 674 utique
397 630 535 664 nascitur
560 632 600 663 de
620 640 685 662 non
703 630 840 671 petendo
857 639 912 661 ex-

39 674 147 715 ceptio
166 696 178 712 ,
209 674 259 706 scd
283 683 340 706 cur
359 684 422 706 non
445 675 474 706 ὅ(
500 674 582 706 actio
602 682 641 704 cx
665 671 813 712 stipulatu
827 671 864 716 ad
878 681 910 718 ¹a·

38 715 173 757 pocham
187 739 196 754 ,
232 724 267 748 ut
296 725 346 747 me
375 716 515 748 liberes?
537 713 660 747 obstare
676 714 802 744 videtui·
818 712 909 744 nihil.

40 755 145 801 Atque
161 757 240 789 adeo
257 758 384 799 rogandi
408 759 436 790 ὅ(
458 756 629 799 spondendi
651 754 802 801 solemnia
820 755 910 795 &pa-

39 797 172 837 trionis,
203 800 234 832 δι
266 798 477 840 stipulationis
508 801 584 832 loco
614 798 714 838 accipi
754 796 906 827 videmus.

76 840 127 872 uid
150 849 256 874 autem
278 841 317 873 de
345 841 475 882 reliquis
506 840 611 872 verbis
635 839 709 877 fiet,
733 838 849 882 ideoque
873 846 910 868 ex

33 882 182 924 stipulatu
204 883 335 925 naftitur
358 884 433 915 actio
454 882 471 914 Ρ
499 881 680 919 Nimirum,
715 879 790 911 licet
814 877 908 924 stipu-

40 924 122 957 landi'
146 922 285 958 formula
308 925 476 967 aliquando
498 922 722 964 exceptionem
741 920 906 961 pattidun·

41 974 131 998 taxat
162 967 316 1007 producat
333 990 343 1006 ,
379 976 481 998 tamen
499 989 509 1005 ,
545 964 617 1009 quia
640 962 694 993 illa
715 961 909 1007 add-andum

40 1009 94 1039 vel
124 1005 303 1041 laciendum
336 1016 457 1039 tantum
486 1016 550 1038 non
581 1006 701 1044 lempei·
734 1003 880 1042 dirigitur
898 1023 910 1040 ,

40 1048 222 1090 simpliciter
244 1059 285 1082 ex
312 1049 458 1089 stipulatu
480 1047 657 1082 actionem,
680 1052 794 1085 utpote
817 1052 857 1074 ex
874 1052 910 1075 ea

40 1099 298 1131 competentem,
321 1091 462 1122 dicemus
484 1083 824 1132 commemorariqnifi
842 1095 908 1116 con-

41 1135 183 1171 trarium,
209 1134 239 1165 ὅ(
262 1141 396 1170 caetera,
420 1138 516 1173 prout
538 1130 599 1171 J'am
622 1128 842 1169 explicuimus.
881 1126 908 1158 I·

42 1183 73 1207 tii
97 1175 244 1207 habemus
275 1173 555 1215 interpretationes
587 1171 672 1212 hujus
695 1168 724 1210 §.
753 1178 799 1215 ia.
827 1176 907 1216 tres:

39 1215 137 1257 magis
163 1224 266 1249 tamen
291 1216 357 1254 est,
381 1222 416 1246 ut
440 1215 549 1256 primae
565 1236 575 1252 ,
600 1221 671 1258 quae
696 1212 908 1256 tranlpolitio-

42 1266 112 1290 nem
145 1256 278 1297 suadet,
316 1257 457 1290 standum
488 1255 525 1288 fit
545 1264 555 1293 ς
586 1255 715 1294 reliquae
739 1261 822 1284 enim
837 1274 852 1299 ,·
873 1260 908 1283 ut

42 1300 182 1332 Aemi-sii
206 1299 354 1341 paroemia
379 1306 446 1329 utar
458 1319 470 1336 ‚
493 1306 558 1330 non
583 1304 672 1336 aeque
697 1295 776 1327 bene
799 1295 909 1336 descen-

42 1342 117 1373 dwn‘.
139 1343 177 1373 ad
199 1343 326 1374 literam.

87 1382 120 1415 T
122 1383 266 1415 riumviri
284 1383 542 1426 jurisprudentiae
565 1380 766 1419 constitutae,
791 1377 911 1426 Duare-

42 1434 119 1463 nus‚
144 1425 313 1466 Cuiacius,
337 1427 368 1458 ὅ(
391 1425 639 1463 Hocoinannus,
668 1423 785 1464 quique
805 1431 842 1468 iia
858 1421 910 1453 de·

42 1467 212 1499 scribendis
240 1476 391 1500 vacarunt
408 1490 418 1506 ,
452 1467 542 1499 aliter
567 1466 743 1498 instituunt.
790 1463 912 1497 Primus

42 1509 77 1540 in
103 1509 209 1541 Comm.
241 1511 274 1541 (Ie
306 1509 392 1541 ffift.
427 1509 464 1541 ad
494 1511 523 1542 h.
560 1509 588 1551 ἓ.
614 1508 644 1539 &
668 1507 699 1539 in
724 1506 849 1552 Praefat.
874 1505 911 1551 ad

46 1550 109 1582 Tz't.
132 1552 166 1582 de
189 1551 230 1583 V.
259 1551 298 1583 O.
332 1561 425 1583 omne
456 1552 501 1584 rei
527 1556 724 1582 momentum
752 1548 857 1579 statuit
878 1556 911 1580 in

42 1592 150 1624 animo
179 1592 401 1635 adstringendae
432 1593 662 1635 obligationis,
696 1589 747 1621 vel
772 1597 884 1635 contra
899 1611 911 1628 ,

42 1641 80 1664 ut
120 1634 192 1666 inde
223 1635 274 1667 vel
304 1634 456 1676 pastum,
488 1635 541 1667 vel
582 1631 743 1674 stipulatio
779 1638 908 1663 oriatur.

44 1674 184 1716 Vei-um,
221 1686 337 1718 praeter
366 1677 451 1718 quod
473 1677 570 1709 verba
592 1676 647 1708 illa
668 1674 710 1706 R.
741 1672 774 1704 T.
803 1673 833 1704 S.
859 1671 908 1704 M.

43 1724 166 1749 tantum
193 1718 399 1759 stipulationis
421 1719 548 1760 propria
570 1717 632 1750 esse
660 1714 828 1757 probatum
851 1713 910 1763 sit,

43 1767 159 1800 praeter
179 1760 265 1801 quod
289 1759 407 1792 summa
436 1760 522 1792 foret
554 1758 766 1796 incertitudO,
792 1757 822 1788 δι
844 1768 911 1802 amq-

45 1802 114 1843 eafx,
138 1802 169 1835 ὃ(
192 1802 332 1833 infinitus
356 1802 460 1834 litium
476 1812 644 1840 numerus,
668 1799 690 1831 fi
709 1800 779 1840 quis
793 1797 830 1829 ad
847 1806 911 1830 ani—

44 1851 130 1875 mum
157 1852 334 1885 provocare
348 1868 357 1883 ,
390 1842 537 1886 suamque
562 1843 654 1884 ipsius
673 1840 835 1872 scientiam
852 1841 909 1886 ob-

45 1882 149 1917 testari
175 1885 277 1926 poll'et
294 1909 305 1925 ,
337 1885 433 1917 etiam
452 1887 468 1914 έ
489 1890 592 1923 asim,
617 1883 786 1929 secundum
804 1880 910 1922 Ulpia-

45 1936 138 1967 num,
171 1928 240 1959 haec
264 1926 434 1969 expositio.
489 1926 657 1959 Limitatio
689 1923 815 1969 quidem
849 1922 911 1954 tale

46 1968 122 2011 quid
135 1968 294 2011 suggerit,
321 1970 374 2001 ubi
391 1969 540 2010 probatio
563 1967 659 1999 animi
676 1964 818 2006 specialis
837 1973 912 2010 con-

45 2011 143 2043 currit
156 2035 165 2049 ‚
190 2009 241 2043 scd
262 2012 305 2043 ita
321 2010 415 2051 ipsius
435 2011 572 2051 regulae,
595 2018 663 2050 quae
677 2007 912 2054 ‘stipulatoriam

45 2053 198 2085 aetioncm
217 2053 391 2094 praescribit
412 2061 452 2083 ex
476 2052 607 2084 solemni
624 2049 796 2091 scriptura,
819 2056 912 2080 enor-

45 2093 106 2127 mis
130 2094 168 2125 fit
181 2095 326 2126 exceffio.

90 2134 239 2175 Cujacius
255 2136 288 2168 in
312 2137 467 2167 Continent.
485 2135 523 2167 ad
543 2135 571 2167 h.
591 2134 619 2176 §.
646 2131 809 2179 Qgcodfere
820 2131 913 2170 ,haec

48 2176 160 2215 verba,
184 2178 303 2219 roga-vit
327 2177 396 2215 ille,
412 2177 581 2218 spospondit
598 2175 666 2215 ille,
694 2181 818 2215 utrique
836 2183 910 2205 con-

46 2218 194 2250 ventioni
212 2241 222 2256 ‚
253 2217 344 2259 pasto
375 2218 497 2250 scilicet
513 2240 524 2256 ‚
558 2219 587 2250 ὃς
611 2216 824 2258 stipulationi,
848 2224 914 2246 corz-

46 2265 187 2303 gruenter
206 2260 303 2300 aptari
324 2257 440 2291 scribit.
466 2259 501 2290 In
519 2259 712 2291 haesitatione
729 2265 807 2288 vero
818 2279 830 2295 ,
852 2266 915 2298 qua

47 2311 82 2334 re
90 2301 283 2333 discernatur
299 2300 421 2341 pactum
438 2300 476 2331 ab
490 2299 688 2341 stipulatione
698 2322 709 2338 ,
731 2297 910 2338 distinguit,

47 2349 145 2376 utrum
162 2344 194 2374 in
215 2342 342 2373 truttam
361 2341 508 2382 pastorum
519 2341 600 2381 fiant
613 2341 858 2382 interrogationes
876 2339 912 2374 ὃ)

47 2382 254 2425 responfiones,
276 2393 315 2414 an
332 2383 363 2413 in
378 2381 553 2421 conclafione
569 2406 579 2422 ‚
612 2382 643 2414 id
659 2381 724 2420 est,
751 2389 855 2426 utrum
879 2381 910 2412 in

49 2426 153 2458 medio
169 2450 179 2466 ‚
211 2435 249 2456 an
268 2425 300 2456 in
316 2423 378 2456 fine
401 2423 596 2456 instrumenti
613 2422 837 2455 conventionis
858 2422 913 2453 illa

49 2467 217 2499 verborum
235 2465 404 2507 conceptio
419 2465 607 2506 reperiatur:
630 2464 653 2497 si
670 2465 700 2495 in
712 2463 836 2502 medio,
859 2472 910 2505 pa-

51 2508 152 2547 &um3
181 2507 203 2540 fi
230 2507 262 2539 in
279 2506 360 2546 fine,
389 2506 623 2548 stipulationem
643 2504 782 2545 censeri,
806 2504 862 2538 nifi
881 2515 911 2536 a-

51 2550 90 2582 lia
109 2548 207 2582 fuerit
225 2548 483 2580 contrahentium
507 2558 604 2580 mens.
650 2547 747 2587 Atqui
768 2547 882 2578 nullibi
900 2568 912 2585 ,

51 2591 136 2633 quod
161 2590 255 2628 sciam
273 2612 285 2628 ,
307 2589 408 2622 exstat
429 2590 485 2622 illa
504 2589 627 2630 Cujacii
651 2587 811 2620 distinctio
829 2589 912 2620 inter

50 2632 148 2663 verba
171 2632 213 2663 R.
238 2629 268 2663 &
293 2631 323 2663 S.
356 2631 387 2663 in
406 2631 511 2663 medio
529 2631 579 2662 vel
603 2631 664 2662 fine
680 2630 843 2672 pactorum
857 2639 910 2661 oc-

52 2672 226 2705 currentia:
240 2672 291 2704 sed
308 2680 419 2704 contra
428 2672 500 2713 JCti
520 2673 674 2714 generalis
684 2671 830 2713 praefatio
844 2681 912 2703 eam

51 2714 172 2747 refutat
189 2713 327 2754 penitus:
346 2713 431 2761 Quod
444 2714 529 2754 fere,
546 2714 603 2752 ait,
627 2722 814 2745 NOVISSIMA
832 2722 912 2745 PAR-

54 2761 100 2793 Τξῑ
126 2763 316 2787 PACTORUM
344 2758 389 2785 ιἰιι
405 2756 482 2796 Jblet
497 2757 586 2796 inseri
603 2756 662 2787 &c.
687 2755 827 2796 adeoque
844 2764 912 2786 eam

53 2795 243 2833 formulam,
274 2804 446 2836 quanquam
474 2797 506 2828 in
529 2805 670 2828 extrema
693 2796 730 2828 fit
746 2797 912 2834 cautione,

54 2836 260 2871 nihilominus
282 2836 377 2868 etiam
405 2837 558 2878 pactionis
594 2839 667 2870 loco
700 2838 914 2879 accipiendam

55 2877 183 2909 videtur
192 2877 287 2908 velle.
310 2877 444 2918 Reliqua
453 2886 565 2910 contra
574 2879 653 2911 lianc
671 2880 855 2920 opinionem
866 2879 914 2911 ha-

59 2918 127 2950 bita
143 2917 312 2949 verborum
343 2918 371 2949 d.
395 2918 424 2959 §.
452 2928 500 2951 12.
537 2920 675 2952 excuffio
695 2919 916 2962 suppeditabit.

102 2958 244 2999 Superest
271 2958 505 2992 Hotomannus.
549 2961 608 2993 Ille
628 2969 731 2993 autem
752 2962 823 2993 Lib.
843 2962 916 2995 Vll.

64 3000 188 3041 Obstrv.
225 2999 256 3030 C.
285 3009 316 3041 3.
343 2998 519 3041 existimat,
549 3003 592 3043 vJL
609 3001 665 3041 nifi
685 3005 863 3034 contrarium
885 3004 917 3036 in

82 3067 88 3072 .
121 3040 150 3081 §.
176 3049 224 3071 12.
257 3039 502 3082 interpolatum,
528 3043 559 3074 δε
585 3043 648 3084 Juri
669 3054 757 3076 novo
773 3045 848 3087 legis
868 3054 916 3077 10.

65 3083 97 3113 C.
117 3084 151 3113 de
170 3082 267 3113 Contr.
290 3081 327 3118 ὅ)
346 3092 446 3113 comm.
457 3080 530 3123 stip.
554 3085 825 3117 accommodatum
844 3086 917 3118 esse.

61 3123 126 3154 Ubi
151 3122 270 3154 haerent
293 3122 503 3165 interpretes,
534 3124 643 3157 misera
661 3126 724 3157 effe
743 3126 825 3159 solet
844 3127 919 3159 Tri-

63 3163 190 3236 boqiani
216 3163 324 3237 ῗῗυῑειέ
354 3164 448 3208 quid,
478 3165 663 3198 emblemate
680 3167 848 3207 concesso,
871 3169 921 3200 de-

138 3214 191 3236 om.
249 3228 257 3237 .

1784 110 1826 152 17

955 176 1047 208 cedat
1065 177 1246 224 difficultati
1266 179 1298 211 in
1310 180 1461 221 principio
1477 181 1504 223 §.
1531 184 1675 225 equidem
1697 195 1761 218 non
1782 186 1829 218 vi-

955 218 1033 250 deo:
1066 219 1134 251 illic
1159 227 1242 251 enim
1268 230 1315 252 res
1334 222 1455 262 agitur,
1482 225 1549 256 illic
1571 227 1731 259 committi
1750 228 1827 260 dici-

957 258 1208 302 tuizstipulatiO,
1232 264 1376 302 quamvis
1398 264 1485 297 illius
1502 265 1642 298 formula
1661 270 1758 311 magis
1775 280 1826 311 pn-

955 300 1040 334 ctum
1056 306 1199 334 denotet.
1245 302 1320 335 Non
1333 305 1480 351 'laborare
1496 307 1706 349 verticulum,
1732 321 1825 351 quein

955 342 1188 390 H0tomannus.
1208 348 1357 385 perverto
1375 371 1388 386 ,
1419 347 1487 379 fere
1505 349 1660 388 dixerim,
1672 352 1756 383 vzclo
1775 353 1825 383 ad-

955 387 1113 426 greditur,
1137 394 1289 418 eVincunt
1304 386 1375 420 latis
1391 390 1614 430 praec'edentia.
1640 390 1824 433 Despicicii-

954 430 1028 459 dum
1057 436 1160 459 tamen
1186 437 1302 468 porte,
1327 440 1364 462 iiii
1391 440 1454 463 non
1475 432 1536 464 line
1555 434 1702 472 ratione,
1726 435 1826 475 quini-

956 478 1009 500 mo
1028 477 1140 515 contra
1156 471 1309 502 rationein
1329 471 1406 504 illud
1417 473 1571 506 emblema
1587 474 1732 516 fingatur.
1757 474 1825 507 Pla—

955 519 994 542 ne
1010 518 1128 542 etenim
1148 513 1298 557 exceptio
1318 513 1348 545 in
1365 515 1414 546 hoc
1434 518 1508 557 vers.
1531 517 1662 555 tradita,
1686 526 1750 549 nou
1770 518 1825 548 nii*

955 561 1012 583 nus
1030 562 1101 583 aevo
1121 551 1267 593 Ulpiani,
1289 564 1352 595 quo
1365 556 1419 588 illa
1437 556 1624 590 solemnium
1641 558 1825 590 exactituao

954 592 1056 640 adhuc
1085 592 1218 626 florebat
1237 619 1246 634 ‚
1282 599 1435 630 convenit
1449 624 1459 639 ‚
1494 609 1587 641 quain
1604 599 1637 631 T
1641 600 1798 632 riboniani
1813 623 1826 638 ‚

953 644 1017 676 quo
1034 644 1096 675 Jam
1113 637 1150 683 fib
1174 637 1243 668 aula
1266 640 1437 681 σακε-ομνια
1459 642 1479 673 l.
1496 651 1527 682 4.
1550 640 1577 682 §.
1596 642 1649 674 ult.
1679 643 1712 673 C.
1730 643 1763 673 tle
1779 652 1823 673 rc-

953 682 1030 723 cept.
1053 678 1157 724 arbitr.
1193 688 1287 718 narn,
1318 681 1338 712 ii
1360 683 1433 714 talia
1450 683 1546 715 verba
1569 683 1611 715 R.
1638 684 1667 716 δι
1694 684 1724 715 S.
1752 683 1825 715 scri-

952 727 1007 759 pta
1024 726 1224 766 inveniantur
1242 745 1249 759 ‚
1279 722 1329 753 ubi
1356 725 1578 757 contrahentes
1602 725 1756 757 duntaxat
1774 736 1825 766 pss-

952 759 1020 791 ctos
1038 758 1131 807 ftiille
1148 762 1268 808 liquido
1286 765 1429 804 constat,
1455 767 1509 798 illa
1528 766 1729 808 prael'unitio,
1751 777 1822 808 qiiae

954 809 1075 847 tantum
1094 812 1171 842 Juris
1187 802 1250 843 est,
1276 805 1336 836 line
1351 807 1448 839 dubio
1467 809 1562 840 etiam
1580 817 1651 840 ante
1675 809 1703 841 d.
1729 809 1748 840 l.
1776 818 1822 840 ιο.

952 842 1087 889 elide-tui·
1110 848 1269 892 contraria
1296 847 1370 879 sacti
1398 850 1590 889 probatione
1607 873 1618 888 ‚
1650 851 1680 882 &
1695 850 1823 892 quidem

952 882 1078 929 facilius
1091 895 1216 932 ,quarn
1235 897 1304 927 iure
1324 899 1421 922 novo.
1467 891 1534 930 Ipl'a
1551 900 1656 923 autem
1666 892 1821 924 coiillitu-

954 933 1000 956 tio
1018 924 1220 959 Leonianam
1237 929 1256 959 l.
1281 939 1325 961 ιο.
1344 931 1380 962 ad
1399 942 1491 973 quam
1515 932 1820 975 Hotomannuspro-

952 974 1067 1012 vocat,
1099 967 1279 1001 adversatur
1307 971 1360 1012 ipli
1387 982 1405 1003 e
1427 974 1599 1006 diametro:
1625 975 1821 1015 probandum

953 1016 1036 1039 enim
1053 1008 1152 1048 effet,
1182 1018 1349 1052 antequam
1377 1013 1430 1045 illa
1448 1014 1638 1048 Triboniani
1661 1017 1692 1048 in
1715 1017 1822 1058 Ulpia-

953 1058 1027 1081 num
1046 1055 1242 1098 ·mnuo'efzwm
1265 1056 1317 1085 vel
1338 1053 1471 1095 speciem
1500 1056 1632 1096 habeat,
1657 1058 1752 1089 verba
1771 1057 1822 1090 sti-

953 1091 1125 1139 pulationis
1152 1093 1302 1126 lolemnia
1326 1097 1395 1137 post
1420 1096 1560 1130 Leonem
1578 1100 1675 1130 etiam
1696 1099 1821 1140 pactum

953 1131 1070 1164 inferre
1078 1157 1088 1174 ,
1112 1141 1144 1165 at
1168 1144 1207 1166 ue
1223 1136 1316 1175 idco,
1339 1146 1445 1170 utrum
1464 1138 1626 1180 stipulatio
1644 1140 1699 1179 fit,
1724 1150 1822 1182 anpa-

952 1172 1057 1222 ctum,
1080 1183 1140 1222 pen
1163 1186 1216 1208 ere
1231 1186 1270 1208 ex
1289 1179 1394 1211 animo
1410 1181 1678 1213 contrahentium.
1725 1182 1767 1214 Et
1779 1191 1822 1214 tii-

951 1224 1023 1247 men
1042 1218 1106 1258 iple
1119 1227 1151 1249 in
1175 1219 1204 1250 cl.
1217 1219 1238 1250 l.
1255 1229 1312 1266 ¹02
1324 1220 1553 1262 &Justinianus
1570 1223 1602 1254 in
1627 1222 1653 1264 §.
1670 1233 1695 1255 1.
1719 1221 1821 1264 instit.

952 1257 985 1288 de
1005 1257 1047 1289 V.
1075 1258 1114 1291 Ο.
1136 1269 1180 1306 ἐκ
1197 1260 1328 1293 adver-lo
1357 1263 1575 1304 constituunt,
1602 1272 1643 1296 ut·
1654 1265 1749 1297 verba
1767 1275 1821 1297 va-

951 1300 1218 1346 ganromiscua
1234 1325 1246 1340 ,
1282 1304 1312 1335 ὗε
1335 1305 1414 1337 olim
1442 1305 1583 1347 respectu
1610 1306 1823 1348 stipulationis

952 1342 1114 1388 dimidiata
1138 1351 1281 1392 tantum,
1313 1346 1498 1380 inducerent
1515 1347 1628 1389 justam
1647 1348 1824 1381 verborum

955 1382 1185 1430 obligationem
1201 1407 1215 1432 .³
1241 1388 1321 1428 juris
1348 1390 1457 1421 veteris
1468 1388 1633 1430 formidine
1648 1396 1823 1433 amputata,

955 1431 1000 1455 uti
1029 1428 1170 1466 loquitur
1198 1427 1280 1459 idem
1306 1428 1495 1470 Justinianus
1514 1432 1545 1464 in
1569 1433 1596 1464 d.
1623 1433 1644 1464 l.
1663 1443 1693 1473 4.
1720 1432 1748 1474 §.
1766 1433 1821 1464 ult.

957 1465 990 1512 C.
1015 1467 1055 1513 de*
1064 1473 1170 1508 recept.
1191 1469 1295 1516 arbitr.
1342 1470 1418 1504 Non
1435 1473 1531 1514 igitur
1548 1473 1619 1514 post
1635 1473 1725 1506 hasce
1737 1473 1822 1506 Con*-
1873 1499 1876 1503 .

953 1506 1135 1554 stitutiones
1155 1518 1252 1552 magis
1263 1534 1273 1550 ,
1306 1522 1399 1554 quam
1420 1514 1488 1554 Jure
1505 1514 1568 1548 FF.
1585 1515 1679 1547 verba
1696 1514 1827 1557 stipulam

956 1557 1052 1595 tionis
1071 1551 1194 1597 paetum
1211 1551 1373 1594 inferunt3
1409 1556 1459 1588 sed
1476 1566 1608 1595 contra,
1633 1557 1731 1589 verba
1741 1556 1826 1598 pacti

956 1590 1203 1640 stipulationem.
1253 1593 1402 1637 Denique
1424 1607 1493 1639 quae
1517 1598 1759 1631 verisimilitudo
1778 1599 1824 1630 in-

956 1633 1200 1681 terpolationis,
1223 1645 1319 1677 quum
1337 1637 1553 1673 Tribonianus
1571 1640 1603 1673 in
1627 1640 1655 1682 §.
1680 1650 1727 1682 17.
1748 1637 1823 1681 quss.

955 1675 988 1705 de
1015 1675 1115 1722 znutzl:
1138 1674 1244 1724 stipzfl.
1275 1678 1427 1712 summam
1442 1682 1527 1728 hujus
1550 1681 1578 1724 §.
1600 1692 1650 1714 12.
1677 1681 1794 1713 referat
1811 1703 1824 1719 ‚

955 1723 992 1747 ut
1020 1716 1189 1763 claululam
1212 1719 1297 1752 illam
1325 1723 1594 1764 praetermififfet‚
1636 1733 1729 1765 quam
1761 1721 1826 1755 suis

956 1758 1153 1798 temporibus
1173 1767 1296 1793 tantum
1315 1762 1422 1795 locum
1439 1764 1579 1797 habiiiss'e
1597 1765 1826 1797 Hotomannus

953 1806 1043 1841 putat
1061 1823 1071 1839 ,
1103 1801 1134 1832 &
1161 1811 1227 1833 eam
1256 1811 1358 1837 tamen
1385 1805 1440 1837 sub
1465 1806 1595 1848 persona
1613 1807 1741 1848 Ulpiani
1771 1806 1826 1838 hic

953 1840 1148 1882 protrufiffet
1165 1843 1182 1875 ἱ)
1214 1843 1323 1886 Itaque
1349 1847 1472 1880 nullum
1499 1847 1544 1880 est
1561 1848 1624 1881 hoc
1639 1848 1794 1880 emblema
1812 1871 1824 1886 ‚

955 1882 1216 1954 cqueiriadrnodum
1245 1887 1283 1918 de
1311 1888 1467 1930 plerisque
1503 1889 1572 1921 aliis
1600 1890 1681 1922 haud
1705 1898 1824 1921 temere

978 1933 1089 1970 ixei-im
1103 1948 1112 1964 ‚
1138 1926 1169 1957 δι
1185 1925 1242 1958 suo
1258 1927 1345 1971 forte
1366 1937 1509 1971 tempore
1524 1931 1677 1972 probabO.

1000 1965 1131 2013 Uli-icua
1144 1966 1294 2001 Huberus
1311 1970 1438 2003 Eunoni.
1457 1973 1543 2004 Rom.
1562 1973 1611 2005 ad.
1628 1973 1657 2005 h.
1677 1973 1697 2005 l.
1719 1972 1822 2012 hanc,

955 2017 1048 2049 quam
1066 2007 1150 2047 dixi,
1170 2011 1355 2044 vocularum
1374 2014 1601 2053 trajectionem,
1625 2022 1720 2046 vocat
1740 2015 1826 2055 equi-

954 2051 1026 2081 dem
1045 2051 1199 2097 modestam
1216 2052 1252 2087 &²
1268 2054 1442 2094 imzoxi'aiii,
1466 2063 1603 2088 attamen
1622 2055 1676 2097 ipfi
1687 2065 1750 2088 non
1759 2056 1824 2097 pla-

954 2098 1008 2122 cet
1022 2090 1142 2132 duplici
1159 2094 1292 2126 ratione.
1337 2095 1464 2135 Altera,
1490 2097 1575 2138 quod
1594 2107 1658 2129 non
1678 2097 1758 2130 bene
1769 2097 1822 2129 de-

955 2131 1082 2164 scendat
1108 2134 1133 2161 w*
1156 2136 1264 2181 etiarn,
1298 2135 1348 2168 sed
1375 2138 1449 2169 huic
1469 2138 1652 2180 responsum
1666 2139 1723 2171 est.
1768 2138 1822 2171 Ai-

956 2181 1050 2212 tera,
1084 2176 1170 2215 quod
1198 2185 1293 2209 etiam
1320 2178 1383 2210 fine
1407 2180 1627 2213 emendatione
1654 2181 1825 2213 difficultas

954 2215 1047 2261 poffit
1066 2216 1202 2258 transigi.
1245 2218 1282 2251 ld
1305 2227 1410 2252 autem
1433 2220 1474 2253 fic
1497 2220 1658 2261 instituit,
1682 2230 1717 2254 ut
1734 2222 1821 2254 vide-

956 2260 1033 2288 licet
1054 2266 1091 2288 ea
1117 2260 1224 2306 omnia
1238 2284 1248 2299 ‚
1280 2271 1351 2303 quae
1380 2262 1463 2294 inter
1486 2270 1589 2304 pai-tes
1612 2265 1820 2305 placuerunt,

955 2298 1039 2345 recte
1061 2299 1149 2340 patra
1177 2301 1342 2343 dicantur,
1374 2313 1465 2344 quam
1484 2305 1539 2336 diu
1555 2314 1665 2337 eorum
1682 2304 1822 2346 obiigna*

956 2347 1003 2371 tio
1029 2349 1094 2372 non
1118 2340 1163 2373 est
1180 2341 1309 2384 sequuta
1331 2354 1387 2386 per
1412 2347 1437 2372 π’
1454 2347 1575 2388 rogavit
1591 2345 1796 2387 &spospondit
1808 2368 1820 2384 ,

956 2389 1032 2413 tunc
1049 2381 1174 2429 deinum
1196 2384 1433 2426 stipulationem
1458 2387 1541 2419 nasci
1556 2411 1567 2426 ,
1590 2396 1683 2429 atque
1699 2388 1743 2419 ita
1765 2387 1820 2426 id,

954 2432 1017 2464 quo
1031 2422 1069 2454 de
1086 2432 1207 2465 agitur,
1233 2434 1263 2458 oc
1280 2427 1404 2467 pactum
1426 2428 1456 2460 ὃς
1476 2428 1710 2470 stipulationem
1731 2428 1821 2460 indu-

953 2473 1044 2510 cere,
1075 2464 1131 2511 i'uo
1155 2475 1323 2509 utrumque
1347 2467 1445 2501 sensu.
1490 2469 1683 2511 Perperam3
1707 2480 1771 2503 non
1788 2479 1819 2500 e-

953 2514 1019 2551 nim
1037 2514 1102 2552 agit
1116 2506 1214 2553 JCtus
1234 2510 1273 2540 de
1296 2509 1354 2548 iis,
1376 2519 1445 2551 quae
1464 2512 1648 2552 praecedunt
1669 2511 1820 2544 solemnia

954 2546 1186 2592 stipulation133
1210 2557 1241 2581 at
1257 2550 1296 2581 de
1312 2550 1375 2592 ipsa
1397 2552 1632 2586 construetione
1647 2552 1820 2584 verborum

954 2588 1116 2635 legitima,
1139 2589 1178 2621 de
1194 2591 1265 2632 ipsis
1283 2592 1388 2625 verbis
1402 2593 1444 2626 R.
1465 2595 1494 2626 ὅ(
1513 2594 1544 2626 S.
1569 2604 1639 2636 quae
1656 2594 1701 2626 ait
1721 2594 1817 2625 etiam

954 2629 1108 2671 pactionis
1125 2630 1201 2663 loco
1217 2633 1330 2674 acci’pi.
1375 2634 1461 2666 Idem
1481 2635 1647 2676 Huberus,
1671 2637 1765 2667 eodem
1779 2636 1819 2666 lo-

955 2681 1005 2717 po,
1029 2678 1136 2703 tuetur
1159 2673 1222 2705 hoc
1246 2675 1401 2708 emblema
1421 2676 1632 2717 Triboniani,
1655 2685 1820 2717 meamque

954 2712 1040 2744 illius
1066 2712 1202 2761 verfiquli
1222 2716 1322 2748 ultimi
1349 2717 1644 2759 interpretationem
1672 2717 1817 2757 refellit,

955 2753 1038 2795 quasi
1054 2764 1131 2786 vero
1148 2766 1180 2788 in
1201 2757 1281 2799 dnus
1307 2759 1402 2790 etiarn
1419 2767 1563 2801 ageretur
1579 2760 1618 2791 de
1635 2759 1707 2791 casu
1718 2781 1729 2797 ,
1751 2768 1815 2800 quo

955 2796 1050 2827 verba
1073 2796 1115 2828 R.
1144 2797 1177 2829 T.
1205 2799 1234 2829 S.
1261 2799 1311 2831 M.
1336 2799 1434 2832 effent
1451 2801 1568 2841 adiecta
1583 2810 1623 2832 ex
1640 2809 1696 2832 ore
1710 2800 1740 2831 ἀ
1761 2809 1820 2831 vo*

956 2836 1077 2869 luntate
1099 2840 1234 2879 partium
1251 2864 1261 2880 ,
1295 2850 1377 2880 non,
1402 2849 1438 2872 ut
1455 2851 1516 2883 ego
1533 2850 1634 2882 puto,
1656 2850 1697 2872 ex
1714 2850 1822 2872 errore

958 2877 1079 2911 scribae.
1102 2880 1163 2912 Sed
1179 2890 1257 2913 vero
1273 2882 1380 2923 regula
1395 2881 1458 2921 est,
1482 2883 1661 2924 ubicunque
1679 2882 1733 2914 illa
1747 2892 1818 2913 ver-

957 2919 997 2951 ba
1015 2919 1164 2952 solemnia
1180 2923 1378 2963 reperiuntur
1388 2923 1420 2955 in
1434 2923 1667 2963 instrumentis,
1691 2932 1750 2964 pro
1770 2922 1822 2955 sti-

958 2961 1121 3002 pulatione
1147 2963 1301 2995 habentui·
1320 2986 1331 3001 ‚
1362 2970 1455 3005 atque
1477 2965 1503 2996 is
1530 2963 1674 2996 censetur
1697 2973 1821 2996 conti-ii-

959 3004 1100 3034 nentium
1118 3005 1247 3036 animus.
1292 3004 1336 3035 At
1357 3005 1377 3036 ii
1398 3002 1507 3037 eorum
1525 3005 1605 3037 altcr
1621 3005 1750 3037 testibus
1766 3006 1819 3037 vel

960 3043 1147 3076 testimoniis
1166 3045 1290 3076 aliunde
1328 3046 1517 3088 robet(quae
1527 3047 1679 3088 exceptio
1688 3047 1751 3088 est)
1766 3057 1822 3088 per

959 3085 1183 3131 negligentiam
1200 3086 1252 3117 vel
1270 3054 1468 3119 oAEitantiam
1493 3088 1588 3119 verba
1612 3088 1823 3130 stipulationis

961 3125 1128 3167 mepfisse,
1146 3127 1197 3158 ubi
1217 3127 1368 3158 duntaxat
1386 3129 1467 3168 pacti
1484 3137 1572 3161 crant
1583 3152 1594 3168 ,
1617 3139 1681 3161 rein
1699 3130 1759 3162 eise
1772 3129 1825 3161 sal-

964 3177 1036 3200 vam
1064 3167 1094 3200 &
1121 3167 1396 3240 praesundptioncm
1424 3172 1501 3211 juris
1533 3171 1606 3203 elidi
1637 3171 1853 3213 probatione,

1755 3223 1827 3243 COD*
