2008 3436
202 115 271 158 196
470 111 866 149 CORNELII
931 121 1037 149 vau

196 203 259 234 que
272 192 355 225 enim
373 191 394 224 fi
414 192 511 225 hostis
527 203 599 226 cum
618 193 837 226 commilitone
854 192 928 231 suo,
950 202 1054 233 quam-

194 236 245 266 vis
270 234 455 275 proditore,
479 235 516 267 iit
534 258 544 274 ,
575 235 647 275 Jure
673 235 747 266 belli
772 234 937 275 quicquam
958 235 1054 266 delin-

221 276 267 307 uit
280 299 290 315 ,
316 284 352 307 ut
368 285 425 307 nec
441 276 616 317 delinquit,
636 277 688 316 qui
706 283 819 306 terram
837 274 980 306 hostilem
992 298 1004 314 ,
1022 275 1053 306 in

194 285 282 357 spem
300 317 430 358 praedae,
455 318 586 349 invadit.
620 317 702 348 Arce
725 325 816 354 eum,
840 315 861 348 fi
876 325 988 357 potes,
1010 316 1053 348 fin

195 366 322 398 autem,
347 368 402 389 cur
427 358 490 390 alio
513 359 587 390 loco
612 357 738 389 habebis
756 380 766 395 ,
797 366 889 397 quam
916 358 1053 398 reliquos

194 398 327 431 hostes?
349 400 400 432 Ex
427 399 538 430 eodem
563 399 630 438 jure
650 399 726 430 vitae
745 399 774 430 ἃ
789 399 877 430 necis
898 397 1055 437 defendo,

194 440 279 480 quod
300 441 403 482 Belgae
431 440 617 481 quandoque
635 439 813 480 Hispanos,
836 439 913 480 quia'
930 449 994 471 non
1011 449 1056 470 re-

194 481 394 513 dimebantur
410 504 421 519 ,
451 480 664 521 suspenderint
682 502 692 518 ‚
722 480 764 512 fic
786 481 870 512 enim
895 480 1056 512 memoriae

190 523 355 563 proditum
375 522 418 554 cst
438 521 506 562 (6).
530 522 657 553 Poenam
675 521 777 562 laquei
794 521 825 552 in
844 528 988 561 captivos
1003 531 1056 553 ex—

193 572 302 594 ercere
318 565 412 602 licet,
439 563 506 600 sed,
530 561 550 593 fi
568 571 632 593 non
648 562 781 599 liceret,
806 562 877 593 ideo
896 571 1056 600 exercere,

195 605 270 645 quia
286 615 349 636 non
368 605 584 641 redimuntur,
606 612 664 634 nec
688 604 860 642 rationem,
884 613 943 634 nec
962 604 1056 636 ullam

195 646 417 677 auctoritatem
443 644 535 675 habet
549 667 560 684 ,
586 644 650 675 imo
666 652 776 676 contra
793 643 996 685 observatur,
1021 653 1056 676 ut

195 696 273 718 mox
289 686 404 718 audies.

237 727 302 767 Juri
329 728 494 760 occidendi
521 728 624 761 hostes
647 728 787 760 succeffit
804 729 852 770 jus
875 727 1054 768 servitutis,

194 767 362 799 diutiffixne
387 769 466 801 olim
494 771 680 802 exercitum.
726 771 786 802 Sed
812 772 841 802 ἃ
866 770 897 801 in
925 769 1054 801 servitu-

191 817 257 840 tem
288 809 445 851 redigendi
464 811 658 844 consuetudo
677 812 815 843 moribus
839 812 1056 853 plerarumque

192 849 347 882 Gentium
368 861 452 883 nunc
476 854 630 885 exolevit.
675 852 801 892 Scripsit
821 852 945 894 quidem
963 852 1053 892 Cuja-

191 891 261 923 cius
289 892 444 924 Commeat.
465 893 537 935 post.
561 896 598 926 ad
622 894 641 925 l.
664 904 695 933 5.
715 894 757 935 ff.
779 895 813 925 de
836 892 916 935 Just.
943 893 978 928 &⁹
990 895 1053 935 jur.

191 933 287 964 etiam
317 933 398 964 inter
423 933 617 967 Christianos
644 935 745 966 adhuc
774 943 882 976 captos
906 934 975 967 fieri
994 935 1052 967 ser-

191 982 271 1011 vos,
295 973 479 1007 servitutem
507 978 659 1009 duntaxat
685 976 746 1008 effe
772 977 951 1014 mitiorem,
975 985 1054 1007 eam-

192 1023 255 1055 que
272 1014 457 1048 sententiam
473 1027 537 1050 non
555 1017 679 1049 aliunde
696 1017 827 1058 probat,
843 1027 934 1058 quam
953 1026 992 1048 ex
1009 1018 1053 1057 ju-

188 1065 228 1093 >re
244 1056 426 1089 redimendi.
444 1059 503 1090 Sed
520 1058 777 1090 consuetudinem
799 1058 970 1089 redimendi
983 1068 1053 1098 cap-

191 1097 298 1136 tivos,
325 1099 375 1136 &‚
398 1098 501 1131 donec
517 1100 723 1138 redimantur,
747 1100 962 1131 detentionem
975 1123 984 1138 ‚
1002 1109 1055 1130 un-

190 1138 236 1175 de
247 1140 343 1180 magis
367 1139 524 1172 existimes
550 1140 733 1173 servitutem
753 1140 831 1179 effe,
856 1150 946 1180 quarn
964 1150 1050 1181 quas-

192 1179 272 1212 libet
297 1181 371 1212 alias
399 1181 597 1214 detentiones
614 1206 624 1221 ,
649 1182 761 1223 quibus
788 1182 881 1212 hodie
907 1180 1053 1213 adversus

193 1230 323 1253 exteros
357 1221 516 1254 debitores
549 1224 667 1254 utimur
699 1223 735 1254 ad
773 1222 1024 1262 consequendum
1043 1245 1053 1261 ,

193 1263 280 1304 quod
300 1263 392 1294 nohis
418 1264 576 1295 debetur?
599 1273 700 1304 neque
717 1264 801 1295 enim
821 1263 883 1294 illae
899 1263 1056 1295 detentio-

188 1314 248 1340 nes
271 1304 390 1336 remitti
418 1304 517 1336 solent
534 1303 589 1336 nisi
610 1304 713 1335 soluta
734 1303 886 1344 pecunia,
909 1313 962 1335 aut
980 1313 1055 1345 prae—

193 1345 268 1378 stita
296 1345 460 1384 cautione,
486 1345 576 1385 plane
607 1353 642 1377 ut
666 1345 697 1376 in
722 1345 811 1386 causa
840 1345 1052 1384 captivorum.

194 1388 283 1432 Quin
302 1387 330 1418 ἃ
347 1386 486 1427 captivi,
511 1386 533 1418 fi
553 1396 617 1418 non
642 1386 848 1425 redimantur,
875 1385 954 1426 saepe
971 1387 1001 1418 ἃ.
1019 1386 1054 1418 si-

191 1439 232 1462 ne
262 1429 348 1469 lytro
379 1427 500 1459 dimiffi.
547 1427 650 1467 Atque
683 1428 727 1460 ita
754 1428 922 1468 Supremus
954 1428 1054 1469 Belgii

191 1468 341 1503 militaris
355 1469 486 1501 Senatus
509 1477 557 1509 14.
584 1469 662 1500 Dec.
692 1472 783 1501 1602.
807 1475 941 1510 quatuor
960 1469 989 1501 ὅτ.
1008 1469 1055 1500 vi-

192 1511 273 1553 ginti
292 1508 395 1541 hostes
407 1533 418 1548 ,
440 1510 471 1541 in
488 1509 648 1542 obsidione
671 1509 810 1542 Boscana
829 1518 959 1551 captos,
982 1510 1054 1552 quia

192 1563 257 1585 non
276 1551 525 1590 redimebantur,
549 1551 724 1583 dimittendi
746 1550 935 1591 potestatem
950 1551 1052 1591 fecit,

192 1604 234 1627 ne
254 1593 375 1625 scilicet
402 1593 536 1623 carceris
553 1591 684 1624 miseriis
701 1594 838 1634 perirent
860 1593 927 1634 (7).
954 1593 1055 1626 Valde

183 1643 300 1676 *autem
328 1633 436 1665 fuiss'et
463 1632 708 1676 inexspectatum
729 1657 740 1674 ,
765 1634 794 1666 δι
819 1635 978 1674 moribus,
1002 1636 1054 1675 qui

191 1686 276 1710 nunc
302 1674 561 1717 frequentantur,
583 1676 738 1715 alienum,
768 1675 790 1707 fi
812 1676 944 1707 Senatus
961 1677 1057 1717 jussis—

188 1719 241 1752 set
259 1717 332 1749 illos
360 1717 507 1757 captivos
532 1717 584 1749 vel
612 1717 723 1758 laqueo
738 1717 867 1758 punire,
892 1718 943 1749 vel
961 1719 1055 1750 etiam

186 1761 226 1801 ,in
254 1758 437 1790 servitutem
463 1757 638 1790 distrahere.
686 1758 776 1790 Unde
792 1782 801 1797 ,
835 1768 907 1790 cum
934 1758 1055 1791 Gravio

192 1798 376 1838 Solmenfis,
397 1800 448 1840 qui
469 1800 499 1831 in
519 1799 684 1841 Hybernia
697 1800 853 1831 militabat
877 1804 967 1837 1690.
981 1810 1056 1832 con—

190 1840 341 1876 stituisset
368 1840 514 1880 captivos
541 1841 573 1872 in
603 1840 782 1872 Americam
812 1841 842 1873 in
872 1841 1054 1873 servitutem

192 1885 360 1924 deportare
379 1905 389 1920 ,
423 1880 501 1913 Dux
528 1882 741 1924 Berwycenfis
767 1882 796 1913 ei
819 1882 1023 1915 denunciavit
1044 1907 1053 1922 ,

188 1926 255 1958 hoc
272 1924 292 1956 fi
310 1923 420 1961 fieret,
445 1921 493 1962 se,
509 1932 714 1964 quoscunque
729 1931 857 1964 caperet
876 1924 1000 1964 hones,
1018 1926 1054 1956 ad

190 1975 294 1999 remos
315 1965 346 1996 in
366 1963 527 1995 Franciam
549 1964 794 1996 transmissurum
814 1965 884 2006 (8).
907 1966 967 1998 Sed
984 1966 1057 2007 quia

189 2006 255 2049 ipsa
280 2004 414 2037 servitus
437 2006 520 2037 inter
545 2004 726 2038 Christanos
746 2005 813 2038 fere
835 2007 998 2046 exolevit,
1021 2017 1056 2039 ea

192 2056 322 2090 quoque
340 2056 404 2077 non
422 2047 539 2078 utimur
556 2047 587 2078 in
605 2046 709 2079 hostes
725 2055 846 2088 captos.
893 2047 1056 2080 Possumus

193 2097 297 2121 tamen
308 2088 321 2125 ,‘
342 2086 363 2118 fi
394 2087 437 2117 ita
468 2087 609 2127 placeat,
631 2088 696 2118 imo
724 2090 843 2120 utimur
870 2089 1056 2130 quandoque

192 2127 339 2162 adversus
356 2136 429 2167 eos,
455 2127 509 2167 qui
527 2137 562 2159 ea
580 2128 611 2159 in
639 2137 697 2161 nos
715 2137 857 2161 utuntur.
902 2130 1009 2176 Quare
1026 2131 1056 2162 &

190 2171 318 2244 Belgae,
344 2178 423 2210 quos
450 2167 647 2210 Algerienses
665 2193 675 2208 ‚
711 2169 744 2202 T
748 2171 912 2210 unitanos‚
938 2171 1056 2212 Tripo-

191 2215 245 2246 len
261 2221 296 2243 es
317 2211 349 2242 in
370 2210 500 2242 Oceano
529 2217 583 2241 aut
609 2211 685 2242 mari
707 2211 947 2244 Mediterraneo
972 2213 1055 2253 capi-

187 2252 277 2292 unt,
310 2251 412 2283 solent
440 2252 472 2283 in
505 2250 688 2283 servitutem
715 2251 862 2293 Hispanis
893 2253 1057 2291 vendere,

191 2305 264 2328 nam
281 2293 335 2334 ipsi
351 2293 457 2334 Belgae
476 2291 583 2324 servos
603 2302 667 2324 non
684 2293 820 2333 habent,
842 2294 898 2326 nisi
916 2295 947 2326 in
967 2294 1055 2333 Afia,

191 2335 304 2369 Africa
320 2335 350 2366 &
368 2333 521 2366 America.
569 2332 657 2377 Quin
674 2334 704 2366 ἃ
720 2344 802 2366 anno
821 2339 911 2367 1661.
929 2336 983 2376 ipsi
997 2336 1056 2367 Or-

193 2377 282 2409 dines
308 2374 480 2407 Generales
504 2374 680 2407 Admiralio
708 2375 764 2408 suo
781 2376 983 2415 mandarunt,
1007 2377 1054 2417 pi-

192 2425 274 2451 ratas
297 2424 409 2457 captos
435 2416 468 2448 in
488 2415 673 2448 servitutem
690 2417 841 2449 venderet
862 2417 929 2459 (9).
955 2417 1054 2450 Idem-

194 2469 257 2501 que
276 2457 476 2489 observatum
493 2455 538 2489 est
554 2467 637 2490 anno
659 2461 747 2498 1664.
767 2456 786 2499 (
791 2458 857 2500 10).

237 2499 390 2532 Servituti
415 2498 511 2539 igitur
529 2496 671 2531 succeffit
690 2500 741 2531 vel
759 2502 980 2541 captivorum,
1002 2501 1056 2543 qui

193 2540 332 2582 ejusdem
350 2539 460 2580 gradus
479 2539 510 2570 δε
524 2540 718 2571 conditionis
736 2539 827 2580 sunt,
850 2544 1057 2584 permutatio,

195 2582 248 2614 vel
272 2579 437 2617 detentio,
460 2579 561 2611 donec
579 2580 780 2612 redimantur.
824 2583 868 2615 Et
889 2583 1060 2616 redimendi

193 2621 357 2656 neceffitas
372 2628 594 2660 nonnunquam
613 2620 709 2660 paCtis
727 2623 862 2662 exprimi
876 2624 974 2662 solet,
993 2634 1058 2656 cer-

198 2673 249 2702 ta,
273 2670 330 2702 pro
338 2661 492 2703 dignitate
506 2660 656 2700 cujusque
675 2660 835 2702 personae,
859 2664 881 2695 fi
896 2665 1057 2705 capiatur,

196 2703 369 2737 constituta
385 2701 536 2744 pecunia;
581 2710 629 2732 uae
646 2701 667 2734 fi
685 2701 842 2743 solvatur,
863 2705 960 2736 cessat
980 2705 1058 2736 sum-

196 2755 284 2779 mum
303 2743 381 2776 illud
400 2743 469 2784 jus,
494 2751 556 2784 quo
599 2742 738 2784 alioquin
766 2744 879 2776 victori
908 2746 940 2776 in
957 2746 1058 2777 vidos

199 2788 231 2820 ὃς
252 2792 362 2827 captos
387 2783 556 2825 competit.
601 2782 739 2824 Captura
764 2792 892 2825 autem,
940 2787 1059 2818 uamvis

197 2827 279 2869 apud
304 2827 464 2858 Romanos
486 2825 579 2856 etiam
608 2825 748 2857 exercita
766 2825 803 2858 fit
822 2827 915 2858 adver
932 2837 966 2859 us
986 2837 1058 2866 eos,

197 2869 252 2911 qui
268 2875 411 2909 tempore
439 2865 514 2900 belli
533 2866 710 2899 exoriuntis
730 2867 762 2899 in
778 2867 905 2900 alterius
922 2868 1058 2908 Imperio

238 3007 301 3043 (6)
321 3006 401 3043 Apud
421 3007 547 3036 Aitzema
568 3006 671 3044 Hister.
693 3007 728 3037 L.
745 3009 794 3038 VI.
816 3017 842 3046 p.
863 3013 905 3038 16.

238 3045 299 3080 (7)
323 3047 385 3073 Van
403 3045 494 3074 Dalen
516 3046 640 3075 Notabile
659 3045 908 3085 Krygs-bqloignes
928 3055 955 3084 p.
971 3053 1033 3083 145.

240 3081 301 3118 (8)
322 3083 368 3111 Sic
382 3083 420 3111 est
431 3084 457 3111 in
472 3083 506 3111 de
516 3084 688 3122 Hollandscbe
697 3085 852 3114 Mercurius
862 3089 942 3121 1690.
955 3094 983 3123 p.
994 3093 1058 3123 245.

237 3119 297 3152 (9)
318 3120 444 3149 Aitzema
465 3120 566 3157 Hzflor.
587 3122 622 3151 L.
638 3123 714 3151 XLI.
735 3131 763 3162 p.
779 3126 844 3160 238.

237 3155 315 3194 (10)
337 3158 415 3188 Idem
434 3159 471 3189 L.
487 3160 592 3191 XLlV.
612 3169 640 3198 p.
661 3164 726 3197 278.

1099 108 1704 148 BYNKERSHOEK

1096 191 1336 223 inveniebantur
1360 192 1380 223 l.
1409 201 1455 223 12.
1475 197 1524 238 pr5
1542 191 1582 232 ff.
1608 193 1641 224 de
1669 193 1753 232 Cape.
1776 191 1812 227 ἐξ
1825 190 1948 233 postlim,
1996 206 2008 245 ’ς

1095 234 1200 274 reveryj
1240 234 1335 265 hodie
1353 257 1363 273 ,
1396 242 1538 274 quamvrs
1572 234 1710 265 exerceri
1734 233 1827 274 poffit
1844 256 1855 272 ,
1883 244 1951 268 raro

1097 282 1199 306 tamen
1231 284 1408 306 exercetur.
1458 274 1545 318 Quin
1571 277 1602 306 ὁ(
1634 276 1699 316 iple
1722 275 1858 307 Franciae
1881 278 1950 311 Rex

1096 315 1280 347 Ludovicus
1302 315 1392 348 XIV.
1419 326 1514 357 quum
1533 319 1583 347 26.
1609 318 1730 356 januar.
1758 320 1847 348 1666.
1870 319 1949 360 (ιι)

1100 357 1209 397 Anglis
1236 357 1351 388 bellum
1382 366 1463 388 terra
1489 358 1629 398 marique
1653 357 1829 398 indixiss'et,
1852 361 1950 392 omni-

1100 406 1161 437 que
1189 398 1396 430 interdixiss‘et
1421 400 1640 438 commercio,
1673 399 1703 430 ἃ
1731 399 1800 431 inde
1829 401 1950 443 Angli,

1099 439 1256 479 quierant
1274 440 1304 471 in
1332 439 1481 479 Francia,
1507 440 1560 472 sibi
1587 440 1678 472 bonis
1703 451 1740 472 ue
1760 439 1820 473 suis
1833 452 1950 474 metue-

1101 487 1195 518 rent,
1219 489 1246 512 1.
1269 479 1360 512 Febr.
1387 485 1475 512 1666.
1501 480 1599 523 (12)
1626 492 1677 513 rur
1695 492 1728 514 us
1745 482 1868 522 edixit,
1890 493 1952 516 me-

1101 528 1168 551 tum
1185 522 1274 553 illum
1300 523 1409 562 utique
1433 532 1547 554 vanum
1576 523 1657 561 esse,
1679 523 1792 555 Edicto
1810 525 1891 556 enim
1912 534 1952 556 eo
2002 537 2004 553 :

1100 566 1150 594 26.

1099 604 1176 643 glis,
1201 605 1254 644 qui
1278 605 1391 635 deinde
1413 604 1443 635 in
1468 606 1543 636 mari
1568 607 1783 639 invenirentur
1801 629 1811 645 ,
1843 615 1896 638 aut
1920 607 1952 640 in

1093 644 1235 690 *Imperio
1253 645 1406 677 Francico
1423 644 1542 677 hostem
1559 657 1702 688 agerent3
1725 658 1788 679 non
1805 649 1843 680 iis
1852 649 1953 690 pri¹·a-

1100 694 1159 724 tis,
1181 686 1233 726 qui
1258 686 1290 717 in
1308 686 1436 719 Francia
1461 687 1656 731 domicilium
1675 689 1830 729 fixiss'ent,
1854 691 1954 732 place-

1099 736 1132 759 re
1147 735 1263 766 tamen,
1278 727 1390 768 Angli,
1416 737 1469 768 qui
1486 728 1516 759 in
1528 728 1656 762 Francia
1673 731 1872 771 habitabant,
1896 740 1954 764 nec

1099 768 1203 809 adepti
1233 777 1319 800 erant
1352 770 1400 810 J'us
1434 768 1627 802 subditorum
1654 772 1671 813 (
1681 773 1956 814 ongenaturalyeert

1099 810 1218 851 zyna‘e)
1237 811 1319 842 intra
1335 819 1396 843 tres
1414 809 1531 842 menses
1546 811 1686 851 abirent,
1707 823 1895 854 quocunque
1910 815 1955 846 vi-

1098 852 1233 883 deretur.
1279 852 1340 883 Sed
1353 852 1428 883 hoc
1452 849 1508 882 soli

1097 891 1176 932 effe,
1202 892 1223 924 ss
1244 902 1307 924 non
1327 892 1525 925 intercedant
1544 894 1649 934 pacta,
1674 905 1744 936 quae
1767 894 1878 928 statum
1892 896 1955 928 bel-

1096 933 1118 964 li
1138 933 1343 975 suspendunt,
1363 936 1464 975 Capite
1476 936 1608 974 proximo
1623 936 1790 977 disputavi.
1805 936 1888 984 Quia
1903 947 1955 970 ve-

1097 983 1134 1005 ro
1153 976 1337 1016 plerumque
1356 976 1508 1015 ejusmodi
1525 976 1610 1015 pasta
1626 977 1844 1018 intercedunt,
1860 980 1956 1012 rarius

1097 1017 1145 1057 jus
1161 1016 1235 1047 belli
1253 1024 1418 1048 exercetur
1433 1018 1465 1049 in
1485 1026 1558 1055 eos,
1576 1018 1627 1058 qui
1643 1019 1672 1050 in
1691 1027 1768 1059 pace
1784 1019 1821 1051 ad
1841 1020 1956 1053 alteros

1098 1067 1331 1098 pervenerunt,
1354 1058 1384 1089 ὅς
1409 1058 1452 1089 ibi
1473 1058 1765 1098 deprehenduntur,
1789 1061 1810 1092 fi
1839 1060 1957 1094 bellum

1100 1098 1204 1130 subito
1223 1098 1382 1130 exarserit.
1407 1098 1555 1130 Ceterum
1574 1099 1678 1141 elapso
1698 1108 1859 1142 tempore,
1875 1101 1959 1143 quod

1098 1139 1183 1171 abire
1199 1140 1379 1171 volentibus
1397 1140 1449 1171 vel
1471 1139 1645 1172 humanitas
1663 1141 1769 1180 dedit,
1793 1143 1843 1174 vel
1862 1144 1958 1184 pastis

1097 1180 1262 1212 definitum
1279 1180 1342 1219 est,
1357 1182 1425 1220 jure
1441 1180 1517 1212 belli
1534 1180 1617 1212 reae
1633 1183 1814 1223 capiuntur,
1839 1185 1891 1226 qui
1912 1185 1959 1217 ul-

1098 1230 1145 1253 tra
1164 1220 1396 1259 remanserunt,
1421 1221 1473 1251 vel
1491 1231 1555 1252 non
1573 1223 1736 1263 impetrata
1754 1226 1845 1257 venia
1863 1230 1957 1257 adve-

1096 1270 1220 1295 nerunt.
1265 1261 1308 1293 Et
1331 1261 1501 1293 secundum
1535 1261 1602 1293 haec
1629 1264 1763 1297 Ordines
1788 1265 1959 1300 Generales

1097 1303 1264 1335 edixerunt
1279 1313 1310 1343 4.
1336 1303 1408 1344 Apr.
1439 1306 1527 1342 1674.
1554 1302 1572 1342 (
1585 1304 1650 1345 13)
1668 1303 1688 1336 fi
1704 1305 1758 1345 qui
1775 1306 1878 1339 hostes
1897 1307 1958 1340 hae-

1098 1352 1204 1376 rei-ent
1220 1344 1252 1376 in
1270 1344 1382 1385 Belgio
1398 1343 1568 1375 Foederato
1583 1353 1637 1377 aut
1659 1347 1690 1378 in
1708 1345 1847 1387 Imperio
1867 1348 1958 1381 Ordi-

1098 1395 1172 1418 num
1198 1384 1399 1417 Generalium
1411 1409 1420 1424 ,
1462 1394 1526 1416 non
1544 1385 1708 1427 impetrata
1725 1389 1889 1421 accedendi
1905 1399 1956 1422 ve-

1097 1428 1166 1466 nia,
1192 1427 1276 1459 recle
1294 1435 1498 1469 caperentur,
1521 1435 1601 1466 nec,
1623 1427 1679 1461 nifi
1696 1428 1870 1472 redempti,
1890 1431 1957 1464 red-

1096 1469 1253 1502 detentur.

1128 1510 1295 1556 ,Quamvis
1311 1518 1417 1543 autem
1431 1513 1480 1552 J'us
1495 1511 1662 1544 occidendi
1676 1515 1820 1555 captivos
1836 1514 1957 1548 obsole-

1098 1556 1201 1591 verit,
1222 1554 1366 1594 quaerunt
1389 1560 1511 1593 tamen,
1534 1563 1571 1585 an
1586 1563 1668 1593 non,
1693 1556 1788 1587 etiam
1802 1555 1864 1588 fine
1878 1556 1958 1590 levis

1098 1602 1183 1627 notae
1209 1594 1350 1633 macula,
1375 1604 1414 1625 eo
1430 1594 1499 1634 jure
1521 1595 1567 1626 uti
1596 1595 1691 1628 liceat
1719 1596 1864 1629 adversus
1879 1593 1976 1639 eos,'

1098 1637 1152 1677 qui
1177 1635 1363 1667 obstinatius
1384 1635 1414 1667 se
1434 1634 1657 1668 defenderint?
1682 1637 1712 1670 &
1737 1638 1808 1671 sunt
1830 1639 1883 1680 qui
1902 1641 1957 1681 pn'·

1099 1684 1176 1709 tant.
1222 1676 1432 1717 Tui-pissime,
1457 1676 1512 1710 nifi
1542 1677 1572 1709 ὅ(
1602 1678 1763 1711 imbellem
1785 1679 1872 1712 forte
1893 1681 1958 1713 vir-

1097 1718 1283 1760 gunculam,
1307 1717 1329 1750 fi
1345 1718 1495 1759 pudorem
1523 1718 1610 1757 suum
1632 1719 1778 1753 adversus
1795 1719 1957 1754 robustum

1099 1760 1304 1801 stupratorem
1315 1782 1324 1798 ,
1350 1768 1446 1791 unum
1463 1760 1629 1800 pluresve,
1646 1761 1836 1802 pertinacius
1851 1761 1957 1795 defen-

1097 1801 1200 1841 derit,
1226 1810 1318 1842 poena
1346 1801 1472 1841 dignam
1500 1800 1670 1835 existimes.
1717 1800 1828 1836 Licent
1848 1804 1880 1836 in
1899 1803 1954 1836 ho-

1097 1842 1175 1874 stem
1201 1843 1323 1880 omnia,
1350 1841 1402 1873 sed
1423 1841 1445 1873 fi
1468 1842 1510 1873 ob
1525 1842 1766 1884 fortitudinem,
1788 1844 1866 1877 nihil
1885 1853 1954 1876 cru-

1097 1884 1210 1915 delius.
1256 1882 1343 1928 Quin
1373 1883 1404 1915 &
1428 1883 1484 1924 ipsi
1506 1882 1643 1916 hostium
1669 1886 1846 1918 nostrorum
1861 1884 1955 1918 forti-

1099 1925 1209 1957 tudine
1229 1924 1400 1966 gaudemus
1418 1947 1428 1963 ,
1463 1930 1558 1965 atque
1589 1926 1785 1967 indignamur
1811 1927 1955 1968 ignaviae.

1100 1966 1236 1998 Memini
1255 1974 1303 1996 me
1317 1965 1440 2006 legere,
1458 1965 1652 2007 Algerienses
1667 1967 1882 1999 Praedatoresi
1927 1977 1956 1999 a—

1099 2016 1176 2039 vum
1196 2005 1359 2046 quemdam
1390 2005 1588 2038 Navarcham
1605 2028 1618 2045 ,
1647 2008 1700 2048 qui
1732 2017 1845 2040 navem
1887 2017 1957 2040 uam

1099 2046 1586 2122 'siinaegffl‘iiffezalibssffieffiiffl
1600 2046 1657 2120 2⁰1?
1673 2049 1800 2122 {3333
1821 2049 1957 2122 {5¹1²ssssssss

1364 2109 1375 2125 ,
1944 2108 1956 2115 .

1098 2140 1149 2163 me
1168 2153 1177 2168 ‚
1209 2130 1239 2161 δι
1262 2137 1317 2169 per
1343 2127 1514 2160 ludibrium
1538 2130 1782 2164 excarnificaffe.
1826 2131 1956 2164 Scilicet

1099 2171 1180 2213 apud
1197 2169 1300 2202 hostes
1319 2178 1444 2210 quoque
1469 2170 1603 2217 gloriam
1628 2170 1809 2211 fortitudo,
1832 2172 1957 2214 ignavia

1099 2219 1316 2252 contemptum
1334 2209 1451 2242 ferunt.
1496 2211 1547 2250 Si,
1571 2212 1646 2253 quid
1660 2213 1711 2244 alii
1730 2213 1769 2244 de
1786 2213 1852 2245 hoc
1869 2223 1956 2256 argu-

1100 2262 1208 2286 mento
1235 2249 1414 2291 scripserint
1433 2276 1443 2291 ,
1467 2252 1547 2284 scire
1566 2252 1736 2294 defideres,
1762 2253 1956 2288 satisfacient

1098 2294 1249 2328 desiderio
1273 2292 1412 2325 Gentilis
1435 2294 1469 2324 de
1495 2293 1572 2334 Jure
1603 2295 1680 2327 Belli
1709 2295 1750 2328 L.
1782 2295 1820 2328 11.
1847 2295 1878 2327 C.
1907 2299 1955 2329 16.

1098 2335 1233 2368 Grotius
1250 2336 1284 2365 de
1306 2333 1383 2375 Jure
1414 2334 1450 2367 B.
1476 2335 1512 2370 ὅ)
1528 2335 1565 2367 Ρ.
1591 2336 1633 2368 L.
1657 2335 1712 2368 III.
1739 2337 1770 2368 C.
1793 2345 1824 2375 4.
1869 2359 1876 2366 .
1906 2345 1953 2377 13.

1099 2379 1129 2410 &
1154 2376 1321 2410 Zoucheus
1346 2376 1380 2407 de
1406 2375 1482 2416 Jure
1502 2375 1615 2409 Feciaz.
1638 2376 1716 2409 Part
1737 2376 1776 2408 ΙΙ.
1803 2376 1838 2408 Se
1869 2399 1877 2407 .
1905 2386 1951 2409 10.

1098 2419 1352 2500 Q‘Exposuimus
1371 2484 1380 2500 ,
1412 2459 1487 2501 quid
1509 2458 1648 2491 hostibus
1674 2459 1706 2490 in
1729 2458 1833 2491 hostes
1860 2459 1954 2491 vivos

1099 2502 1193 2534 liceat
1209 2523 1220 2539 ,
1244 2501 1295 2534 sed
1320 2502 1359 2533 de
1386 2500 1589 2532 cadaveribus
1613 2499 1749 2531 hostium
1775 2500 1851 2541 quid
1870 2500 1954 2532 dice-

1099 2542 1196 2575 mus?
1219 2542 1306 2575 Olim
1325 2543 1448 2583 quidem
1472 2540 1548 2571 feris
1565 2540 1595 2570 &
1615 2540 1726 2571 avibus
1744 2541 1953 2582 projicieban-

1104 2592 1170 2623 tur,
1184 2582 1234 2615 sed
1250 2593 1334 2616 nunc
1349 2583 1401 2624 yel
1417 2581 1552 2612 victores
1569 2578 1735 2626 sepe-liunt,
1743 2582 1795 2613 vel
1811 2582 1902 2614 victis
1917 2582 1956 2615 ad

1102 2624 1290 2666 sepulturam
1312 2622 1498 2656 concedunt.
1545 2619 1698 2666 Quinimo
1722 2622 1752 2654 <St
1778 2624 1848 2663 plus
1867 2623 1957 2658 datur

1101 2665 1297 2697 humanitati.
1342 2663 1477 2695 Ordines
1490 2659 1659 2694 Generales
1681 2667 1727 2695 16.
1753 2663 1837 2705 Sept.
1866 2668 1954 2699 1666.

1100 2706 1181 2746 (14)
1197 2705 1330 2737 cadaver
1347 2703 1456 2734 vicarii
1470 2702 1682 2735 Architalaffae
1699 2704 1793 2746 Angli
1803 2706 1907 2746 ,quod
1922 2706 1956 2740 in

1102 2744 1955 2832 em‘ifsssfflnffmffiffjssfiaiffieffessffssfflgn155⁰?ssssss

1259 2808 1270 2824 2
1562 2809 1572 2823 9
1759 2811 1767 2819 ·
1842 2812 1850 2819 ι
1945 2813 1955 2822 .

1101 2829 1119 2869 (
1133 2828 1197 2869 15)
1222 2827 1259 2858 ab
1276 2827 1361 2867 Rege
1378 2825 1502 2872 Angliae
1520 2826 1773 2898 eiiquifiviss'ent,
1796 2827 1827 2860 id
1844 2828 1876 2860 in
1892 2829 1954 2863 An·

1507 2875 1525 2897 n

1098 2869 1193 2910 gliam
1221 2867 1409 2906 transmitti,
1432 2875 1470 2898 an
1494 2865 1503 2896 i
1583 2867 1720 2900 ollandia
1742 2867 1864 2910 sepeliri
1889 2870 1955 2944 ἵει-

1904 2919 1952 2953 et,

1141 3009 1154 3045 (
1165 3006 1218 3037 τι)
1239 3005 1410 3044 Hollnndsche
1429 3006 1583 3036 Mercurius
1605 3009 1687 3037 1666.
1709 3016 1737 3047 p.
1753 3013 1781 3038 6.
1796 3009 1822 3039 ἃ
1838 3016 1865 3046 7.

1141 3045 1222 3083 (12)
1242 3045 1342 3073 Ibidem
1363 3053 1388 3081 p.
1406 3053 1431 3080 7.
1446 3045 1472 3073 ὅ(
1488 3048 1513 3075 8.

1139 3086 1219 3120 (13)
1240 3083 1314 3111 Ptac.
1337 3084 1385 3111 111.
1410 3092 1433 3112 1.
1454 3086 1477 3113 8.
1501 3091 1526 3119 5.

1139 3123 1218 3158 (14)
1239 3121 1410 3159 Hellandsche
1428 3122 1583 3150 Mercurius
1602 3125 1686 3154 1666.
1704 3131 1733 3161 p.
1751 3128 1799 3160 70÷

1140 3161 1218 3198 (ις)
1236 3159 1336 3190 Ibidem
1356 3168 1384 3197 p·
1400 3169 1461 3190 111.
1475 3160 1502 3194 &
1516 3167 1579 3190 112.

1546 852 1730 885 humanitati
1758 854 1965 893 tribuendum·

1183 562 1301 602 Januar.
1330 566 1417 594 1666.
1442 563 1594 596 duntaxat
1621 564 1738 597 bellum
1767 566 1860 597 indici
1888 566 1950 598 An—
2003 576 2005 578 ·
