<?xml version="1.0" encoding="UTF-8"?>
<!DOCTYPE html PUBLIC "-//W3C//DTD XHTML 1.0 Transitional//EN"
    "http://www.w3.org/TR/xhtml1/DTD/xhtml1-transitional.dtd">
<html xmlns="http://www.w3.org/1999/xhtml" xml:lang="en" lang="en">
 <head>
  <title>
</title>
<meta http-equiv="Content-Type" content="text/html;charset=utf-8" />
  <meta name='ocr-system' content='tesseract 3.04.00' />
  <meta name='ocr-capabilities' content='ocr_page ocr_carea ocr_par ocr_line ocrx_word'/>
</head>
<body>
  <div class='ocr_page' id='page_1' title='image "./corneliivanbynke00bijn_0410.png"; bbox 0 0 2008 3436; ppageno 0'>
   <div class='ocr_carea' id='block_1_1' title="bbox 574 98 1094 135">
    <p class='ocr_par' dir='ltr' id='par_1_1' title="bbox 574 98 1094 135">
     <span class='ocr_line' id='line_1_1' title="bbox 574 98 1094 135; baseline -0.004 0"><span class='ocrx_word' id='word_1_1' title='bbox 574 98 1094 135; x_wconf 85' lang='lat' dir='ltr'>GERARDI</span> 
     </span>
    </p>
   </div>
   <div class='ocr_carea' id='block_1_2' title="bbox 194 175 1062 751">
    <p class='ocr_par' dir='ltr' id='par_1_2' title="bbox 194 175 1062 710">
     <span class='ocr_line' id='line_1_2' title="bbox 196 175 1057 220; baseline 0.006 -15"><span class='ocrx_word' id='word_1_2' title='bbox 196 175 365 216; x_wconf 79' lang='lat' dir='ltr'>Capitum,</span> <span class='ocrx_word' id='word_1_3' title='bbox 389 176 547 209; x_wconf 83' lang='lat' dir='ltr'>historiam</span> <span class='ocrx_word' id='word_1_4' title='bbox 565 177 656 219; x_wconf 82' lang='lat' dir='ltr'>hujus</span> <span class='ocrx_word' id='word_1_5' title='bbox 671 179 796 212; x_wconf 73' lang='lat' dir='ltr'>articuli</span> <span class='ocrx_word' id='word_1_6' title='bbox 816 179 846 210; x_wconf 87' lang='lat' dir='ltr'>in</span> <span class='ocrx_word' id='word_1_7' title='bbox 869 177 1006 220; x_wconf 73' lang='lat' dir='ltr'>Digestis</span> <span class='ocrx_word' id='word_1_8' title='bbox 1027 179 1057 210; x_wconf 62' lang='lat' dir='ltr'>Sc</span> 
     </span>
     <span class='ocr_line' id='line_1_3' title="bbox 197 216 1057 262; baseline 0.003 -15"><span class='ocrx_word' id='word_1_9' title='bbox 197 216 318 247; x_wconf 85' lang='lat' dir='ltr'>Codice</span> <span class='ocrx_word' id='word_1_10' title='bbox 347 219 589 258; x_wconf 79' lang='lat' dir='ltr'>perficientium.</span> <span class='ocrx_word' id='word_1_11' title='bbox 621 220 673 262; x_wconf 69' lang='grc' dir='ltr'>(ι)</span> <span class='ocrx_word' id='word_1_12' title='bbox 704 221 816 252; x_wconf 85' lang='lat' dir='ltr'>Virum</span> <span class='ocrx_word' id='word_1_13' title='bbox 851 220 1057 252; x_wconf 77' lang='lat' dir='ltr'>Clarrlliinunr</span> 
     </span>
     <span class='ocr_line' id='line_1_4' title="bbox 195 256 1057 300; baseline 0.007 -14"><span class='ocrx_word' id='word_1_14' title='bbox 195 256 307 288; x_wconf 78' lang='lat' dir='ltr'>vidiss&#39;e</span> <span class='ocrx_word' id='word_1_15' title='bbox 333 268 436 291; x_wconf 83' lang='lat' dir='ltr'>meum</span> <span class='ocrx_word' id='word_1_16' title='bbox 461 260 730 293; x_wconf 71' lang='lat' dir='ltr'>Commentariun]</span> <span class='ocrx_word' id='word_1_17' title='bbox 747 285 757 300; x_wconf 87' lang='lat'>‚</span> <span class='ocrx_word' id='word_1_18' title='bbox 793 261 922 293; x_wconf 82' lang='lat' dir='ltr'>censeo:</span> <span class='ocrx_word' id='word_1_19' title='bbox 947 261 997 292; x_wconf 82' lang='lat' dir='ltr'>scd</span> <span class='ocrx_word' id='word_1_20' title='bbox 1013 262 1057 292; x_wconf 93' lang='lat' dir='ltr'>lo-</span> 
     </span>
     <span class='ocr_line' id='line_1_5' title="bbox 197 300 1056 343; baseline 0.007 -16"><span class='ocrx_word' id='word_1_21' title='bbox 197 307 270 328; x_wconf 88' lang='lat' dir='ltr'>cum</span> <span class='ocrx_word' id='word_1_22' title='bbox 289 300 340 338; x_wconf 80' lang='lat' dir='ltr'>qui</span> <span class='ocrx_word' id='word_1_23' title='bbox 356 301 524 340; x_wconf 64' lang='lat' dir='ltr'>adductus,</span> <span class='ocrx_word' id='word_1_24' title='bbox 548 302 697 343; x_wconf 83' lang='lat' dir='ltr'>potuisset</span> <span class='ocrx_word' id='word_1_25' title='bbox 713 303 816 334; x_wconf 85' lang='lat' dir='ltr'>lucem</span> <span class='ocrx_word' id='word_1_26' title='bbox 834 302 956 340; x_wconf 82' lang='lat' dir='ltr'>facere,</span> <span class='ocrx_word' id='word_1_27' title='bbox 980 312 1056 343; x_wconf 84' lang='lat' dir='ltr'>prae-</span> 
     </span>
     <span class='ocr_line' id='line_1_6' title="bbox 199 339 1060 385; baseline 0.006 -17"><span class='ocrx_word' id='word_1_28' title='bbox 199 339 358 372; x_wconf 71' lang='lat' dir='ltr'>ter-misisse</span> <span class='ocrx_word' id='word_1_29' title='bbox 374 364 386 380; x_wconf 81' lang='lat'>,</span> <span class='ocrx_word' id='word_1_30' title='bbox 419 343 541 374; x_wconf 85' lang='lat' dir='ltr'>miror:</span> <span class='ocrx_word' id='word_1_31' title='bbox 576 344 629 383; x_wconf 60' lang='grc' dir='ltr'>(ι)</span> <span class='ocrx_word' id='word_1_32' title='bbox 661 345 819 385; x_wconf 80' lang='lat' dir='ltr'>magisque</span> <span class='ocrx_word' id='word_1_33' title='bbox 842 353 905 374; x_wconf 86' lang='lat' dir='ltr'>non</span> <span class='ocrx_word' id='word_1_34' title='bbox 928 343 1060 374; x_wconf 81' lang='lat' dir='ltr'>animad-</span> 
     </span>
     <span class='ocr_line' id='line_1_7' title="bbox 194 380 1061 423; baseline 0.006 -14"><span class='ocrx_word' id='word_1_35' title='bbox 194 380 323 412; x_wconf 82' lang='lat' dir='ltr'>vertisse</span> <span class='ocrx_word' id='word_1_36' title='bbox 338 391 405 423; x_wconf 85' lang='lat' dir='ltr'>quae</span> <span class='ocrx_word' id='word_1_37' title='bbox 425 393 537 416; x_wconf 86' lang='lat' dir='ltr'>contra</span> <span class='ocrx_word' id='word_1_38' title='bbox 555 385 663 416; x_wconf 88' lang='lat' dir='ltr'>attulit</span> <span class='ocrx_word' id='word_1_39' title='bbox 683 409 693 422; x_wconf 90' lang='lat'>,</span> <span class='ocrx_word' id='word_1_40' title='bbox 727 385 864 415; x_wconf 88' lang='lat' dir='ltr'>invicem</span> <span class='ocrx_word' id='word_1_41' title='bbox 881 383 911 415; x_wconf 84' lang='lat' dir='ltr'>se</span> <span class='ocrx_word' id='word_1_42' title='bbox 929 384 1061 415; x_wconf 82' lang='lat' dir='ltr'>destrue·</span> 
     </span>
     <span class='ocr_line' id='line_1_8' title="bbox 196 426 1062 470; baseline 0.005 -19"><span class='ocrx_word' id='word_1_43' title='bbox 196 430 230 451; x_wconf 89' lang='lat' dir='ltr'>re</span> <span class='ocrx_word' id='word_1_44' title='bbox 253 430 360 454; x_wconf 84' lang='lat' dir='ltr'>mutua</span> <span class='ocrx_word' id='word_1_45' title='bbox 387 426 599 466; x_wconf 75' lang='lat' dir='ltr'>repugnantia.</span> <span class='ocrx_word' id='word_1_46' title='bbox 634 426 686 466; x_wconf 75' lang='lat'>(³)</span> <span class='ocrx_word' id='word_1_47' title='bbox 716 426 821 470; x_wconf 82' lang='lat' dir='ltr'>Quare</span> <span class='ocrx_word' id='word_1_48' title='bbox 849 426 877 456; x_wconf 66' lang='grc' dir='ltr'>ὃς</span> <span class='ocrx_word' id='word_1_49' title='bbox 904 426 1062 466; x_wconf 67' lang='lat' dir='ltr'>negligere</span> 
     </span>
     <span class='ocr_line' id='line_1_9' title="bbox 197 461 1058 506; baseline 0.005 -14"><span class='ocrx_word' id='word_1_50' title='bbox 197 461 406 496; x_wconf 81' lang='lat' dir='ltr'>decreveram.</span> <span class='ocrx_word' id='word_1_51' title='bbox 439 465 489 497; x_wconf 79' lang='lat' dir='ltr'>sed</span> <span class='ocrx_word' id='word_1_52' title='bbox 511 466 679 497; x_wconf 77' lang='lat' dir='ltr'>intercessit</span> <span class='ocrx_word' id='word_1_53' title='bbox 702 465 844 506; x_wconf 86' lang='lat' dir='ltr'>Epistola</span> <span class='ocrx_word' id='word_1_54' title='bbox 871 465 973 496; x_wconf 83' lang='lat' dir='ltr'>Amici</span> <span class='ocrx_word' id='word_1_55' title='bbox 1006 475 1058 496; x_wconf 86' lang='lat' dir='ltr'>cu-</span> 
     </span>
     <span class='ocr_line' id='line_1_10' title="bbox 197 503 1060 547; baseline 0.006 -14"><span class='ocrx_word' id='word_1_56' title='bbox 197 503 316 542; x_wconf 81' lang='lat' dir='ltr'>jusdam</span> <span class='ocrx_word' id='word_1_57' title='bbox 341 506 502 541; x_wconf 80' lang='lat' dir='ltr'>Anonvmi</span> <span class='ocrx_word' id='word_1_58' title='bbox 521 531 530 546; x_wconf 84' lang='lat'>‚</span> <span class='ocrx_word' id='word_1_59' title='bbox 567 508 717 547; x_wconf 81' lang='lat' dir='ltr'>apprime.</span> <span class='ocrx_word' id='word_1_60' title='bbox 732 506 817 537; x_wconf 67' lang='lat' dir='ltr'>docti</span> <span class='ocrx_word' id='word_1_61' title='bbox 834 506 864 536; x_wconf 86' lang='lat'>&amp;</span> <span class='ocrx_word' id='word_1_62' title='bbox 885 506 1034 546; x_wconf 75' lang='lat' dir='ltr'>ingeniosi</span> <span class='ocrx_word' id='word_1_63' title='bbox 1049 529 1060 544; x_wconf 86' lang='lat'>,</span> 
     </span>
     <span class='ocr_line' id='line_1_11' title="bbox 199 544 1060 588; baseline 0.003 -13"><span class='ocrx_word' id='word_1_64' title='bbox 199 554 263 576; x_wconf 90' lang='lat' dir='ltr'>non</span> <span class='ocrx_word' id='word_1_65' title='bbox 283 546 425 587; x_wconf 81' lang='lat' dir='ltr'>opinanti</span> <span class='ocrx_word' id='word_1_66' title='bbox 441 544 532 579; x_wconf 78' lang='lat' dir='ltr'>&#39;dataz</span> <span class='ocrx_word' id='word_1_67' title='bbox 557 558 616 588; x_wconf 85' lang='lat' dir='ltr'>qua</span> <span class='ocrx_word' id='word_1_68' title='bbox 637 555 796 578; x_wconf 87' lang='lat' dir='ltr'>momenta</span> <span class='ocrx_word' id='word_1_69' title='bbox 816 547 974 577; x_wconf 84' lang='lat' dir='ltr'>rationum</span> <span class='ocrx_word' id='word_1_70' title='bbox 991 547 1060 579; x_wconf 88' lang='lat' dir='ltr'>Cla-</span> 
     </span>
     <span class='ocr_line' id='line_1_12' title="bbox 198 585 1060 627; baseline 0.003 -11"><span class='ocrx_word' id='word_1_71' title='bbox 198 585 302 618; x_wconf 81' lang='lat' dir='ltr'>rissuni</span> <span class='ocrx_word' id='word_1_72' title='bbox 323 588 481 620; x_wconf 80' lang='lat' dir='ltr'>Senator-is</span> <span class='ocrx_word' id='word_1_73' title='bbox 499 589 535 619; x_wconf 84' lang='lat' dir='ltr'>ad</span> <span class='ocrx_word' id='word_1_74' title='bbox 558 590 587 619; x_wconf 73' lang='lat' dir='ltr'>d.</span> <span class='ocrx_word' id='word_1_75' title='bbox 612 588 632 618; x_wconf 87' lang='lat' dir='ltr'>l.</span> <span class='ocrx_word' id='word_1_76' title='bbox 655 597 685 627; x_wconf 84' lang='lat'>5.</span> <span class='ocrx_word' id='word_1_77' title='bbox 712 588 772 619; x_wconf 87' lang='lat' dir='ltr'>rite</span> <span class='ocrx_word' id='word_1_78' title='bbox 797 588 992 627; x_wconf 83' lang='lat' dir='ltr'>examinata,</span> <span class='ocrx_word' id='word_1_79' title='bbox 1017 596 1060 619; x_wconf 86' lang='lat' dir='ltr'>at-</span> 
     </span>
     <span class='ocr_line' id='line_1_13' title="bbox 195 628 1062 668; baseline 0.003 -11"><span class='ocrx_word' id='word_1_80' title='bbox 195 635 260 666; x_wconf 61' lang='lat' dir='ltr'>‘que</span> <span class='ocrx_word' id='word_1_81' title='bbox 275 629 398 668; x_wconf 84' lang='lat' dir='ltr'>optimo</span> <span class='ocrx_word' id='word_1_82' title='bbox 417 631 485 668; x_wconf 86' lang='lat' dir='ltr'>jure</span> <span class='ocrx_word' id='word_1_83' title='bbox 503 628 660 667; x_wconf 84' lang='lat' dir='ltr'>refutata,</span> <span class='ocrx_word' id='word_1_84' title='bbox 683 638 732 659; x_wconf 88' lang='lat' dir='ltr'>me</span> <span class='ocrx_word' id='word_1_85' title='bbox 758 628 812 660; x_wconf 78' lang='lat' dir='ltr'>isla</span> <span class='ocrx_word' id='word_1_86' title='bbox 835 629 1062 660; x_wconf 80' lang='lat' dir='ltr'>deliberatione</span> 
     </span>
     <span class='ocr_line' id='line_1_14' title="bbox 197 666 964 710; baseline 0.005 -13"><span class='ocrx_word' id='word_1_87' title='bbox 197 666 411 700; x_wconf 75' lang='lat' dir='ltr'>absolverunt.</span> <span class='ocrx_word' id='word_1_88' title='bbox 458 669 644 710; x_wconf 76' lang='lat' dir='ltr'>Exemplum</span> <span class='ocrx_word' id='word_1_89' title='bbox 665 669 814 710; x_wconf 85' lang='lat' dir='ltr'>Epistolae</span> <span class='ocrx_word' id='word_1_90' title='bbox 834 670 894 700; x_wconf 86' lang='lat' dir='ltr'>hoc</span> <span class='ocrx_word' id='word_1_91' title='bbox 911 669 964 701; x_wconf 89' lang='lat' dir='ltr'>cst.</span> 
     </span>
    </p>

    <p class='ocr_par' dir='ltr' id='par_1_3' title="bbox 241 708 1061 751">
     <span class='ocr_line' id='line_1_15' title="bbox 241 708 1061 751; baseline 0.004 -11"><span class='ocrx_word' id='word_1_92' title='bbox 241 708 270 750; x_wconf 52' lang='grc' dir='ltr'>ᾗ.</span> <span class='ocrx_word' id='word_1_93' title='bbox 295 709 404 741; x_wconf 80' lang='lat' dir='ltr'>XXV.</span> <span class='ocrx_word' id='word_1_94' title='bbox 431 709 484 750; x_wconf 78' lang='lat'>(4)</span> <span class='ocrx_word' id='word_1_95' title='bbox 507 710 601 751; x_wconf 82' lang='lat' dir='ltr'>Cepit</span> <span class='ocrx_word' id='word_1_96' title='bbox 618 720 689 749; x_wconf 77' lang='lat' dir='ltr'>me,</span> <span class='ocrx_word' id='word_1_97' title='bbox 713 711 769 742; x_wconf 86' lang='lat' dir='ltr'>Vir</span> <span class='ocrx_word' id='word_1_98' title='bbox 791 710 980 750; x_wconf 82' lang='lat' dir='ltr'>Clariffirne,</span> <span class='ocrx_word' id='word_1_99' title='bbox 1005 711 1061 743; x_wconf 89' lang='lat' dir='ltr'>im-</span> 
     </span>
    </p>
   </div>
   <div class='ocr_carea' id='block_1_3' title="bbox 196 100 268 140">
    <p class='ocr_par' dir='ltr' id='par_1_4' title="bbox 196 100 268 140">
     <span class='ocr_line' id='line_1_16' title="bbox 196 100 268 140; baseline 0.014 0"><span class='ocrx_word' id='word_1_100' title='bbox 196 100 268 140; x_wconf 72' lang='lat'>396</span> 
     </span>
    </p>
   </div>
   <div class='ocr_carea' id='block_1_4' title="bbox 192 852 1070 3191">
    <p class='ocr_par' dir='ltr' id='par_1_5' title="bbox 192 852 1070 2806">
     <span class='ocr_line' id='line_1_17' title="bbox 198 852 1062 894; baseline 0.008 -14"><span class='ocrx_word' id='word_1_101' title='bbox 198 852 324 890; x_wconf 82' lang='lat' dir='ltr'>Ulpiano</span> <span class='ocrx_word' id='word_1_102' title='bbox 340 864 374 884; x_wconf 81' lang='lat' dir='ltr'>ex</span> <span class='ocrx_word' id='word_1_103' title='bbox 393 856 410 885; x_wconf 91' lang='lat' dir='ltr'>l.</span> <span class='ocrx_word' id='word_1_104' title='bbox 434 865 459 884; x_wconf 80' lang='lat'>2.</span> <span class='ocrx_word' id='word_1_105' title='bbox 476 856 515 894; x_wconf 82' lang='lat' dir='ltr'>ff.</span> <span class='ocrx_word' id='word_1_106' title='bbox 535 857 568 885; x_wconf 85' lang='lat' dir='ltr'>ad</span> <span class='ocrx_word' id='word_1_107' title='bbox 588 855 622 885; x_wconf 89' lang='lat' dir='ltr'>L.</span> <span class='ocrx_word' id='word_1_108' title='bbox 644 856 742 885; x_wconf 78' lang='lat' dir='ltr'>Cornel.</span> <span class='ocrx_word' id='word_1_109' title='bbox 764 856 794 885; x_wconf 83' lang='lat' dir='ltr'>de</span> <span class='ocrx_word' id='word_1_110' title='bbox 813 856 938 886; x_wconf 43' lang='lat' dir='ltr'>Sicarf&amp;</span> <span class='ocrx_word' id='word_1_111' title='bbox 952 858 985 886; x_wconf 87' lang='lat' dir='ltr'>de</span> <span class='ocrx_word' id='word_1_112' title='bbox 994 859 1062 887; x_wconf 83' lang='lat' dir='ltr'>Pau-</span> 
     </span>
     <span class='ocr_line' id='line_1_18' title="bbox 198 891 1062 933; baseline 0.008 -15"><span class='ocrx_word' id='word_1_113' title='bbox 198 891 228 918; x_wconf 90' lang='lat' dir='ltr'>lo</span> <span class='ocrx_word' id='word_1_114' title='bbox 251 901 284 920; x_wconf 83' lang='lat' dir='ltr'>ex</span> <span class='ocrx_word' id='word_1_115' title='bbox 312 895 329 921; x_wconf 85' lang='lat' dir='ltr'>l.</span> <span class='ocrx_word' id='word_1_116' title='bbox 356 903 396 922; x_wconf 87' lang='lat'>11.</span> <span class='ocrx_word' id='word_1_117' title='bbox 418 895 457 933; x_wconf 89' lang='lat' dir='ltr'>ff.</span> <span class='ocrx_word' id='word_1_118' title='bbox 480 896 509 922; x_wconf 70' lang='lat' dir='ltr'>&lt;te</span> <span class='ocrx_word' id='word_1_119' title='bbox 536 896 624 924; x_wconf 79' lang='lat' dir='ltr'>Liber.</span> <span class='ocrx_word' id='word_1_120' title='bbox 647 895 683 929; x_wconf 69' lang='lat'>&amp;²</span> <span class='ocrx_word' id='word_1_121' title='bbox 700 894 806 932; x_wconf 69' lang='lat' dir='ltr'>pollina.</span> <span class='ocrx_word' id='word_1_122' title='bbox 847 897 1001 933; x_wconf 72' lang='lat' dir='ltr'>Utriusque</span> <span class='ocrx_word' id='word_1_123' title='bbox 1023 898 1062 925; x_wconf 90' lang='lat' dir='ltr'>lo-</span> 
     </span>
     <span class='ocr_line' id='line_1_19' title="bbox 198 932 1061 970; baseline 0.007 -13"><span class='ocrx_word' id='word_1_124' title='bbox 198 938 261 958; x_wconf 87' lang='lat' dir='ltr'>cum</span> <span class='ocrx_word' id='word_1_125' title='bbox 278 932 398 967; x_wconf 83' lang='lat' dir='ltr'>explicui</span> <span class='ocrx_word' id='word_1_126' title='bbox 421 933 514 970; x_wconf 75' lang='lat' dir='ltr'>Opusc.</span> <span class='ocrx_word' id='word_1_127' title='bbox 539 934 568 962; x_wconf 90' lang='lat' dir='ltr'>C.</span> <span class='ocrx_word' id='word_1_128' title='bbox 589 936 638 962; x_wconf 90' lang='lat' dir='ltr'>IV.</span> <span class='ocrx_word' id='word_1_129' title='bbox 658 941 684 970; x_wconf 85' lang='lat' dir='ltr'>p.</span> <span class='ocrx_word' id='word_1_130' title='bbox 718 942 787 968; x_wconf 82' lang='lat'>170-</span> <span class='ocrx_word' id='word_1_131' title='bbox 801 942 864 969; x_wconf 81' lang='lat'>172.</span> <span class='ocrx_word' id='word_1_132' title='bbox 894 943 945 963; x_wconf 85' lang='lat' dir='ltr'>nec</span> <span class='ocrx_word' id='word_1_133' title='bbox 961 935 994 963; x_wconf 84' lang='lat' dir='ltr'>de</span> <span class='ocrx_word' id='word_1_134' title='bbox 1015 944 1061 963; x_wconf 88' lang='lat' dir='ltr'>eo-</span> 
     </span>
     <span class='ocr_line' id='line_1_20' title="bbox 197 970 1059 1008; baseline 0.008 -13"><span class='ocrx_word' id='word_1_135' title='bbox 197 977 260 996; x_wconf 82' lang='lat' dir='ltr'>-rum</span> <span class='ocrx_word' id='word_1_136' title='bbox 276 970 352 998; x_wconf 84' lang='lat' dir='ltr'>sensu</span> <span class='ocrx_word' id='word_1_137' title='bbox 368 972 517 1008; x_wconf 85' lang='lat' dir='ltr'>quicquam</span> <span class='ocrx_word' id='word_1_138' title='bbox 536 972 662 1001; x_wconf 84' lang='lat' dir='ltr'>videmur</span> <span class='ocrx_word' id='word_1_139' title='bbox 679 973 826 1001; x_wconf 77' lang='lat' dir='ltr'>dissentire.</span> <span class='ocrx_word' id='word_1_140' title='bbox 850 974 933 1001; x_wconf 83' lang='lat' dir='ltr'><strong>Unde</strong></span> <span class='ocrx_word' id='word_1_141' title='bbox 949 975 975 1001; x_wconf 90' lang='lat' dir='ltr'>in</span> <span class='ocrx_word' id='word_1_142' title='bbox 989 974 1059 1003; x_wconf 84' lang='lat' dir='ltr'>Com-</span> 
     </span>
     <span class='ocr_line' id='line_1_21' title="bbox 199 1010 1058 1047; baseline 0.006 -12"><span class='ocrx_word' id='word_1_143' title='bbox 199 1010 325 1035; x_wconf 75' lang='lat' dir='ltr'>mentario</span> <span class='ocrx_word' id='word_1_144' title='bbox 347 1018 411 1038; x_wconf 84' lang='lat' dir='ltr'>mox</span> <span class='ocrx_word' id='word_1_145' title='bbox 435 1010 583 1047; x_wconf 82' lang='lat' dir='ltr'>superdicis</span> <span class='ocrx_word' id='word_1_146' title='bbox 601 1021 607 1039; x_wconf 91' lang='lat'>:</span> <span class='ocrx_word' id='word_1_147' title='bbox 635 1012 747 1038; x_wconf 80' lang='lat' dir='ltr'>occidere</span> <span class='ocrx_word' id='word_1_148' title='bbox 763 1012 855 1039; x_wconf 75' lang='lat' dir='ltr'>licebat</span> <span class='ocrx_word' id='word_1_149' title='bbox 869 1018 927 1039; x_wconf 74' lang='lat' dir='ltr'>ante</span> <span class='ocrx_word' id='word_1_150' title='bbox 943 1013 1058 1040; x_wconf 79' lang='lat' dir='ltr'><em>Alexan-</em></span> 
     </span>
     <span class='ocr_line' id='line_1_22' title="bbox 200 1045 1058 1086; baseline 0.007 -14"><span class='ocrx_word' id='word_1_151' title='bbox 200 1045 243 1073; x_wconf 86' lang='lat' dir='ltr'>dri</span> <span class='ocrx_word' id='word_1_152' title='bbox 257 1046 419 1084; x_wconf 77' lang='lat' dir='ltr'>Rescriptum</span> <span class='ocrx_word' id='word_1_153' title='bbox 437 1070 443 1079; x_wconf 86' lang='grc'>,</span> <span class='ocrx_word' id='word_1_154' title='bbox 469 1047 522 1084; x_wconf 72' lang='lat' dir='ltr'>ptst</span> <span class='ocrx_word' id='word_1_155' title='bbox 545 1059 594 1077; x_wconf 81' lang='lat' dir='ltr'>non</span> <span class='ocrx_word' id='word_1_156' title='bbox 615 1051 716 1077; x_wconf 75' lang='lat' dir='ltr'>licebat.</span> <span class='ocrx_word' id='word_1_157' title='bbox 738 1049 824 1085; x_wconf 87' lang='lat' dir='ltr'>Quod</span> <span class='ocrx_word' id='word_1_158' title='bbox 841 1048 859 1076; x_wconf 87' lang='lat' dir='ltr'><strong>fi</strong></span> <span class='ocrx_word' id='word_1_159' title='bbox 876 1049 922 1082; x_wconf 79' lang='lat' dir='ltr'>sit,</span> <span class='ocrx_word' id='word_1_160' title='bbox 945 1059 992 1077; x_wconf 90' lang='lat' dir='ltr'>cur</span> <span class='ocrx_word' id='word_1_161' title='bbox 1012 1052 1058 1086; x_wconf 82' lang='lat' dir='ltr'>igi-</span> 
     </span>
     <span class='ocr_line' id='line_1_23' title="bbox 199 1084 1060 1124; baseline 0.007 -13"><span class='ocrx_word' id='word_1_162' title='bbox 199 1090 246 1111; x_wconf 91' lang='lat' dir='ltr'>tur</span> <span class='ocrx_word' id='word_1_163' title='bbox 262 1084 402 1118; x_wconf 80' lang='lat' dir='ltr'>defendis,</span> <span class='ocrx_word' id='word_1_164' title='bbox 425 1086 505 1124; x_wconf 77' lang='lat' dir='ltr'>Julio</span> <span class='ocrx_word' id='word_1_165' title='bbox 522 1087 613 1120; x_wconf 81' lang='lat' dir='ltr'>Paulo,</span> <span class='ocrx_word' id='word_1_166' title='bbox 635 1087 660 1115; x_wconf 71' lang='grc' dir='ltr'><strong>ἃ</strong></span> <span class='ocrx_word' id='word_1_167' title='bbox 687 1087 711 1123; x_wconf 82' lang='lat'>§.</span> <span class='ocrx_word' id='word_1_168' title='bbox 728 1088 777 1115; x_wconf 85' lang='lat' dir='ltr'>Ill.</span> <span class='ocrx_word' id='word_1_169' title='bbox 798 1087 872 1123; x_wconf 51' lang='lat' dir='ltr'><em>hujus</em></span> <span class='ocrx_word' id='word_1_170' title='bbox 896 1088 1011 1122; x_wconf 71' lang='lat' dir='ltr'>Liberti,</span> <span class='ocrx_word' id='word_1_171' title='bbox 1031 1090 1060 1117; x_wconf 87' lang='lat' dir='ltr'>li-</span> 
     </span>
     <span class='ocr_line' id='line_1_24' title="bbox 199 1122 1061 1162; baseline 0.007 -13"><span class='ocrx_word' id='word_1_172' title='bbox 199 1122 332 1151; x_wconf 86' lang='lat' dir='ltr'>berorum</span> <span class='ocrx_word' id='word_1_173' title='bbox 353 1125 456 1152; x_wconf 75' lang='lat' dir='ltr'>ccedem</span> <span class='ocrx_word' id='word_1_174' title='bbox 478 1126 579 1154; x_wconf 76' lang='lat' dir='ltr'>licitam</span> <span class='ocrx_word' id='word_1_175' title='bbox 601 1128 800 1162; x_wconf 76' lang='lat' dir='ltr'>impunitamque</span> <span class='ocrx_word' id='word_1_176' title='bbox 827 1125 904 1154; x_wconf 87' lang='lat' dir='ltr'>fuisse</span> <span class='ocrx_word' id='word_1_177' title='bbox 922 1135 1009 1162; x_wconf 84' lang='lat' dir='ltr'>usque</span> <span class='ocrx_word' id='word_1_178' title='bbox 1026 1127 1061 1155; x_wconf 87' lang='lat' dir='ltr'>ad</span> 
     </span>
     <span class='ocr_line' id='line_1_25' title="bbox 196 1161 1061 1198; baseline 0.005 -9"><span class='ocrx_word' id='word_1_179' title='bbox 196 1161 388 1198; x_wconf 86' lang='lat' dir='ltr'>Principatum</span> <span class='ocrx_word' id='word_1_180' title='bbox 416 1163 608 1191; x_wconf 78' lang='lat' dir='ltr'>Valentiniani</span> <span class='ocrx_word' id='word_1_181' title='bbox 625 1185 632 1197; x_wconf 92' lang='lat'>,</span> <span class='ocrx_word' id='word_1_182' title='bbox 661 1164 787 1191; x_wconf 85' lang='lat' dir='ltr'>Valentis</span> <span class='ocrx_word' id='word_1_183' title='bbox 803 1162 828 1191; x_wconf 72' lang='grc' dir='ltr'>ὅ(</span> <span class='ocrx_word' id='word_1_184' title='bbox 845 1164 994 1192; x_wconf 78' lang='lat' dir='ltr'>Gratiani?</span> <span class='ocrx_word' id='word_1_185' title='bbox 1014 1167 1061 1193; x_wconf 90' lang='lat' dir='ltr'>Vi-</span> 
     </span>
     <span class='ocr_line' id='line_1_26' title="bbox 198 1198 1062 1239; baseline 0.003 -12"><span class='ocrx_word' id='word_1_186' title='bbox 198 1198 302 1228; x_wconf 88' lang='lat' dir='ltr'>dentur</span> <span class='ocrx_word' id='word_1_187' title='bbox 314 1201 382 1229; x_wconf 86' lang='lat' dir='ltr'>mihi</span> <span class='ocrx_word' id='word_1_188' title='bbox 400 1202 458 1229; x_wconf 81' lang='lat' dir='ltr'>haec</span> <span class='ocrx_word' id='word_1_189' title='bbox 477 1201 529 1229; x_wconf 86' lang='lat' dir='ltr'>esse</span> <span class='ocrx_word' id='word_1_190' title='bbox 541 1202 694 1239; x_wconf 81' lang='lat' dir='ltr'>pugnantia</span> <span class='ocrx_word' id='word_1_191' title='bbox 707 1222 715 1236; x_wconf 95' lang='lat'>,</span> <span class='ocrx_word' id='word_1_192' title='bbox 743 1201 792 1229; x_wconf 89' lang='lat' dir='ltr'>nifi</span> <span class='ocrx_word' id='word_1_193' title='bbox 815 1203 951 1238; x_wconf 72' lang='lat' dir='ltr'>excipias,</span> <span class='ocrx_word' id='word_1_194' title='bbox 974 1203 1062 1231; x_wconf 81' lang='lat' dir='ltr'>infan-</span> 
     </span>
     <span class='ocr_line' id='line_1_27' title="bbox 200 1238 1060 1274; baseline 0.005 -9"><span class='ocrx_word' id='word_1_195' title='bbox 200 1244 242 1266; x_wconf 89' lang='lat' dir='ltr'>tes</span> <span class='ocrx_word' id='word_1_196' title='bbox 259 1238 362 1267; x_wconf 82' lang='lat' dir='ltr'>licuisse</span> <span class='ocrx_word' id='word_1_197' title='bbox 386 1239 515 1268; x_wconf 85' lang='lat' dir='ltr'>occidere</span> <span class='ocrx_word' id='word_1_198' title='bbox 535 1262 542 1274; x_wconf 84' lang='lat'>‚</span> <span class='ocrx_word' id='word_1_199' title='bbox 579 1240 689 1268; x_wconf 85' lang='lat' dir='ltr'>adultos</span> <span class='ocrx_word' id='word_1_200' title='bbox 712 1248 770 1267; x_wconf 90' lang='lat' dir='ltr'>non</span> <span class='ocrx_word' id='word_1_201' title='bbox 785 1241 878 1267; x_wconf 88' lang='lat' dir='ltr'>etiam.</span> <span class='ocrx_word' id='word_1_202' title='bbox 919 1240 974 1268; x_wconf 86' lang='lat' dir='ltr'>Sed</span> <span class='ocrx_word' id='word_1_203' title='bbox 988 1242 1060 1269; x_wconf 81' lang='lat' dir='ltr'>hanc</span> 
     </span>
     <span class='ocr_line' id='line_1_28' title="bbox 197 1277 1060 1315; baseline 0.002 -11"><span class='ocrx_word' id='word_1_204' title='bbox 197 1277 394 1312; x_wconf 84' lang='lat' dir='ltr'>exceptionem</span> <span class='ocrx_word' id='word_1_205' title='bbox 424 1278 503 1315; x_wconf 87' lang='lat' dir='ltr'>supra</span> <span class='ocrx_word' id='word_1_206' title='bbox 523 1279 633 1313; x_wconf 83' lang='lat' dir='ltr'>rejeci,</span> <span class='ocrx_word' id='word_1_207' title='bbox 664 1278 688 1306; x_wconf 69' lang='grc' dir='ltr'>ὅτ.</span> <span class='ocrx_word' id='word_1_208' title='bbox 715 1285 800 1313; x_wconf 82' lang='lat' dir='ltr'>porro</span> <span class='ocrx_word' id='word_1_209' title='bbox 822 1278 944 1311; x_wconf 78' lang='lat' dir='ltr'>rejiciam</span> <span class='ocrx_word' id='word_1_210' title='bbox 970 1279 1004 1305; x_wconf 84' lang='lat' dir='ltr'>ad</span> <span class='ocrx_word' id='word_1_211' title='bbox 1036 1279 1060 1315; x_wconf 69' lang='lat'>§.</span> 
     </span>
     <span class='ocr_line' id='line_1_29' title="bbox 197 1315 1051 1352; baseline 0.001 -9"><span class='ocrx_word' id='word_1_212' title='bbox 197 1315 306 1344; x_wconf 87' lang='lat' dir='ltr'>XXVI.</span> <span class='ocrx_word' id='word_1_213' title='bbox 347 1316 392 1344; x_wconf 90' lang='lat' dir='ltr'>De</span> <span class='ocrx_word' id='word_1_214' title='bbox 413 1325 444 1344; x_wconf 83' lang='lat' dir='ltr'>ea</span> <span class='ocrx_word' id='word_1_215' title='bbox 471 1318 638 1352; x_wconf 85' lang='lat' dir='ltr'>exceptione</span> <span class='ocrx_word' id='word_1_216' title='bbox 658 1315 727 1344; x_wconf 85' lang='lat' dir='ltr'>nihil</span> <span class='ocrx_word' id='word_1_217' title='bbox 760 1323 874 1351; x_wconf 88' lang='lat' dir='ltr'>quoque</span> <span class='ocrx_word' id='word_1_218' title='bbox 895 1315 973 1343; x_wconf 84' lang='lat' dir='ltr'>estin</span> <span class='ocrx_word' id='word_1_219' title='bbox 991 1316 1051 1345; x_wconf 85' lang='lat' dir='ltr'>Com</span> 
     </span>
     <span class='ocr_line' id='line_1_30' title="bbox 198 1353 1061 1390; baseline 0.003 -10"><span class='ocrx_word' id='word_1_220' title='bbox 198 1355 339 1387; x_wconf 78' lang='lat' dir='ltr'>memario,</span> <span class='ocrx_word' id='word_1_221' title='bbox 361 1363 457 1382; x_wconf 86' lang='lat' dir='ltr'>verum</span> <span class='ocrx_word' id='word_1_222' title='bbox 475 1356 513 1382; x_wconf 83' lang='lat' dir='ltr'>ibi</span> <span class='ocrx_word' id='word_1_223' title='bbox 530 1355 610 1382; x_wconf 87' lang='lat' dir='ltr'>aliam</span> <span class='ocrx_word' id='word_1_224' title='bbox 636 1354 729 1381; x_wconf 83' lang='lat' dir='ltr'>habes.</span> <span class='ocrx_word' id='word_1_225' title='bbox 774 1353 882 1380; x_wconf 81' lang='lat' dir='ltr'>Primus</span> <span class='ocrx_word' id='word_1_226' title='bbox 896 1355 997 1390; x_wconf 76' lang='lat' dir='ltr'>igitur,</span> <span class='ocrx_word' id='word_1_227' title='bbox 1019 1355 1061 1383; x_wconf 86' lang='lat' dir='ltr'>in-</span> 
     </span>
     <span class='ocr_line' id='line_1_31' title="bbox 200 1391 1061 1428; baseline 0.001 -8"><span class='ocrx_word' id='word_1_228' title='bbox 200 1393 277 1427; x_wconf 76' lang='lat' dir='ltr'>quis,</span> <span class='ocrx_word' id='word_1_229' title='bbox 299 1394 384 1420; x_wconf 75' lang='lat' dir='ltr'>vetuit</span> <span class='ocrx_word' id='word_1_230' title='bbox 400 1392 567 1423; x_wconf 74' lang='lat' dir='ltr'>Alexander,</span> <span class='ocrx_word' id='word_1_231' title='bbox 581 1391 672 1427; x_wconf 80' lang='lat' dir='ltr'>filium</span> <span class='ocrx_word' id='word_1_232' title='bbox 689 1396 784 1427; x_wconf 73' lang='lat' dir='ltr'>apotre</span> <span class='ocrx_word' id='word_1_233' title='bbox 803 1391 886 1418; x_wconf 80' lang='lat' dir='ltr'>occidi</span> <span class='ocrx_word' id='word_1_234' title='bbox 902 1393 1061 1428; x_wconf 72' lang='lat' dir='ltr'>inauditum,</span> 
     </span>
     <span class='ocr_line' id='line_1_32' title="bbox 199 1428 1058 1467; baseline 0 -9"><span class='ocrx_word' id='word_1_235' title='bbox 199 1440 246 1458; x_wconf 79' lang='lat' dir='ltr'>¹nec</span> <span class='ocrx_word' id='word_1_236' title='bbox 272 1437 356 1458; x_wconf 77' lang='lat' dir='ltr'>tamen</span> <span class='ocrx_word' id='word_1_237' title='bbox 369 1452 376 1461; x_wconf 90' lang='lat'>,</span> <span class='ocrx_word' id='word_1_238' title='bbox 396 1430 423 1466; x_wconf 87' lang='lat' dir='ltr'><em>fi</em></span> <span class='ocrx_word' id='word_1_239' title='bbox 444 1437 531 1458; x_wconf 79' lang='lat' dir='ltr'>contra</span> <span class='ocrx_word' id='word_1_240' title='bbox 543 1430 648 1467; x_wconf 66' lang='lat' dir='ltr'>sallum</span> <span class='ocrx_word' id='word_1_241' title='bbox 666 1429 718 1466; x_wconf 75' lang='lat' dir='ltr'>stt,</span> <span class='ocrx_word' id='word_1_242' title='bbox 740 1435 834 1457; x_wconf 82' lang='lat' dir='ltr'>certam</span> <span class='ocrx_word' id='word_1_243' title='bbox 845 1428 929 1467; x_wconf 75' lang='lat' dir='ltr'>posuit</span> <span class='ocrx_word' id='word_1_244' title='bbox 939 1437 1037 1467; x_wconf 66' lang='lat' dir='ltr'>pronam</span> <span class='ocrx_word' id='word_1_245' title='bbox 1052 1453 1058 1464; x_wconf 92' lang='lat'>,</span> 
     </span>
     <span class='ocr_line' id='line_1_33' title="bbox 201 1468 1061 1507; baseline 0.002 -11"><span class='ocrx_word' id='word_1_246' title='bbox 201 1478 252 1505; x_wconf 78' lang='lat' dir='ltr'>quo</span> <span class='ocrx_word' id='word_1_247' title='bbox 265 1470 343 1496; x_wconf 76' lang='lat' dir='ltr'>vellet</span> <span class='ocrx_word' id='word_1_248' title='bbox 354 1474 453 1504; x_wconf 75' lang='lat' dir='ltr'>patrem</span> <span class='ocrx_word' id='word_1_249' title='bbox 464 1470 589 1502; x_wconf 65' lang='lat' dir='ltr'>coerceri,</span> <span class='ocrx_word' id='word_1_250' title='bbox 610 1477 663 1504; x_wconf 78' lang='lat' dir='ltr'>quce</span> <span class='ocrx_word' id='word_1_251' title='bbox 677 1469 744 1496; x_wconf 85' lang='lat' dir='ltr'>enim</span> <span class='ocrx_word' id='word_1_252' title='bbox 759 1474 863 1504; x_wconf 69' lang='lat' dir='ltr'>apparet</span> <span class='ocrx_word' id='word_1_253' title='bbox 878 1470 906 1496; x_wconf 85' lang='lat' dir='ltr'>in</span> <span class='ocrx_word' id='word_1_254' title='bbox 916 1468 1061 1507; x_wconf 67' lang='lat' dir='ltr'>Rescripta?</span> 
     </span>
     <span class='ocr_line' id='line_1_34' title="bbox 199 1505 1060 1545; baseline 0.002 -11"><span class='ocrx_word' id='word_1_255' title='bbox 199 1508 281 1535; x_wconf 74' lang='grc' dir='ltr'><em>ηαίία.</em></span> <span class='ocrx_word' id='word_1_256' title='bbox 322 1506 412 1542; x_wconf 77' lang='lat' dir='ltr'>Igitur</span> <span class='ocrx_word' id='word_1_257' title='bbox 424 1515 449 1534; x_wconf 85' lang='lat' dir='ltr'>eo</span> <span class='ocrx_word' id='word_1_258' title='bbox 464 1505 628 1543; x_wconf 74' lang='lat' dir='ltr'>constitutam</span> <span class='ocrx_word' id='word_1_259' title='bbox 644 1508 715 1543; x_wconf 74' lang='lat' dir='ltr'>patri</span> <span class='ocrx_word' id='word_1_260' title='bbox 731 1505 780 1544; x_wconf 83' lang='lat' dir='ltr'>effe</span> <span class='ocrx_word' id='word_1_261' title='bbox 795 1508 827 1534; x_wconf 79' lang='lat' dir='ltr'>ab</span> <span class='ocrx_word' id='word_1_262' title='bbox 849 1507 1000 1535; x_wconf 82' lang='lat' dir='ltr'>Alexandro</span> <span class='ocrx_word' id='word_1_263' title='bbox 1013 1516 1060 1545; x_wconf 57' lang='grc' dir='ltr'>[κε’</span> 
     </span>
     <span class='ocr_line' id='line_1_35' title="bbox 200 1543 1061 1585; baseline 0.002 -13"><span class='ocrx_word' id='word_1_264' title='bbox 200 1554 261 1572; x_wconf 78' lang='lat' dir='ltr'>nam</span> <span class='ocrx_word' id='word_1_265' title='bbox 274 1566 280 1577; x_wconf 89' lang='lat'>,</span> <span class='ocrx_word' id='word_1_266' title='bbox 300 1554 349 1572; x_wconf 81' lang='lat' dir='ltr'>non</span> <span class='ocrx_word' id='word_1_267' title='bbox 370 1543 497 1580; x_wconf 81' lang='lat' dir='ltr'>existimo.</span> <span class='ocrx_word' id='word_1_268' title='bbox 537 1545 631 1573; x_wconf 79' lang='lat' dir='ltr'>Contra</span> <span class='ocrx_word' id='word_1_269' title='bbox 649 1545 715 1573; x_wconf 79' lang='lat' dir='ltr'>mihi</span> <span class='ocrx_word' id='word_1_270' title='bbox 733 1543 887 1582; x_wconf 74' lang='lat' dir='ltr'>persuadeo,</span> <span class='ocrx_word' id='word_1_271' title='bbox 915 1547 943 1573; x_wconf 82' lang='lat' dir='ltr'>z&#39;n</span> <span class='ocrx_word' id='word_1_272' title='bbox 964 1556 990 1573; x_wconf 85' lang='lat' dir='ltr'>eo</span> <span class='ocrx_word' id='word_1_273' title='bbox 1011 1546 1061 1585; x_wconf 79' lang='lat' dir='ltr'>effe</span> 
     </span>
     <span class='ocr_line' id='line_1_36' title="bbox 198 1582 1058 1621; baseline 0.001 -10"><span class='ocrx_word' id='word_1_274' title='bbox 198 1584 343 1619; x_wconf 72' lang='lat' dir='ltr'>exemplum</span> <span class='ocrx_word' id='word_1_275' title='bbox 365 1582 448 1620; x_wconf 84' lang='lat' dir='ltr'>Legis</span> <span class='ocrx_word' id='word_1_276' title='bbox 468 1583 621 1621; x_wconf 68' lang='lat' dir='ltr'>imperfet&#39;lae</span> <span class='ocrx_word' id='word_1_277' title='bbox 642 1604 650 1617; x_wconf 95' lang='lat'>,</span> <span class='ocrx_word' id='word_1_278' title='bbox 670 1583 754 1621; x_wconf 76' lang='lat' dir='ltr'>solitae</span> <span class='ocrx_word' id='word_1_279' title='bbox 781 1583 879 1619; x_wconf 77' lang='lat' dir='ltr'>quidem</span> <span class='ocrx_word' id='word_1_280' title='bbox 906 1585 1036 1619; x_wconf 81' lang='lat' dir='ltr'>prohibere</span> <span class='ocrx_word' id='word_1_281' title='bbox 1051 1607 1058 1618; x_wconf 86' lang='lat'>‚</span> 
     </span>
     <span class='ocr_line' id='line_1_37' title="bbox 192 1621 1061 1660; baseline 0.003 -12"><span class='ocrx_word' id='word_1_282' title='bbox 192 1621 241 1660; x_wconf 79' lang='lat' dir='ltr'>sed</span> <span class='ocrx_word' id='word_1_283' title='bbox 255 1631 305 1649; x_wconf 80' lang='lat' dir='ltr'>non</span> <span class='ocrx_word' id='word_1_284' title='bbox 316 1623 418 1656; x_wconf 76' lang='lat' dir='ltr'>punire.</span> <span class='ocrx_word' id='word_1_285' title='bbox 457 1621 521 1650; x_wconf 85' lang='lat' dir='ltr'>Filii</span> <span class='ocrx_word' id='word_1_286' title='bbox 532 1628 617 1650; x_wconf 78' lang='lat' dir='ltr'>autem</span> <span class='ocrx_word' id='word_1_287' title='bbox 631 1623 722 1651; x_wconf 80' lang='lat' dir='ltr'>caedem</span> <span class='ocrx_word' id='word_1_288' title='bbox 743 1631 758 1650; x_wconf 87' lang='lat' dir='ltr'>a</span> <span class='ocrx_word' id='word_1_289' title='bbox 770 1627 845 1657; x_wconf 72' lang='lat' dir='ltr'>parre</span> <span class='ocrx_word' id='word_1_290' title='bbox 859 1621 994 1660; x_wconf 76' lang='lat' dir='ltr'>odmzffom</span> <span class='ocrx_word' id='word_1_291' title='bbox 1007 1625 1061 1660; x_wconf 85' lang='lat' dir='ltr'>pri-</span> 
     </span>
     <span class='ocr_line' id='line_1_38' title="bbox 199 1659 1063 1698; baseline 0.002 -10"><span class='ocrx_word' id='word_1_292' title='bbox 199 1669 271 1688; x_wconf 86' lang='lat' dir='ltr'>mum</span> <span class='ocrx_word' id='word_1_293' title='bbox 293 1659 342 1698; x_wconf 70' lang='lat' dir='ltr'>effi³</span> <span class='ocrx_word' id='word_1_294' title='bbox 360 1661 480 1696; x_wconf 81' lang='lat' dir='ltr'>punitam</span> <span class='ocrx_word' id='word_1_295' title='bbox 502 1670 518 1688; x_wconf 81' lang='lat' dir='ltr'>a</span> <span class='ocrx_word' id='word_1_296' title='bbox 544 1659 707 1697; x_wconf 69' lang='lat' dir='ltr'>Constantino</span> <span class='ocrx_word' id='word_1_297' title='bbox 735 1661 752 1688; x_wconf 90' lang='lat' dir='ltr'>l.</span> <span class='ocrx_word' id='word_1_298' title='bbox 776 1669 819 1688; x_wconf 77' lang='lat' dir='ltr'>zm.</span> <span class='ocrx_word' id='word_1_299' title='bbox 841 1660 870 1688; x_wconf 88' lang='lat' dir='ltr'>C.</span> <span class='ocrx_word' id='word_1_300' title='bbox 892 1660 922 1688; x_wconf 81' lang='lat' dir='ltr'>de</span> <span class='ocrx_word' id='word_1_301' title='bbox 942 1661 998 1689; x_wconf 77' lang='lat' dir='ltr'>His</span> <span class='ocrx_word' id='word_1_302' title='bbox 1019 1664 1063 1698; x_wconf 84' lang='lat' dir='ltr'>qui</span> 
     </span>
     <span class='ocr_line' id='line_1_39' title="bbox 199 1698 1063 1735; baseline 0.002 -9"><span class='ocrx_word' id='word_1_303' title='bbox 199 1704 300 1735; x_wconf 69' lang='lat' dir='ltr'>parent.</span> <span class='ocrx_word' id='word_1_304' title='bbox 334 1699 376 1726; x_wconf 87' lang='lat' dir='ltr'>vel</span> <span class='ocrx_word' id='word_1_305' title='bbox 404 1699 476 1726; x_wconf 80' lang='lat' dir='ltr'>liber.</span> <span class='ocrx_word' id='word_1_306' title='bbox 503 1699 566 1727; x_wconf 79' lang='lat' dir='ltr'>mihi</span> <span class='ocrx_word' id='word_1_307' title='bbox 593 1700 680 1727; x_wconf 84' lang='lat' dir='ltr'>verius</span> <span class='ocrx_word' id='word_1_308' title='bbox 709 1698 823 1727; x_wconf 77' lang='lat' dir='ltr'>videtur.</span> <span class='ocrx_word' id='word_1_309' title='bbox 871 1698 899 1727; x_wconf 92' lang='lat' dir='ltr'>Si</span> <span class='ocrx_word' id='word_1_310' title='bbox 914 1713 928 1731; x_wconf 61' lang='lat'>‚&gt;</span> <span class='ocrx_word' id='word_1_311' title='bbox 943 1708 1002 1735; x_wconf 59' lang='lat' dir='ltr'>quae</span> <span class='ocrx_word' id='word_1_312' title='bbox 1018 1702 1063 1728; x_wconf 84' lang='lat' dir='ltr'>bic</span> 
     </span>
     <span class='ocr_line' id='line_1_40' title="bbox 201 1736 1064 1774; baseline 0.001 -9"><span class='ocrx_word' id='word_1_313' title='bbox 201 1737 314 1768; x_wconf 86' lang='lat' dir='ltr'>scribis.</span> <span class='ocrx_word' id='word_1_314' title='bbox 337 1737 431 1765; x_wconf 87' lang='lat' dir='ltr'>omnia</span> <span class='ocrx_word' id='word_1_315' title='bbox 446 1737 639 1773; x_wconf 83' lang='lat' dir='ltr'>agnoscerem,</span> <span class='ocrx_word' id='word_1_316' title='bbox 666 1738 763 1774; x_wconf 91' lang='lat' dir='ltr'>utique</span> <span class='ocrx_word' id='word_1_317' title='bbox 787 1745 820 1764; x_wconf 83' lang='lat' dir='ltr'>ex</span> <span class='ocrx_word' id='word_1_318' title='bbox 834 1736 876 1764; x_wconf 88' lang='lat' dir='ltr'>his</span> <span class='ocrx_word' id='word_1_319' title='bbox 892 1737 1064 1773; x_wconf 81' lang='lat' dir='ltr'>sequeretur,</span> 
     </span>
     <span class='ocr_line' id='line_1_41' title="bbox 200 1774 1065 1812; baseline 0.002 -9"><span class='ocrx_word' id='word_1_320' title='bbox 200 1775 356 1803; x_wconf 82' lang='lat' dir='ltr'>liberorum</span> <span class='ocrx_word' id='word_1_321' title='bbox 378 1774 481 1803; x_wconf 85' lang='lat' dir='ltr'>caedem</span> <span class='ocrx_word' id='word_1_322' title='bbox 503 1796 512 1810; x_wconf 89' lang='lat'>‚</span> <span class='ocrx_word' id='word_1_323' title='bbox 540 1782 616 1805; x_wconf 84' lang='lat' dir='ltr'>utut</span> <span class='ocrx_word' id='word_1_324' title='bbox 634 1777 815 1812; x_wconf 83' lang='lat' dir='ltr'>impunitam,</span> <span class='ocrx_word' id='word_1_325' title='bbox 835 1776 955 1803; x_wconf 74' lang='lat' dir='ltr'>illicitam</span> <span class='ocrx_word' id='word_1_326' title='bbox 972 1783 1065 1805; x_wconf 88' lang='lat' dir='ltr'>tamen</span> 
     </span>
     <span class='ocr_line' id='line_1_42' title="bbox 202 1813 1065 1850; baseline 0.003 -9"><span class='ocrx_word' id='word_1_327' title='bbox 202 1813 282 1842; x_wconf 74' lang='lat' dir='ltr'>fuisse</span> <span class='ocrx_word' id='word_1_328' title='bbox 301 1820 365 1842; x_wconf 89' lang='lat' dir='ltr'>ante</span> <span class='ocrx_word' id='word_1_329' title='bbox 379 1814 626 1847; x_wconf 83' lang='lat' dir='ltr'>Valentinianum,</span> <span class='ocrx_word' id='word_1_330' title='bbox 641 1815 718 1850; x_wconf 89' lang='lat' dir='ltr'>quod</span> <span class='ocrx_word' id='word_1_331' title='bbox 735 1821 765 1842; x_wconf 90' lang='lat' dir='ltr'>tu</span> <span class='ocrx_word' id='word_1_332' title='bbox 782 1813 884 1849; x_wconf 81' lang='lat' dir='ltr'>negasti</span> <span class='ocrx_word' id='word_1_333' title='bbox 895 1817 1030 1849; x_wconf 75' lang='lat' dir='ltr'>‚punimm</span> <span class='ocrx_word' id='word_1_334' title='bbox 1050 1825 1065 1844; x_wconf 87' lang='lat' dir='ltr'>a</span> 
     </span>
     <span class='ocr_line' id='line_1_43' title="bbox 201 1851 1064 1890; baseline 0.003 -10"><span class='ocrx_word' id='word_1_335' title='bbox 201 1851 408 1883; x_wconf 80' lang='lat' dir='ltr'>Constantino,</span> <span class='ocrx_word' id='word_1_336' title='bbox 434 1853 480 1880; x_wconf 89' lang='lat' dir='ltr'>din</span> <span class='ocrx_word' id='word_1_337' title='bbox 497 1858 560 1880; x_wconf 82' lang='lat' dir='ltr'>ante</span> <span class='ocrx_word' id='word_1_338' title='bbox 572 1853 800 1882; x_wconf 83' lang='lat' dir='ltr'>Valentinianum</span> <span class='ocrx_word' id='word_1_339' title='bbox 812 1874 819 1885; x_wconf 97' lang='lat'>,</span> <span class='ocrx_word' id='word_1_340' title='bbox 842 1852 918 1887; x_wconf 87' lang='lat' dir='ltr'>quod</span> <span class='ocrx_word' id='word_1_341' title='bbox 936 1852 960 1880; x_wconf 71' lang='grc' dir='ltr'>δι</span> <span class='ocrx_word' id='word_1_342' title='bbox 977 1854 1064 1890; x_wconf 85' lang='lat' dir='ltr'>ipsum</span> 
     </span>
     <span class='ocr_line' id='line_1_44' title="bbox 202 1890 1064 1929; baseline 0.001 -10"><span class='ocrx_word' id='word_1_343' title='bbox 202 1897 234 1919; x_wconf 83' lang='lat' dir='ltr'>tu</span> <span class='ocrx_word' id='word_1_344' title='bbox 248 1890 371 1927; x_wconf 83' lang='lat' dir='ltr'>negasti,</span> <span class='ocrx_word' id='word_1_345' title='bbox 391 1890 471 1929; x_wconf 79' lang='lat' dir='ltr'>Julio</span> <span class='ocrx_word' id='word_1_346' title='bbox 496 1891 589 1919; x_wconf 79' lang='lat' dir='ltr'>Paulo.</span> <span class='ocrx_word' id='word_1_347' title='bbox 625 1891 681 1919; x_wconf 88' lang='lat' dir='ltr'>Sed</span> <span class='ocrx_word' id='word_1_348' title='bbox 698 1892 788 1918; x_wconf 85' lang='lat' dir='ltr'>minus</span> <span class='ocrx_word' id='word_1_349' title='bbox 808 1890 878 1918; x_wconf 63' lang='lat' dir='ltr'>reete</span> <span class='ocrx_word' id='word_1_350' title='bbox 895 1891 1003 1926; x_wconf 80' lang='lat' dir='ltr'>censes,</span> <span class='ocrx_word' id='word_1_351' title='bbox 1028 1893 1064 1920; x_wconf 86' lang='lat' dir='ltr'>le-</span> 
     </span>
     <span class='ocr_line' id='line_1_45' title="bbox 203 1927 1065 1966; baseline 0.002 -9"><span class='ocrx_word' id='word_1_352' title='bbox 203 1938 251 1965; x_wconf 85' lang='lat' dir='ltr'>ges</span> <span class='ocrx_word' id='word_1_353' title='bbox 268 1928 439 1964; x_wconf 65' lang='lat' dir='ltr'>imperfectas</span> <span class='ocrx_word' id='word_1_354' title='bbox 460 1930 574 1965; x_wconf 88' lang='lat' dir='ltr'>impune</span> <span class='ocrx_word' id='word_1_355' title='bbox 597 1928 675 1958; x_wconf 86' lang='lat' dir='ltr'>fuisse</span> <span class='ocrx_word' id='word_1_356' title='bbox 696 1929 831 1966; x_wconf 64' lang='lat' dir='ltr'>neglectas</span> <span class='ocrx_word' id='word_1_357' title='bbox 847 1927 872 1955; x_wconf 81' lang='lat'>&amp;</span> <span class='ocrx_word' id='word_1_358' title='bbox 887 1928 984 1958; x_wconf 80' lang='lat' dir='ltr'>clusas.</span> <span class='ocrx_word' id='word_1_359' title='bbox 1007 1932 1065 1960; x_wconf 85' lang='lat' dir='ltr'>Ubi</span> 
     </span>
     <span class='ocr_line' id='line_1_46' title="bbox 204 1965 1064 2004; baseline 0 -8"><span class='ocrx_word' id='word_1_360' title='bbox 204 1968 282 1996; x_wconf 68' lang='lat' dir='ltr'>deest</span> <span class='ocrx_word' id='word_1_361' title='bbox 299 1968 417 1998; x_wconf 65' lang='lat' dir='ltr'>sanctio.</span> <span class='ocrx_word' id='word_1_362' title='bbox 440 1976 500 2004; x_wconf 84' lang='lat' dir='ltr'>quae</span> <span class='ocrx_word' id='word_1_363' title='bbox 515 1976 626 2004; x_wconf 83' lang='lat' dir='ltr'>poenam</span> <span class='ocrx_word' id='word_1_364' title='bbox 643 1968 738 1996; x_wconf 80' lang='lat' dir='ltr'>desinit</span> <span class='ocrx_word' id='word_1_365' title='bbox 753 1990 759 2001; x_wconf 84' lang='lat'>‚</span> <span class='ocrx_word' id='word_1_366' title='bbox 782 1965 904 1996; x_wconf 82' lang='lat' dir='ltr'>succedit</span> <span class='ocrx_word' id='word_1_367' title='bbox 923 1976 1004 2004; x_wconf 81' lang='lat' dir='ltr'>poena</span> <span class='ocrx_word' id='word_1_368' title='bbox 1020 1978 1064 1998; x_wconf 79' lang='lat' dir='ltr'>ex-</span> 
     </span>
     <span class='ocr_line' id='line_1_47' title="bbox 203 2006 1067 2043; baseline 0.002 -9"><span class='ocrx_word' id='word_1_369' title='bbox 203 2006 390 2035; x_wconf 80' lang='lat' dir='ltr'>traordinaria</span> <span class='ocrx_word' id='word_1_370' title='bbox 407 2006 432 2034; x_wconf 66' lang='grc' dir='ltr'>ὃς</span> <span class='ocrx_word' id='word_1_371' title='bbox 448 2006 607 2039; x_wconf 81' lang='lat' dir='ltr'>arbitraria,</span> <span class='ocrx_word' id='word_1_372' title='bbox 630 2013 660 2034; x_wconf 91' lang='lat' dir='ltr'>ut</span> <span class='ocrx_word' id='word_1_373' title='bbox 676 2007 702 2034; x_wconf 92' lang='lat' dir='ltr'>in</span> <span class='ocrx_word' id='word_1_374' title='bbox 719 2007 795 2043; x_wconf 82' lang='lat' dir='ltr'>Lege</span> <span class='ocrx_word' id='word_1_375' title='bbox 812 2006 928 2039; x_wconf 84' lang='lat' dir='ltr'>Cincia,</span> <span class='ocrx_word' id='word_1_376' title='bbox 949 2009 1067 2042; x_wconf 87' lang='lat' dir='ltr'>quaeim-</span> 
     </span>
     <span class='ocr_line' id='line_1_48' title="bbox 202 2043 1067 2081; baseline 0.003 -9"><span class='ocrx_word' id='word_1_377' title='bbox 202 2044 324 2081; x_wconf 67' lang='lat' dir='ltr'>perfefta</span> <span class='ocrx_word' id='word_1_378' title='bbox 347 2044 399 2072; x_wconf 88' lang='lat' dir='ltr'>fuit</span> <span class='ocrx_word' id='word_1_379' title='bbox 415 2065 424 2078; x_wconf 92' lang='lat'>‚</span> <span class='ocrx_word' id='word_1_380' title='bbox 454 2044 615 2073; x_wconf 78' lang='lat' dir='ltr'>observavit</span> <span class='ocrx_word' id='word_1_381' title='bbox 636 2045 814 2073; x_wconf 76' lang='lat' dir='ltr'>Brummerus</span> <span class='ocrx_word' id='word_1_382' title='bbox 840 2043 874 2072; x_wconf 79' lang='lat' dir='ltr'>ad</span> <span class='ocrx_word' id='word_1_383' title='bbox 894 2043 927 2071; x_wconf 90' lang='lat' dir='ltr'>L.</span> <span class='ocrx_word' id='word_1_384' title='bbox 951 2045 1067 2075; x_wconf 82' lang='lat' dir='ltr'>Cinciam</span> 
     </span>
     <span class='ocr_line' id='line_1_49' title="bbox 202 2081 1068 2117; baseline 0.003 -7"><span class='ocrx_word' id='word_1_385' title='bbox 202 2082 235 2110; x_wconf 87' lang='lat' dir='ltr'>C.</span> <span class='ocrx_word' id='word_1_386' title='bbox 256 2083 305 2111; x_wconf 86' lang='lat'>111.</span> <span class='ocrx_word' id='word_1_387' title='bbox 324 2083 389 2117; x_wconf 62' lang='lat' dir='ltr'>&gt;quis</span> <span class='ocrx_word' id='word_1_388' title='bbox 403 2083 526 2116; x_wconf 84' lang='lat' dir='ltr'>alioquin</span> <span class='ocrx_word' id='word_1_389' title='bbox 544 2092 599 2110; x_wconf 91' lang='lat' dir='ltr'>non</span> <span class='ocrx_word' id='word_1_390' title='bbox 611 2082 731 2111; x_wconf 85' lang='lat' dir='ltr'>ludibrio</span> <span class='ocrx_word' id='word_1_391' title='bbox 748 2084 851 2112; x_wconf 82' lang='lat' dir='ltr'>habeat</span> <span class='ocrx_word' id='word_1_392' title='bbox 864 2081 1068 2116; x_wconf 74' lang='lat' dir='ltr'>legislatorem?</span> 
     </span>
     <span class='ocr_line' id='line_1_50' title="bbox 205 2119 1067 2156; baseline 0.002 -7"><span class='ocrx_word' id='word_1_393' title='bbox 205 2121 310 2153; x_wconf 86' lang='lat' dir='ltr'>miror,</span> <span class='ocrx_word' id='word_1_394' title='bbox 341 2127 367 2147; x_wconf 83' lang='lat' dir='ltr'>te</span> <span class='ocrx_word' id='word_1_395' title='bbox 391 2121 445 2148; x_wconf 89' lang='lat' dir='ltr'>boc</span> <span class='ocrx_word' id='word_1_396' title='bbox 465 2119 576 2156; x_wconf 75' lang='lat' dir='ltr'>fugisse.</span> <span class='ocrx_word' id='word_1_397' title='bbox 602 2129 663 2148; x_wconf 87' lang='lat' dir='ltr'>cum</span> <span class='ocrx_word' id='word_1_398' title='bbox 679 2122 804 2156; x_wconf 75' lang='lat' dir='ltr'>de.Lege</span> <span class='ocrx_word' id='word_1_399' title='bbox 824 2120 980 2156; x_wconf 68' lang='lat' dir='ltr'>imperfecta</span> <span class='ocrx_word' id='word_1_400' title='bbox 997 2131 1030 2150; x_wconf 79' lang='lat' dir='ltr'>ex</span> <span class='ocrx_word' id='word_1_401' title='bbox 1048 2124 1067 2151; x_wconf 88' lang='lat' dir='ltr'>i-</span> 
     </span>
     <span class='ocr_line' id='line_1_51' title="bbox 207 2157 1067 2195; baseline 0.005 -9"><span class='ocrx_word' id='word_1_402' title='bbox 207 2160 258 2195; x_wconf 88' lang='lat' dir='ltr'>pso</span> <span class='ocrx_word' id='word_1_403' title='bbox 274 2160 438 2186; x_wconf 84' lang='lat' dir='ltr'>ssrummero</span> <span class='ocrx_word' id='word_1_404' title='bbox 455 2160 543 2193; x_wconf 77' lang='lat' dir='ltr'>egeris</span> <span class='ocrx_word' id='word_1_405' title='bbox 560 2159 744 2187; x_wconf 76' lang='lat' dir='ltr'>Commentario</span> <span class='ocrx_word' id='word_1_406' title='bbox 765 2159 798 2187; x_wconf 87' lang='lat' dir='ltr'>ad</span> <span class='ocrx_word' id='word_1_407' title='bbox 823 2158 876 2187; x_wconf 80' lang='lat' dir='ltr'>Tit.</span> <span class='ocrx_word' id='word_1_408' title='bbox 897 2157 928 2185; x_wconf 84' lang='lat' dir='ltr'>de</span> <span class='ocrx_word' id='word_1_409' title='bbox 947 2158 1009 2188; x_wconf 90' lang='lat' dir='ltr'>LL.</span> <span class='ocrx_word' id='word_1_410' title='bbox 1030 2161 1067 2190; x_wconf 87' lang='lat' dir='ltr'>Et</span> 
     </span>
     <span class='ocr_line' id='line_1_52' title="bbox 206 2196 1066 2234; baseline 0.003 -10"><span class='ocrx_word' id='word_1_411' title='bbox 206 2198 264 2225; x_wconf 87' lang='lat' dir='ltr'>hoc</span> <span class='ocrx_word' id='word_1_412' title='bbox 279 2196 334 2229; x_wconf 85' lang='lat' dir='ltr'>est,</span> <span class='ocrx_word' id='word_1_413' title='bbox 363 2196 438 2232; x_wconf 87' lang='lat' dir='ltr'>quod</span> <span class='ocrx_word' id='word_1_414' title='bbox 465 2197 531 2232; x_wconf 76' lang='lat' dir='ltr'>saepe</span> <span class='ocrx_word' id='word_1_415' title='bbox 547 2198 660 2231; x_wconf 88' lang='lat' dir='ltr'>monui,</span> <span class='ocrx_word' id='word_1_416' title='bbox 682 2204 774 2234; x_wconf 81' lang='lat' dir='ltr'>patres</span> <span class='ocrx_word' id='word_1_417' title='bbox 788 2220 794 2231; x_wconf 91' lang='lat'>‚</span> <span class='ocrx_word' id='word_1_418' title='bbox 817 2197 966 2224; x_wconf 65' lang='lat' dir='ltr'>liberorum</span> <span class='ocrx_word' id='word_1_419' title='bbox 982 2199 1066 2227; x_wconf 84' lang='lat' dir='ltr'>inter-</span> 
     </span>
     <span class='ocr_line' id='line_1_53' title="bbox 205 2234 1066 2272; baseline 0.003 -9"><span class='ocrx_word' id='word_1_420' title='bbox 205 2235 340 2268; x_wconf 60' lang='lat' dir='ltr'>fectores,</span> <span class='ocrx_word' id='word_1_421' title='bbox 375 2242 440 2262; x_wconf 81' lang='lat' dir='ltr'>ante</span> <span class='ocrx_word' id='word_1_422' title='bbox 465 2234 677 2263; x_wconf 72' lang='lat' dir='ltr'>Constantinum</span> <span class='ocrx_word' id='word_1_423' title='bbox 700 2244 781 2272; x_wconf 86' lang='lat' dir='ltr'>pcena</span> <span class='ocrx_word' id='word_1_424' title='bbox 810 2242 886 2264; x_wconf 85' lang='lat' dir='ltr'>certa</span> <span class='ocrx_word' id='word_1_425' title='bbox 907 2242 965 2263; x_wconf 90' lang='lat' dir='ltr'>non</span> <span class='ocrx_word' id='word_1_426' title='bbox 988 2236 1066 2266; x_wconf 88' lang='lat' dir='ltr'>fuisse</span> 
     </span>
     <span class='ocr_line' id='line_1_54' title="bbox 207 2272 1065 2310; baseline 0.005 -9"><span class='ocrx_word' id='word_1_427' title='bbox 207 2274 363 2305; x_wconf 74' lang='lat' dir='ltr'>coercitos,</span> <span class='ocrx_word' id='word_1_428' title='bbox 401 2272 444 2300; x_wconf 84' lang='lat' dir='ltr'>sed</span> <span class='ocrx_word' id='word_1_429' title='bbox 464 2273 687 2301; x_wconf 53' lang='lat' dir='ltr'>&gt;extraordinaria</span> <span class='ocrx_word' id='word_1_430' title='bbox 701 2296 707 2307; x_wconf 93' lang='lat'><strong>‚</strong></span> <span class='ocrx_word' id='word_1_431' title='bbox 729 2281 811 2309; x_wconf 80' lang='lat' dir='ltr'>prout</span> <span class='ocrx_word' id='word_1_432' title='bbox 832 2274 917 2310; x_wconf 84' lang='lat' dir='ltr'>patris</span> <span class='ocrx_word' id='word_1_433' title='bbox 933 2277 1065 2305; x_wconf 84' lang='lat' dir='ltr'>atrocitas</span> 
     </span>
     <span class='ocr_line' id='line_1_55' title="bbox 207 2311 1067 2350; baseline 0.002 -11"><span class='ocrx_word' id='word_1_434' title='bbox 207 2313 342 2346; x_wconf 78' lang='lat' dir='ltr'>majorem</span> <span class='ocrx_word' id='word_1_435' title='bbox 359 2311 531 2339; x_wconf 85' lang='lat' dir='ltr'>minoremve</span> <span class='ocrx_word' id='word_1_436' title='bbox 547 2313 694 2340; x_wconf 65' lang='lat' dir='ltr'>meruisset,</span> <span class='ocrx_word' id='word_1_437' title='bbox 731 2314 758 2340; x_wconf 74' lang='lat' dir='ltr'>Si</span> <span class='ocrx_word' id='word_1_438' title='bbox 773 2319 851 2348; x_wconf 79' lang='lat' dir='ltr'>pater</span> <span class='ocrx_word' id='word_1_439' title='bbox 868 2311 952 2339; x_wconf 81' lang='lat' dir='ltr'>lilium</span> <span class='ocrx_word' id='word_1_440' title='bbox 968 2312 1067 2350; x_wconf 81' lang='lat' dir='ltr'>fimpli-</span> 
     </span>
     <span class='ocr_line' id='line_1_56' title="bbox 206 2350 1067 2387; baseline 0.003 -9"><span class='ocrx_word' id='word_1_441' title='bbox 206 2352 277 2378; x_wconf 83' lang='lat' dir='ltr'>citer</span> <span class='ocrx_word' id='word_1_442' title='bbox 293 2350 426 2378; x_wconf 80' lang='lat' dir='ltr'>affecisset</span> <span class='ocrx_word' id='word_1_443' title='bbox 448 2351 536 2384; x_wconf 85' lang='lat' dir='ltr'>male,</span> <span class='ocrx_word' id='word_1_444' title='bbox 566 2357 662 2378; x_wconf 82' lang='lat' dir='ltr'>contra</span> <span class='ocrx_word' id='word_1_445' title='bbox 681 2350 802 2378; x_wconf 78' lang='lat' dir='ltr'>officium</span> <span class='ocrx_word' id='word_1_446' title='bbox 819 2350 950 2386; x_wconf 74' lang='lat' dir='ltr'>pictatis,</span> <span class='ocrx_word' id='word_1_447' title='bbox 971 2352 1067 2387; x_wconf 80' lang='lat' dir='ltr'>‘fraja-</span> 
     </span>
     <span class='ocr_line' id='line_1_57' title="bbox 209 2388 1068 2425; baseline 0.005 -9"><span class='ocrx_word' id='word_1_448' title='bbox 209 2397 260 2417; x_wconf 78' lang='lat' dir='ltr'>nus</span> <span class='ocrx_word' id='word_1_449' title='bbox 281 2390 375 2423; x_wconf 63' lang='lat' dir='ltr'>coegit</span> <span class='ocrx_word' id='word_1_450' title='bbox 395 2390 572 2424; x_wconf 80' lang='lat' dir='ltr'>emancipare</span> <span class='ocrx_word' id='word_1_451' title='bbox 593 2388 617 2416; x_wconf 83' lang='lat'>&amp;</span> <span class='ocrx_word' id='word_1_452' title='bbox 641 2389 789 2424; x_wconf 69' lang='lat' dir='ltr'>denegavit</span> <span class='ocrx_word' id='word_1_453' title='bbox 814 2390 950 2416; x_wconf 58' lang='lat' dir='ltr'>[moruorum</span> <span class='ocrx_word' id='word_1_454' title='bbox 968 2391 1068 2425; x_wconf 85' lang='lat' dir='ltr'>posses-</span> 
     </span>
     <span class='ocr_line' id='line_1_58' title="bbox 208 2425 1066 2465; baseline 0 -11"><span class='ocrx_word' id='word_1_455' title='bbox 208 2427 312 2454; x_wconf 79' lang='lat' dir='ltr'>fioriem</span> <span class='ocrx_word' id='word_1_456' title='bbox 330 2427 357 2454; x_wconf 87' lang='lat' dir='ltr'>in</span> <span class='ocrx_word' id='word_1_457' title='bbox 385 2427 404 2454; x_wconf 86' lang='lat' dir='ltr'>l.</span> <span class='ocrx_word' id='word_1_458' title='bbox 432 2428 481 2454; x_wconf 71' lang='lat' dir='ltr'>ult.</span> <span class='ocrx_word' id='word_1_459' title='bbox 501 2425 541 2464; x_wconf 85' lang='lat' dir='ltr'>ff.</span> <span class='ocrx_word' id='word_1_460' title='bbox 570 2426 600 2454; x_wconf 75' lang='lat' dir='ltr'>Si</span> <span class='ocrx_word' id='word_1_461' title='bbox 619 2437 634 2454; x_wconf 80' lang='lat' dir='ltr'>a</span> <span class='ocrx_word' id='word_1_462' title='bbox 655 2427 762 2455; x_wconf 67' lang='lat' dir='ltr'>Portae.</span> <span class='ocrx_word' id='word_1_463' title='bbox 783 2429 840 2463; x_wconf 77' lang='lat' dir='ltr'>quis</span> <span class='ocrx_word' id='word_1_464' title='bbox 860 2428 1006 2464; x_wconf 74' lang='lat' dir='ltr'>inarmmiff.</span> <span class='ocrx_word' id='word_1_465' title='bbox 1023 2430 1066 2465; x_wconf 75' lang='lat' dir='ltr'>fic,</span> 
     </span>
     <span class='ocr_line' id='line_1_59' title="bbox 207 2464 1065 2505; baseline 0.001 -12"><span class='ocrx_word' id='word_1_466' title='bbox 207 2464 239 2493; x_wconf 88' lang='lat' dir='ltr'>Si</span> <span class='ocrx_word' id='word_1_467' title='bbox 262 2464 348 2492; x_wconf 84' lang='lat' dir='ltr'>silium</span> <span class='ocrx_word' id='word_1_468' title='bbox 371 2465 509 2496; x_wconf 79' lang='lat' dir='ltr'>necasset,</span> <span class='ocrx_word' id='word_1_469' title='bbox 538 2465 679 2494; x_wconf 73' lang='lat' dir='ltr'>Adrianus</span> <span class='ocrx_word' id='word_1_470' title='bbox 704 2466 865 2501; x_wconf 72' lang='lat' dir='ltr'>deportavit</span> <span class='ocrx_word' id='word_1_471' title='bbox 889 2466 915 2492; x_wconf 85' lang='lat' dir='ltr'>in</span> <span class='ocrx_word' id='word_1_472' title='bbox 944 2467 965 2493; x_wconf 69' lang='grc' dir='ltr'>ί,</span> <span class='ocrx_word' id='word_1_473' title='bbox 986 2476 1010 2501; x_wconf 76' lang='lat'>5.</span> <span class='ocrx_word' id='word_1_474' title='bbox 1025 2468 1065 2505; x_wconf 83' lang='lat' dir='ltr'>ff.</span> 
     </span>
     <span class='ocr_line' id='line_1_60' title="bbox 208 2502 1067 2541; baseline 0.003 -10"><span class='ocrx_word' id='word_1_475' title='bbox 208 2503 243 2531; x_wconf 74' lang='lat' dir='ltr'>acl</span> <span class='ocrx_word' id='word_1_476' title='bbox 264 2502 298 2530; x_wconf 91' lang='lat' dir='ltr'>L.</span> <span class='ocrx_word' id='word_1_477' title='bbox 331 2502 445 2538; x_wconf 68' lang='lat' dir='ltr'>Pompej.</span> <span class='ocrx_word' id='word_1_478' title='bbox 474 2503 504 2530; x_wconf 83' lang='lat' dir='ltr'>de</span> <span class='ocrx_word' id='word_1_479' title='bbox 530 2503 663 2531; x_wconf 80' lang='lat' dir='ltr'>Parricid.</span> <span class='ocrx_word' id='word_1_480' title='bbox 707 2504 761 2532; x_wconf 82' lang='lat' dir='ltr'>Sed</span> <span class='ocrx_word' id='word_1_481' title='bbox 787 2512 817 2531; x_wconf 91' lang='lat' dir='ltr'>ut</span> <span class='ocrx_word' id='word_1_482' title='bbox 841 2505 867 2531; x_wconf 89' lang='lat' dir='ltr'>in</span> <span class='ocrx_word' id='word_1_483' title='bbox 890 2505 968 2537; x_wconf 73' lang='lat' dir='ltr'>jure,</span> <span class='ocrx_word' id='word_1_484' title='bbox 991 2507 1067 2541; x_wconf 87' lang='lat' dir='ltr'>quod</span> 
     </span>
     <span class='ocr_line' id='line_1_61' title="bbox 207 2540 1067 2580; baseline 0.003 -11"><span class='ocrx_word' id='word_1_485' title='bbox 207 2542 334 2569; x_wconf 85' lang='lat' dir='ltr'>moribus</span> <span class='ocrx_word' id='word_1_486' title='bbox 350 2540 482 2573; x_wconf 79' lang='lat' dir='ltr'>debetur,</span> <span class='ocrx_word' id='word_1_487' title='bbox 493 2549 620 2579; x_wconf 31' lang='lat' dir='ltr'>nonluno</span> <span class='ocrx_word' id='word_1_488' title='bbox 636 2542 704 2570; x_wconf 87' lang='lat' dir='ltr'>saltu</span> <span class='ocrx_word' id='word_1_489' title='bbox 719 2544 878 2578; x_wconf 84' lang='lat' dir='ltr'>pervenitur</span> <span class='ocrx_word' id='word_1_490' title='bbox 891 2542 924 2569; x_wconf 86' lang='lat' dir='ltr'>ad</span> <span class='ocrx_word' id='word_1_491' title='bbox 936 2542 980 2576; x_wconf 86' lang='lat' dir='ltr'>id,</span> <span class='ocrx_word' id='word_1_492' title='bbox 991 2545 1067 2580; x_wconf 82' lang='lat' dir='ltr'>quod</span> 
     </span>
     <span class='ocr_line' id='line_1_62' title="bbox 208 2578 1066 2612; baseline 0.005 -5"><span class='ocrx_word' id='word_1_493' title='bbox 208 2586 362 2607; x_wconf 81' lang='lat' dir='ltr'>extremum</span> <span class='ocrx_word' id='word_1_494' title='bbox 386 2578 424 2606; x_wconf 86' lang='lat' dir='ltr'>est</span> <span class='ocrx_word' id='word_1_495' title='bbox 439 2599 448 2610; x_wconf 91' lang='lat'>,</span> <span class='ocrx_word' id='word_1_496' title='bbox 477 2579 588 2606; x_wconf 83' lang='lat' dir='ltr'>tandem</span> <span class='ocrx_word' id='word_1_497' title='bbox 612 2580 810 2608; x_wconf 82' lang='lat' dir='ltr'>Constantinus</span> <span class='ocrx_word' id='word_1_498' title='bbox 834 2582 860 2608; x_wconf 93' lang='lat' dir='ltr'>in</span> <span class='ocrx_word' id='word_1_499' title='bbox 885 2580 910 2608; x_wconf 87' lang='lat' dir='ltr'>d.</span> <span class='ocrx_word' id='word_1_500' title='bbox 933 2581 951 2607; x_wconf 84' lang='lat' dir='ltr'>l.</span> <span class='ocrx_word' id='word_1_501' title='bbox 971 2591 1015 2610; x_wconf 84' lang='lat' dir='ltr'>un.</span> <span class='ocrx_word' id='word_1_502' title='bbox 1038 2584 1066 2612; x_wconf 92' lang='lat' dir='ltr'>C.</span> 
     </span>
     <span class='ocr_line' id='line_1_63' title="bbox 208 2616 1067 2656; baseline 0.003 -10"><span class='ocrx_word' id='word_1_503' title='bbox 208 2618 240 2646; x_wconf 80' lang='lat' dir='ltr'>de</span> <span class='ocrx_word' id='word_1_504' title='bbox 261 2618 317 2646; x_wconf 87' lang='lat' dir='ltr'>Hls</span> <span class='ocrx_word' id='word_1_505' title='bbox 336 2617 380 2652; x_wconf 78' lang='lat' dir='ltr'>qui</span> <span class='ocrx_word' id='word_1_506' title='bbox 405 2616 515 2644; x_wconf 72' lang='lat' dir='ltr'>Parent.</span> <span class='ocrx_word' id='word_1_507' title='bbox 541 2618 584 2644; x_wconf 70' lang='lat' dir='ltr'>vel</span> <span class='ocrx_word' id='word_1_508' title='bbox 618 2626 738 2646; x_wconf 71' lang='lat' dir='ltr'>mannos</span> <span class='ocrx_word' id='word_1_509' title='bbox 758 2619 918 2651; x_wconf 75' lang='lat' dir='ltr'>occider-unc,</span> <span class='ocrx_word' id='word_1_510' title='bbox 941 2627 997 2647; x_wconf 88' lang='lat' dir='ltr'>non</span> <span class='ocrx_word' id='word_1_511' title='bbox 1015 2623 1067 2656; x_wconf 76' lang='lat' dir='ltr'>pri-</span> 
     </span>
     <span class='ocr_line' id='line_1_64' title="bbox 208 2654 1067 2692; baseline 0.005 -9"><span class='ocrx_word' id='word_1_512' title='bbox 208 2664 269 2684; x_wconf 72' lang='lat' dir='ltr'>ruus</span> <span class='ocrx_word' id='word_1_513' title='bbox 292 2662 402 2691; x_wconf 77' lang='lat' dir='ltr'>poenam</span> <span class='ocrx_word' id='word_1_514' title='bbox 425 2654 547 2682; x_wconf 80' lang='lat' dir='ltr'>decrevit</span> <span class='ocrx_word' id='word_1_515' title='bbox 571 2654 700 2683; x_wconf 86' lang='lat' dir='ltr'>adversus</span> <span class='ocrx_word' id='word_1_516' title='bbox 726 2663 833 2692; x_wconf 81' lang='lat' dir='ltr'>patres,</span> <span class='ocrx_word' id='word_1_517' title='bbox 862 2656 1022 2686; x_wconf 64' lang='lat' dir='ltr'>occidentes</span> <span class='ocrx_word' id='word_1_518' title='bbox 1037 2659 1067 2688; x_wconf 90' lang='lat' dir='ltr'>li-</span> 
     </span>
     <span class='ocr_line' id='line_1_65' title="bbox 209 2693 1067 2729; baseline 0.005 -8"><span class='ocrx_word' id='word_1_519' title='bbox 209 2695 308 2725; x_wconf 80' lang='lat' dir='ltr'>beros.</span> <span class='ocrx_word' id='word_1_520' title='bbox 330 2701 426 2720; x_wconf 85' lang='lat' dir='ltr'>verum</span> <span class='ocrx_word' id='word_1_521' title='bbox 442 2693 546 2728; x_wconf 86' lang='lat' dir='ltr'>primus</span> <span class='ocrx_word' id='word_1_522' title='bbox 559 2698 657 2728; x_wconf 64' lang='lat' dir='ltr'>plenam</span> <span class='ocrx_word' id='word_1_523' title='bbox 669 2695 824 2729; x_wconf 78' lang='lat' dir='ltr'>parricidii,</span> <span class='ocrx_word' id='word_1_524' title='bbox 845 2702 874 2722; x_wconf 87' lang='lat' dir='ltr'>ut</span> <span class='ocrx_word' id='word_1_525' title='bbox 892 2695 993 2724; x_wconf 82' lang='lat' dir='ltr'>scilicet</span> <span class='ocrx_word' id='word_1_526' title='bbox 1009 2706 1067 2725; x_wconf 87' lang='lat' dir='ltr'>mo-</span> 
     </span>
     <span class='ocr_line' id='line_1_66' title="bbox 208 2731 1070 2769; baseline 0.003 -9"><span class='ocrx_word' id='word_1_527' title='bbox 208 2741 239 2760; x_wconf 88' lang='lat' dir='ltr'>re</span> <span class='ocrx_word' id='word_1_528' title='bbox 253 2732 396 2765; x_wconf 84' lang='lat' dir='ltr'>Majorum</span> <span class='ocrx_word' id='word_1_529' title='bbox 422 2731 449 2759; x_wconf 85' lang='lat' dir='ltr'>in</span> <span class='ocrx_word' id='word_1_530' title='bbox 475 2738 524 2758; x_wconf 86' lang='lat' dir='ltr'>eos</span> <span class='ocrx_word' id='word_1_531' title='bbox 548 2731 834 2766; x_wconf 77' lang='lat' dir='ltr'>annnadverteretur‚·</span> <span class='ocrx_word' id='word_1_532' title='bbox 853 2741 930 2769; x_wconf 64' lang='lat' dir='ltr'>aeque</span> <span class='ocrx_word' id='word_1_533' title='bbox 946 2742 978 2762; x_wconf 89' lang='lat' dir='ltr'>ac</span> <span class='ocrx_word' id='word_1_534' title='bbox 997 2736 1024 2763; x_wconf 88' lang='lat' dir='ltr'>in</span> <span class='ocrx_word' id='word_1_535' title='bbox 1041 2745 1070 2763; x_wconf 72' lang='lat' dir='ltr'>a·</span> 
     </span>
     <span class='ocr_line' id='line_1_67' title="bbox 206 2769 436 2806; baseline -0.009 -8"><span class='ocrx_word' id='word_1_536' title='bbox 206 2771 261 2798; x_wconf 87' lang='lat' dir='ltr'>lios</span> <span class='ocrx_word' id='word_1_537' title='bbox 275 2769 436 2806; x_wconf 80' lang='lat' dir='ltr'>parricidas.</span> 
     </span>
    </p>

    <p class='ocr_par' dir='ltr' id='par_1_6' title="bbox 205 2806 1068 3191">
     <span class='ocr_line' id='line_1_68' title="bbox 246 2806 1068 2847; baseline 0.005 -10"><span class='ocrx_word' id='word_1_538' title='bbox 246 2807 326 2837; x_wconf 83' lang='lat' dir='ltr'>Nihil</span> <span class='ocrx_word' id='word_1_539' title='bbox 354 2813 484 2844; x_wconf 76' lang='lat' dir='ltr'>praeterea</span> <span class='ocrx_word' id='word_1_540' title='bbox 507 2806 546 2835; x_wconf 83' lang='lat' dir='ltr'>cst</span> <span class='ocrx_word' id='word_1_541' title='bbox 569 2807 595 2835; x_wconf 90' lang='lat' dir='ltr'>in</span> <span class='ocrx_word' id='word_1_542' title='bbox 618 2807 801 2837; x_wconf 75' lang='lat' dir='ltr'>Commentario</span> <span class='ocrx_word' id='word_1_543' title='bbox 824 2814 887 2843; x_wconf 65' lang='grc' dir='ltr'>πως</span> <span class='ocrx_word' id='word_1_544' title='bbox 910 2810 954 2838; x_wconf 84' lang='lat' dir='ltr'>sed</span> <span class='ocrx_word' id='word_1_545' title='bbox 969 2813 1068 2847; x_wconf 86' lang='lat' dir='ltr'>quidni</span> 
     </span>
     <span class='ocr_line' id='line_1_69' title="bbox 208 2846 1065 2886; baseline 0.002 -12"><span class='ocrx_word' id='word_1_546' title='bbox 208 2846 361 2883; x_wconf 60' lang='lat' dir='ltr'>respondes</span> <span class='ocrx_word' id='word_1_547' title='bbox 379 2846 414 2874; x_wconf 86' lang='lat' dir='ltr'>ad</span> <span class='ocrx_word' id='word_1_548' title='bbox 431 2846 496 2874; x_wconf 88' lang='lat' dir='ltr'>alias</span> <span class='ocrx_word' id='word_1_549' title='bbox 512 2846 706 2878; x_wconf 65' lang='lat' dir='ltr'>auctoritates.</span> <span class='ocrx_word' id='word_1_550' title='bbox 729 2855 797 2883; x_wconf 85' lang='lat' dir='ltr'>quas</span> <span class='ocrx_word' id='word_1_551' title='bbox 819 2847 898 2875; x_wconf 84' lang='lat' dir='ltr'>attuli</span> <span class='ocrx_word' id='word_1_552' title='bbox 919 2847 1012 2886; x_wconf 75' lang='lat' dir='ltr'>Opusc.</span> <span class='ocrx_word' id='word_1_553' title='bbox 1036 2852 1065 2879; x_wconf 79' lang='lat' dir='ltr'>C,</span> 
     </span>
     <span class='ocr_line' id='line_1_70' title="bbox 205 2883 1066 2925; baseline 0.005 -13"><span class='ocrx_word' id='word_1_554' title='bbox 205 2886 258 2913; x_wconf 68' lang='lat' dir='ltr'>JV.</span> <span class='ocrx_word' id='word_1_555' title='bbox 277 2893 310 2912; x_wconf 87' lang='lat' dir='ltr'>ex</span> <span class='ocrx_word' id='word_1_556' title='bbox 338 2886 356 2912; x_wconf 86' lang='lat' dir='ltr'>l.</span> <span class='ocrx_word' id='word_1_557' title='bbox 375 2891 417 2917; x_wconf 85' lang='lat'>13.</span> <span class='ocrx_word' id='word_1_558' title='bbox 445 2884 469 2920; x_wconf 63' lang='grc' dir='ltr'>ς.</span> <span class='ocrx_word' id='word_1_559' title='bbox 489 2885 536 2912; x_wconf 77' lang='lat' dir='ltr'>ult.</span> <span class='ocrx_word' id='word_1_560' title='bbox 558 2883 598 2922; x_wconf 85' lang='lat' dir='ltr'><em>ff</em></span> <span class='ocrx_word' id='word_1_561' title='bbox 628 2885 658 2912; x_wconf 81' lang='lat' dir='ltr'>cie</span> <span class='ocrx_word' id='word_1_562' title='bbox 677 2885 717 2912; x_wconf 85' lang='lat' dir='ltr'>Re</span> <span class='ocrx_word' id='word_1_563' title='bbox 736 2887 814 2913; x_wconf 79' lang='lat' dir='ltr'>milit.</span> <span class='ocrx_word' id='word_1_564' title='bbox 836 2887 854 2914; x_wconf 87' lang='lat' dir='ltr'>l.</span> <span class='ocrx_word' id='word_1_565' title='bbox 878 2890 919 2915; x_wconf 88' lang='lat'>16.</span> <span class='ocrx_word' id='word_1_566' title='bbox 939 2887 963 2922; x_wconf 62' lang='lat'>§-</span> <span class='ocrx_word' id='word_1_567' title='bbox 986 2896 1010 2915; x_wconf 76' lang='lat'>2.</span> <span class='ocrx_word' id='word_1_568' title='bbox 1027 2888 1066 2925; x_wconf 85' lang='lat' dir='ltr'>ff.</span> 
     </span>
     <span class='ocr_line' id='line_1_71' title="bbox 207 2921 1064 2961; baseline 0.005 -12"><span class='ocrx_word' id='word_1_569' title='bbox 207 2923 238 2949; x_wconf 74' lang='lat' dir='ltr'>tle</span> <span class='ocrx_word' id='word_1_570' title='bbox 261 2923 333 2950; x_wconf 80' lang='lat' dir='ltr'>Poen.</span> <span class='ocrx_word' id='word_1_571' title='bbox 355 2921 381 2950; x_wconf 83' lang='lat'>&amp;</span> <span class='ocrx_word' id='word_1_572' title='bbox 400 2924 418 2950; x_wconf 89' lang='lat' dir='ltr'>l.</span> <span class='ocrx_word' id='word_1_573' title='bbox 443 2931 467 2950; x_wconf 92' lang='lat'>1.</span> <span class='ocrx_word' id='word_1_574' title='bbox 487 2924 509 2951; x_wconf 64' lang='lat' dir='ltr'>ti.</span> <span class='ocrx_word' id='word_1_575' title='bbox 533 2921 611 2960; x_wconf 83' lang='lat' dir='ltr'>2.ff.</span> <span class='ocrx_word' id='word_1_576' title='bbox 633 2922 663 2951; x_wconf 86' lang='lat' dir='ltr'>de</span> <span class='ocrx_word' id='word_1_577' title='bbox 685 2922 774 2961; x_wconf 83' lang='lat' dir='ltr'>Obseq.</span> <span class='ocrx_word' id='word_1_578' title='bbox 797 2923 904 2951; x_wconf 76' lang='lat' dir='ltr'>Parent.</span> <span class='ocrx_word' id='word_1_579' title='bbox 920 2923 1064 2960; x_wconf 64' lang='lat' dir='ltr'>&amp;patrum</span> 
     </span>
     <span class='ocr_line' id='line_1_72' title="bbox 207 2959 1065 2998; baseline 0.005 -11"><span class='ocrx_word' id='word_1_580' title='bbox 207 2959 289 2997; x_wconf 72' lang='lat' dir='ltr'>praest.</span> <span class='ocrx_word' id='word_1_581' title='bbox 301 2960 315 2988; x_wconf 74' lang='lat'>,⁹</span> <span class='ocrx_word' id='word_1_582' title='bbox 335 2968 397 2988; x_wconf 86' lang='lat' dir='ltr'>nam</span> <span class='ocrx_word' id='word_1_583' title='bbox 417 2960 442 2988; x_wconf 70' lang='grc' dir='ltr'>δι</span> <span class='ocrx_word' id='word_1_584' title='bbox 458 2960 510 2988; x_wconf 81' lang='lat' dir='ltr'>illae</span> <span class='ocrx_word' id='word_1_585' title='bbox 525 2968 717 2995; x_wconf 77' lang='lat' dir='ltr'>argumentum</span> <span class='ocrx_word' id='word_1_586' title='bbox 734 2963 858 2998; x_wconf 85' lang='lat' dir='ltr'>praebent</span> <span class='ocrx_word' id='word_1_587' title='bbox 871 2962 1065 2995; x_wconf 77' lang='lat' dir='ltr'>illicrtae,tunc</span> 
     </span>
     <span class='ocr_line' id='line_1_73' title="bbox 208 2998 1064 3035; baseline 0.006 -10"><span class='ocrx_word' id='word_1_588' title='bbox 208 3000 358 3035; x_wconf 78' lang='lat' dir='ltr'>temporis.</span> <span class='ocrx_word' id='word_1_589' title='bbox 382 2998 530 3027; x_wconf 86' lang='lat' dir='ltr'>liberorum</span> <span class='ocrx_word' id='word_1_590' title='bbox 547 3000 720 3028; x_wconf 71' lang='lat' dir='ltr'>carnificinae.</span> <span class='ocrx_word' id='word_1_591' title='bbox 761 3000 862 3034; x_wconf 67' lang='lat' dir='ltr'>Forte,</span> <span class='ocrx_word' id='word_1_592' title='bbox 892 3009 954 3028; x_wconf 90' lang='lat' dir='ltr'>cum</span> <span class='ocrx_word' id='word_1_593' title='bbox 969 3002 1064 3030; x_wconf 77' lang='lat' dir='ltr'>ederes</span> 
     </span>
     <span class='ocr_line' id='line_1_74' title="bbox 209 3036 1063 3073; baseline 0.006 -11"><span class='ocrx_word' id='word_1_594' title='bbox 209 3036 437 3070; x_wconf 68' lang='lat' dir='ltr'>commentarimn.</span> <span class='ocrx_word' id='word_1_595' title='bbox 465 3044 492 3066; x_wconf 89' lang='lat' dir='ltr'>te</span> <span class='ocrx_word' id='word_1_596' title='bbox 513 3047 545 3066; x_wconf 86' lang='lat' dir='ltr'>ea</span> <span class='ocrx_word' id='word_1_597' title='bbox 566 3039 593 3066; x_wconf 91' lang='lat' dir='ltr'>in</span> <span class='ocrx_word' id='word_1_598' title='bbox 616 3047 644 3065; x_wconf 86' lang='lat' dir='ltr'>re</span> <span class='ocrx_word' id='word_1_599' title='bbox 664 3039 883 3066; x_wconf 83' lang='lat' dir='ltr'>consentientem</span> <span class='ocrx_word' id='word_1_600' title='bbox 902 3040 1038 3068; x_wconf 83' lang='lat' dir='ltr'>habebam</span> <span class='ocrx_word' id='word_1_601' title='bbox 1056 3063 1063 3073; x_wconf 90' lang='lat'>,</span> 
     </span>
     <span class='ocr_line' id='line_1_75' title="bbox 211 3074 1064 3112; baseline 0.007 -12"><span class='ocrx_word' id='word_1_602' title='bbox 211 3081 242 3100; x_wconf 74' lang='lat' dir='ltr'>nt</span> <span class='ocrx_word' id='word_1_603' title='bbox 259 3074 365 3103; x_wconf 80' lang='lat' dir='ltr'>constat</span> <span class='ocrx_word' id='word_1_604' title='bbox 387 3084 419 3103; x_wconf 77' lang='lat' dir='ltr'>cx</span> <span class='ocrx_word' id='word_1_605' title='bbox 444 3077 474 3104; x_wconf 86' lang='lat' dir='ltr'>iis</span> <span class='ocrx_word' id='word_1_606' title='bbox 490 3097 496 3108; x_wconf 88' lang='lat'>.</span> <span class='ocrx_word' id='word_1_607' title='bbox 524 3085 585 3112; x_wconf 77' lang='lat' dir='ltr'>quae</span> <span class='ocrx_word' id='word_1_608' title='bbox 605 3077 691 3104; x_wconf 90' lang='lat' dir='ltr'>modo</span> <span class='ocrx_word' id='word_1_609' title='bbox 715 3076 795 3104; x_wconf 89' lang='lat' dir='ltr'>rctuli</span> <span class='ocrx_word' id='word_1_610' title='bbox 811 3098 818 3108; x_wconf 85' lang='lat'>,</span> <span class='ocrx_word' id='word_1_611' title='bbox 842 3077 886 3104; x_wconf 77' lang='lat' dir='ltr'>sed</span> <span class='ocrx_word' id='word_1_612' title='bbox 903 3078 954 3106; x_wconf 79' lang='lat' dir='ltr'>bac</span> <span class='ocrx_word' id='word_1_613' title='bbox 972 3079 1064 3107; x_wconf 82' lang='lat' dir='ltr'>Amica</span> 
     </span>
     <span class='ocr_line' id='line_1_76' title="bbox 209 3109 1063 3150; baseline 0.008 -13"><span class='ocrx_word' id='word_1_614' title='bbox 209 3109 372 3147; x_wconf 64' lang='lat' dir='ltr'>Ilcy&#39;jmnsione</span> <span class='ocrx_word' id='word_1_615' title='bbox 394 3115 492 3141; x_wconf 85' lang='lat' dir='ltr'>iterum</span> <span class='ocrx_word' id='word_1_616' title='bbox 516 3114 646 3142; x_wconf 83' lang='lat' dir='ltr'>relaberis</span> <span class='ocrx_word' id='word_1_617' title='bbox 669 3115 703 3142; x_wconf 81' lang='lat' dir='ltr'>ad</span> <span class='ocrx_word' id='word_1_618' title='bbox 734 3115 874 3142; x_wconf 79' lang='lat' dir='ltr'>licentiam</span> <span class='ocrx_word' id='word_1_619' title='bbox 898 3117 1063 3150; x_wconf 76' lang='lat' dir='ltr'>occidendi,</span> 
     </span>
     <span class='ocr_line' id='line_1_77' title="bbox 209 3147 1062 3191; baseline 0.012 -17"><span class='ocrx_word' id='word_1_620' title='bbox 209 3147 240 3175; x_wconf 79' lang='lat' dir='ltr'>in</span> <span class='ocrx_word' id='word_1_621' title='bbox 255 3147 334 3186; x_wconf 79' lang='lat' dir='ltr'>Julio</span> <span class='ocrx_word' id='word_1_622' title='bbox 349 3150 433 3180; x_wconf 80' lang='lat' dir='ltr'>Paulo</span> <span class='ocrx_word' id='word_1_623' title='bbox 447 3152 631 3190; x_wconf 78' lang='lat' dir='ltr'>propositam,</span> <span class='ocrx_word' id='word_1_624' title='bbox 653 3152 687 3181; x_wconf 86' lang='lat' dir='ltr'>ad</span> <span class='ocrx_word' id='word_1_625' title='bbox 703 3161 790 3191; x_wconf 80' lang='lat' dir='ltr'>usque</span> <span class='ocrx_word' id='word_1_626' title='bbox 804 3154 953 3190; x_wconf 76' lang='lat' dir='ltr'>Imperium</span> <span class='ocrx_word' id='word_1_627' title='bbox 964 3155 1062 3184; x_wconf 84' lang='lat' dir='ltr'>Valen-</span> 
     </span>
    </p>
   </div>
   <div class='ocr_carea' id='block_1_5' title="bbox 1986 0 2008 67">
    <p class='ocr_par' dir='ltr' id='par_1_7' title="bbox 1986 0 2008 67">
     <span class='ocr_line' id='line_1_78' title="bbox 1986 0 2008 30; baseline 0 -16"><span class='ocrx_word' id='word_1_628' title='bbox 1986 11 1992 19; x_wconf 8' lang='lat'>..</span> <span class='ocrx_word' id='word_1_629' title='bbox 2003 0 2008 30; x_wconf 55' lang='lat'>4</span> 
     </span>
     <span class='ocr_line' id='line_1_79' title="bbox 1997 35 2008 67; baseline -0.091 0"><span class='ocrx_word' id='word_1_630' title='bbox 1997 35 2008 67; x_wconf 71' lang='lat' dir='ltr'>l</span> 
     </span>
    </p>
   </div>
   <div class='ocr_carea' id='block_1_6' title="bbox 1220 92 2004 141">
    <p class='ocr_par' dir='ltr' id='par_1_8' title="bbox 1220 92 2004 141">
     <span class='ocr_line' id='line_1_80' title="bbox 1220 92 2004 141; baseline 0.018 -7"><span class='ocrx_word' id='word_1_631' title='bbox 1220 99 1598 141; x_wconf 80' lang='lat' dir='ltr'>NoonT</span> <span class='ocrx_word' id='word_1_632' title='bbox 1993 92 2004 135; x_wconf 63' lang='lat'>¹?</span> 
     </span>
    </p>
   </div>
   <div class='ocr_carea' id='block_1_7' title="bbox 1100 180 2008 722">
    <p class='ocr_par' dir='ltr' id='par_1_9' title="bbox 1100 180 2008 722">
     <span class='ocr_line' id='line_1_81' title="bbox 1100 180 1687 224; baseline 0.017 -17"><span class='ocrx_word' id='word_1_633' title='bbox 1100 187 1191 220; x_wconf 81' lang='lat' dir='ltr'>petus</span> <span class='ocrx_word' id='word_1_634' title='bbox 1219 180 1325 220; x_wconf 81' lang='lat' dir='ltr'>paucis</span> <span class='ocrx_word' id='word_1_635' title='bbox 1351 181 1389 212; x_wconf 86' lang='lat' dir='ltr'>ab</span> <span class='ocrx_word' id='word_1_636' title='bbox 1418 182 1493 214; x_wconf 88' lang='lat' dir='ltr'>hinc</span> <span class='ocrx_word' id='word_1_637' title='bbox 1508 184 1634 224; x_wconf 84' lang='lat' dir='ltr'>diebus,</span> <span class='ocrx_word' id='word_1_638' title='bbox 1658 186 1687 218; x_wconf 88' lang='lat' dir='ltr'>in</span> 
     </span>
     <span class='ocr_line' id='line_1_82' title="bbox 1101 220 2005 276; baseline 0.018 -26"><span class='ocrx_word' id='word_1_639' title='bbox 1101 220 1233 252; x_wconf 83' lang='lat' dir='ltr'>stioncm</span> <span class='ocrx_word' id='word_1_640' title='bbox 1261 221 1420 254; x_wconf 82' lang='lat' dir='ltr'>difficilem</span> <span class='ocrx_word' id='word_1_641' title='bbox 1448 233 1483 255; x_wconf 88' lang='lat' dir='ltr'>ac</span> <span class='ocrx_word' id='word_1_642' title='bbox 1514 226 1653 258; x_wconf 77' lang='lat' dir='ltr'>nobilem</span> <span class='ocrx_word' id='word_1_643' title='bbox 1683 228 1735 270; x_wconf 84' lang='lat' dir='ltr'>(s)</span> <span class='ocrx_word' id='word_1_644' title='bbox 1765 230 1804 261; x_wconf 88' lang='lat' dir='ltr'>de</span> <span class='ocrx_word' id='word_1_645' title='bbox 1823 239 1960 276; x_wconf 71' lang='lat' dir='ltr'>tempore</span> <span class='ocrx_word' id='word_1_646' title='bbox 1997 237 2005 261; x_wconf 68' lang='lat'>1²</span> 
     </span>
     <span class='ocr_line' id='line_1_83' title="bbox 1101 262 1958 314; baseline 0.018 -23"><span class='ocrx_word' id='word_1_647' title='bbox 1101 262 1213 293; x_wconf 78' lang='lat' dir='ltr'>ablatae</span> <span class='ocrx_word' id='word_1_648' title='bbox 1238 263 1316 303; x_wconf 81' lang='lat' dir='ltr'>patri</span> <span class='ocrx_word' id='word_1_649' title='bbox 1344 263 1508 303; x_wconf 85' lang='lat' dir='ltr'>potestatis</span> <span class='ocrx_word' id='word_1_650' title='bbox 1537 268 1682 299; x_wconf 71' lang='lat' dir='ltr'>necanda:</span> <span class='ocrx_word' id='word_1_651' title='bbox 1706 271 1804 309; x_wconf 77' lang='lat' dir='ltr'>prolis</span> <span class='ocrx_word' id='word_1_652' title='bbox 1828 272 1898 307; x_wconf 84' lang='lat' dir='ltr'>suae.</span> <span class='ocrx_word' id='word_1_653' title='bbox 1921 282 1958 314; x_wconf 76' lang='lat' dir='ltr'>ad</span> 
     </span>
     <span class='ocr_line' id='line_1_84' title="bbox 1104 303 1957 358; baseline 0.019 -26"><span class='ocrx_word' id='word_1_654' title='bbox 1104 312 1172 334; x_wconf 84' lang='lat' dir='ltr'>eam</span> <span class='ocrx_word' id='word_1_655' title='bbox 1191 303 1252 343; x_wconf 73' lang='lat' dir='ltr'>legi</span> <span class='ocrx_word' id='word_1_656' title='bbox 1285 313 1394 345; x_wconf 80' lang='lat' dir='ltr'>magna</span> <span class='ocrx_word' id='word_1_657' title='bbox 1423 315 1495 337; x_wconf 85' lang='lat' dir='ltr'>cum</span> <span class='ocrx_word' id='word_1_658' title='bbox 1517 309 1699 340; x_wconf 85' lang='lat' dir='ltr'>amoenitate</span> <span class='ocrx_word' id='word_1_659' title='bbox 1715 320 1731 341; x_wconf 85' lang='lat' dir='ltr'>a</span> <span class='ocrx_word' id='word_1_660' title='bbox 1749 320 1781 342; x_wconf 88' lang='lat' dir='ltr'>te</span> <span class='ocrx_word' id='word_1_661' title='bbox 1798 312 1910 355; x_wconf 84' lang='lat' dir='ltr'>scripta</span> <span class='ocrx_word' id='word_1_662' title='bbox 1926 321 1957 358; x_wconf 68' lang='lat' dir='ltr'>in</span> 
     </span>
     <span class='ocr_line' id='line_1_85' title="bbox 1108 345 1955 401; baseline 0.018 -28"><span class='ocrx_word' id='word_1_663' title='bbox 1108 345 1316 376; x_wconf 69' lang='lat' dir='ltr'>Commentario</span> <span class='ocrx_word' id='word_1_664' title='bbox 1340 347 1378 376; x_wconf 68' lang='lat' dir='ltr'>ml</span> <span class='ocrx_word' id='word_1_665' title='bbox 1407 346 1466 378; x_wconf 75' lang='lat' dir='ltr'>Tzft.</span> <span class='ocrx_word' id='word_1_666' title='bbox 1501 348 1598 382; x_wconf 80' lang='lat' dir='ltr'>Poml.</span> <span class='ocrx_word' id='word_1_667' title='bbox 1624 351 1672 382; x_wconf 85' lang='lat' dir='ltr'>De</span> <span class='ocrx_word' id='word_1_668' title='bbox 1695 351 1740 382; x_wconf 77' lang='lat' dir='ltr'>his</span> <span class='ocrx_word' id='word_1_669' title='bbox 1763 356 1812 393; x_wconf 80' lang='lat' dir='ltr'>qui</span> <span class='ocrx_word' id='word_1_670' title='bbox 1823 355 1955 401; x_wconf 69' lang='lat' dir='ltr'>stmrsm·</span> 
     </span>
     <span class='ocr_line' id='line_1_86' title="bbox 1104 385 2008 441; baseline 0.017 -26"><span class='ocrx_word' id='word_1_671' title='bbox 1104 385 1151 416; x_wconf 75' lang='lat' dir='ltr'>vel</span> <span class='ocrx_word' id='word_1_672' title='bbox 1167 386 1257 416; x_wconf 78' lang='lat' dir='ltr'>alieni</span> <span class='ocrx_word' id='word_1_673' title='bbox 1273 387 1368 427; x_wconf 76' lang='lat' dir='ltr'>juris.-</span> <span class='ocrx_word' id='word_1_674' title='bbox 1391 397 1462 419; x_wconf 86' lang='lat' dir='ltr'>cum</span> <span class='ocrx_word' id='word_1_675' title='bbox 1488 389 1586 431; x_wconf 69' lang='lat' dir='ltr'>iisque</span> <span class='ocrx_word' id='word_1_676' title='bbox 1613 392 1735 424; x_wconf 87' lang='lat' dir='ltr'>contuli</span> <span class='ocrx_word' id='word_1_677' title='bbox 1756 403 1826 434; x_wconf 81' lang='lat' dir='ltr'>quae</span> <span class='ocrx_word' id='word_1_678' title='bbox 1844 406 1958 441; x_wconf 78' lang='lat' dir='ltr'>nupero</span> <span class='ocrx_word' id='word_1_679' title='bbox 2006 392 2008 395; x_wconf 43' lang='lat'><em>⁴</em></span> 
     </span>
     <span class='ocr_line' id='line_1_87' title="bbox 1106 425 1959 478; baseline 0.019 -23"><span class='ocrx_word' id='word_1_680' title='bbox 1106 425 1268 467; x_wconf 75' lang='lat' dir='ltr'>opusculo</span> <span class='ocrx_word' id='word_1_681' title='bbox 1281 427 1328 459; x_wconf 83' lang='lat' dir='ltr'>De</span> <span class='ocrx_word' id='word_1_682' title='bbox 1341 428 1408 469; x_wconf 75' lang='lat' dir='ltr'>jure</span> <span class='ocrx_word' id='word_1_683' title='bbox 1423 432 1586 470; x_wconf 78' lang='lat' dir='ltr'>occidendi,</span> <span class='ocrx_word' id='word_1_684' title='bbox 1606 436 1768 473; x_wconf 76' lang='lat' dir='ltr'>vendendi,</span> <span class='ocrx_word' id='word_1_685' title='bbox 1779 436 1959 478; x_wconf 64' lang='lat' dir='ltr'>&amp;exponm</span> 
     </span>
     <span class='ocr_line' id='line_1_88' title="bbox 1102 468 1960 522; baseline 0.022 -25"><span class='ocrx_word' id='word_1_686' title='bbox 1102 469 1132 498; x_wconf 78' lang='lat' dir='ltr'>cli</span> <span class='ocrx_word' id='word_1_687' title='bbox 1143 468 1244 498; x_wconf 78' lang='lat' dir='ltr'>liberos</span> <span class='ocrx_word' id='word_1_688' title='bbox 1252 471 1328 508; x_wconf 75' lang='lat' dir='ltr'>opud</span> <span class='ocrx_word' id='word_1_689' title='bbox 1338 470 1483 502; x_wconf 66' lang='lat' dir='ltr'>Romanos</span> <span class='ocrx_word' id='word_1_690' title='bbox 1499 482 1524 504; x_wconf 78' lang='lat' dir='ltr'>c.</span> <span class='ocrx_word' id='word_1_691' title='bbox 1539 473 1592 505; x_wconf 86' lang='lat' dir='ltr'>lV.</span> <span class='ocrx_word' id='word_1_692' title='bbox 1612 481 1685 517; x_wconf 80' lang='lat' dir='ltr'>pog.</span> <span class='ocrx_word' id='word_1_693' title='bbox 1697 486 1770 518; x_wconf 84' lang='lat'>351.</span> <span class='ocrx_word' id='word_1_694' title='bbox 1782 477 1875 522; x_wconf 56' lang='lat' dir='ltr'>&amp;seq</span> <span class='ocrx_word' id='word_1_695' title='bbox 1889 475 1960 519; x_wconf 73' lang='lat' dir='ltr'>con-¹</span> 
     </span>
     <span class='ocr_line' id='line_1_89' title="bbox 1104 508 1961 567; baseline 0.019 -29"><span class='ocrx_word' id='word_1_696' title='bbox 1104 518 1149 539; x_wconf 85' lang='lat' dir='ltr'>tra</span> <span class='ocrx_word' id='word_1_697' title='bbox 1165 508 1305 540; x_wconf 82' lang='lat' dir='ltr'>disseruit</span> <span class='ocrx_word' id='word_1_698' title='bbox 1323 511 1380 542; x_wconf 79' lang='lat' dir='ltr'>Vir</span> <span class='ocrx_word' id='word_1_699' title='bbox 1398 512 1605 554; x_wconf 80' lang='lat' dir='ltr'>Clariffimus,</span> <span class='ocrx_word' id='word_1_700' title='bbox 1631 517 1798 551; x_wconf 84' lang='lat' dir='ltr'>Cornelius</span> <span class='ocrx_word' id='word_1_701' title='bbox 1812 530 1872 554; x_wconf 89' lang='lat' dir='ltr'>van</span> <span class='ocrx_word' id='word_1_702' title='bbox 1883 523 1961 567; x_wconf 84' lang='lat' dir='ltr'>Byn.</span> 
     </span>
     <span class='ocr_line' id='line_1_90' title="bbox 1102 550 1962 600; baseline 0.023 -21"><span class='ocrx_word' id='word_1_703' title='bbox 1102 550 1273 595; x_wconf 66' lang='lat' dir='ltr'>kcrjsnoek‚</span> <span class='ocrx_word' id='word_1_704' title='bbox 1298 551 1445 584; x_wconf 80' lang='lat' dir='ltr'>Senator:</span> <span class='ocrx_word' id='word_1_705' title='bbox 1470 564 1506 585; x_wconf 86' lang='lat' dir='ltr'>ac</span> <span class='ocrx_word' id='word_1_706' title='bbox 1524 565 1596 587; x_wconf 88' lang='lat' dir='ltr'>cum</span> <span class='ocrx_word' id='word_1_707' title='bbox 1611 558 1800 599; x_wconf 81' lang='lat' dir='ltr'>aliquamdiu</span> <span class='ocrx_word' id='word_1_708' title='bbox 1816 571 1866 594; x_wconf 86' lang='lat' dir='ltr'>me</span> <span class='ocrx_word' id='word_1_709' title='bbox 1885 565 1962 600; x_wconf 86' lang='lat' dir='ltr'>deti-</span> 
     </span>
     <span class='ocr_line' id='line_1_91' title="bbox 1104 590 1962 645; baseline 0.023 -26"><span class='ocrx_word' id='word_1_710' title='bbox 1104 590 1237 636; x_wconf 65' lang='lat' dir='ltr'>nuissent</span> <span class='ocrx_word' id='word_1_711' title='bbox 1253 592 1290 622; x_wconf 83' lang='lat' dir='ltr'>ab</span> <span class='ocrx_word' id='word_1_712' title='bbox 1312 602 1350 623; x_wconf 91' lang='lat' dir='ltr'>co</span> <span class='ocrx_word' id='word_1_713' title='bbox 1370 594 1492 633; x_wconf 85' lang='lat' dir='ltr'>prodita</span> <span class='ocrx_word' id='word_1_714' title='bbox 1507 596 1543 627; x_wconf 90' lang='lat' dir='ltr'>ad</span> <span class='ocrx_word' id='word_1_715' title='bbox 1567 598 1586 629; x_wconf 91' lang='lat' dir='ltr'>l.</span> <span class='ocrx_word' id='word_1_716' title='bbox 1608 609 1637 639; x_wconf 86' lang='lat'>5.</span> <span class='ocrx_word' id='word_1_717' title='bbox 1663 600 1705 632; x_wconf 76' lang='lat' dir='ltr'>D,</span> <span class='ocrx_word' id='word_1_718' title='bbox 1724 602 1757 632; x_wconf 77' lang='lat' dir='ltr'>cle</span> <span class='ocrx_word' id='word_1_719' title='bbox 1775 602 1859 645; x_wconf 84' lang='lat' dir='ltr'>Lege</span> <span class='ocrx_word' id='word_1_720' title='bbox 1880 606 1962 640; x_wconf 89' lang='lat' dir='ltr'>Pom-</span> 
     </span>
     <span class='ocr_line' id='line_1_92' title="bbox 1100 633 1978 684; baseline 0.025 -26"><span class='ocrx_word' id='word_1_721' title='bbox 1100 633 1220 677; x_wconf 61' lang='lat' dir='ltr'>pejafle</span> <span class='ocrx_word' id='word_1_722' title='bbox 1234 634 1423 677; x_wconf 68' lang='lat' dir='ltr'>parricidiis:</span> <span class='ocrx_word' id='word_1_723' title='bbox 1449 637 1653 671; x_wconf 84' lang='lat' dir='ltr'>animadverti</span> <span class='ocrx_word' id='word_1_724' title='bbox 1673 649 1757 673; x_wconf 85' lang='lat' dir='ltr'>tuam</span> <span class='ocrx_word' id='word_1_725' title='bbox 1766 645 1890 684; x_wconf 85' lang='lat' dir='ltr'>quidem</span> <span class='ocrx_word' id='word_1_726' title='bbox 1900 647 1978 683; x_wconf 62' lang='lat' dir='ltr'>sen-s</span> 
     </span>
     <span class='ocr_line' id='line_1_93' title="bbox 1108 673 1979 722; baseline 0.021 -21"><span class='ocrx_word' id='word_1_727' title='bbox 1108 680 1236 703; x_wconf 54' lang='lat' dir='ltr'>tentram</span> <span class='ocrx_word' id='word_1_728' title='bbox 1257 673 1320 704; x_wconf 84' lang='lat' dir='ltr'>rllrs</span> <span class='ocrx_word' id='word_1_729' title='bbox 1338 684 1401 706; x_wconf 91' lang='lat' dir='ltr'>non</span> <span class='ocrx_word' id='word_1_730' title='bbox 1420 677 1517 715; x_wconf 82' lang='lat' dir='ltr'>premi</span> <span class='ocrx_word' id='word_1_731' title='bbox 1534 687 1587 709; x_wconf 86' lang='lat' dir='ltr'>aut</span> <span class='ocrx_word' id='word_1_732' title='bbox 1614 681 1733 722; x_wconf 72' lang='lat' dir='ltr'>impeF&#39;</span> <span class='ocrx_word' id='word_1_733' title='bbox 1971 674 1979 685; x_wconf 46' lang='lat'>⁸</span> 
     </span>
    </p>
   </div>
   <div class='ocr_carea' id='block_1_8' title="bbox 1106 684 1966 763">
    <p class='ocr_par' dir='ltr' id='par_1_10' title="bbox 1106 684 1966 763">
     <span class='ocr_line' id='line_1_94' title="bbox 1129 684 1966 730; baseline 0.029 -31"><span class='ocrx_word' id='word_1_734' title='bbox 1129 714 1132 717; x_wconf 19' lang='grc' dir='ltr'>η</span> <span class='ocrx_word' id='word_1_735' title='bbox 1211 712 1216 716; x_wconf 82' lang='lat'>.</span> <span class='ocrx_word' id='word_1_736' title='bbox 1281 714 1285 718; x_wconf 18' lang='grc' dir='ltr'><strong>ἡ</strong></span> <span class='ocrx_word' id='word_1_737' title='bbox 1714 693 1754 715; x_wconf 71' lang='lat' dir='ltr'>a:</span> <span class='ocrx_word' id='word_1_738' title='bbox 1780 684 1832 717; x_wconf 85' lang='lat' dir='ltr'>sed</span> <span class='ocrx_word' id='word_1_739' title='bbox 1845 688 1966 730; x_wconf 60' lang='lat' dir='ltr'>aliquast</span> 
     </span>
     <span class='ocr_line' id='line_1_95' title="bbox 1106 712 1949 763; baseline 0.023 -20"><span class='ocrx_word' id='word_1_740' title='bbox 1106 722 1135 744; x_wconf 79' lang='lat' dir='ltr'>er</span> <span class='ocrx_word' id='word_1_741' title='bbox 1167 712 1286 745; x_wconf 81' lang='lat' dir='ltr'>oflundr</span> <span class='ocrx_word' id='word_1_742' title='bbox 1311 716 1500 757; x_wconf 80' lang='lat' dir='ltr'>nubeculas,</span> <span class='ocrx_word' id='word_1_743' title='bbox 1530 719 1583 759; x_wconf 81' lang='lat'>(⁶)</span> <span class='ocrx_word' id='word_1_744' title='bbox 1605 723 1660 754; x_wconf 82' lang='lat' dir='ltr'>etsi</span> <span class='ocrx_word' id='word_1_745' title='bbox 1681 734 1697 754; x_wconf 81' lang='lat' dir='ltr'>a</span> <span class='ocrx_word' id='word_1_746' title='bbox 1716 728 1949 763; x_wconf 68' lang='lat' dir='ltr'>contradiction·</span> 
     </span>
    </p>
   </div>
   <div class='ocr_carea' id='block_1_9' title="bbox 1900 780 1944 804">
    <p class='ocr_par' dir='ltr' id='par_1_11' title="bbox 1900 780 1944 804">
     <span class='ocr_line' id='line_1_96' title="bbox 1900 780 1944 804; baseline -0.023 0"><span class='ocrx_word' id='word_1_747' title='bbox 1900 780 1944 804; x_wconf 77' lang='grc'>[10</span> 
     </span>
    </p>
   </div>
   <div class='ocr_carea' id='block_1_10' title="bbox 1692 187 2007 235">
    <p class='ocr_par' dir='ltr' id='par_1_12' title="bbox 1692 187 2007 235">
     <span class='ocr_line' id='line_1_97' title="bbox 1692 187 2007 235; baseline 0.022 -17"><span class='ocrx_word' id='word_1_748' title='bbox 1692 187 1814 227; x_wconf 85' lang='lat' dir='ltr'>quirere</span> <span class='ocrx_word' id='word_1_749' title='bbox 1828 189 1859 223; x_wconf 84' lang='lat' dir='ltr'>in</span> <span class='ocrx_word' id='word_1_750' title='bbox 1877 202 1954 235; x_wconf 73' lang='lat' dir='ltr'>quae.</span> <span class='ocrx_word' id='word_1_751' title='bbox 2002 200 2007 221; x_wconf 60' lang='grc' dir='ltr'><strong>ι</strong></span> 
     </span>
    </p>
   </div>
   <div class='ocr_carea' id='block_1_11' title="bbox 1102 856 2008 3228">
    <p class='ocr_par' dir='ltr' id='par_1_13' title="bbox 1106 856 1946 936">
     <span class='ocr_line' id='line_1_98' title="bbox 1106 856 1946 902; baseline 0.023 -20"><span class='ocrx_word' id='word_1_752' title='bbox 1106 856 1222 900; x_wconf 59' lang='lat' dir='ltr'>tiniann</span> <span class='ocrx_word' id='word_1_753' title='bbox 1254 856 1343 893; x_wconf 77' lang='lat' dir='ltr'>Igitur</span> <span class='ocrx_word' id='word_1_754' title='bbox 1359 865 1405 887; x_wconf 86' lang='lat' dir='ltr'>aut</span> <span class='ocrx_word' id='word_1_755' title='bbox 1421 859 1644 898; x_wconf 86' lang='lat' dir='ltr'>respondendum</span> <span class='ocrx_word' id='word_1_756' title='bbox 1667 871 1744 900; x_wconf 78' lang='lat' dir='ltr'>erat,</span> <span class='ocrx_word' id='word_1_757' title='bbox 1769 873 1816 897; x_wconf 90' lang='lat' dir='ltr'>aut</span> <span class='ocrx_word' id='word_1_758' title='bbox 1831 871 1946 902; x_wconf 86' lang='lat' dir='ltr'>mutand</span> 
     </span>
     <span class='ocr_line' id='line_1_99' title="bbox 1106 895 1553 936; baseline 0.018 -14"><span class='ocrx_word' id='word_1_759' title='bbox 1106 895 1250 923; x_wconf 77' lang='lat' dir='ltr'>sententia.</span> <span class='ocrx_word' id='word_1_760' title='bbox 1287 897 1348 932; x_wconf 73' lang='lat' dir='ltr'>Ego</span> <span class='ocrx_word' id='word_1_761' title='bbox 1364 898 1432 926; x_wconf 76' lang='lat' dir='ltr'>nibil</span> <span class='ocrx_word' id='word_1_762' title='bbox 1447 908 1553 936; x_wconf 82' lang='lat' dir='ltr'>repeto.</span> 
     </span>
    </p>

    <p class='ocr_par' dir='ltr' id='par_1_14' title="bbox 1102 933 1986 1133">
     <span class='ocr_line' id='line_1_100' title="bbox 1142 933 1964 980; baseline 0.023 -21"><span class='ocrx_word' id='word_1_763' title='bbox 1142 942 1164 961; x_wconf 92' lang='lat'>1.</span> <span class='ocrx_word' id='word_1_764' title='bbox 1188 933 1253 961; x_wconf 87' lang='lat' dir='ltr'>Vidi</span> <span class='ocrx_word' id='word_1_765' title='bbox 1278 943 1373 970; x_wconf 78' lang='lat' dir='ltr'>utique</span> <span class='ocrx_word' id='word_1_766' title='bbox 1397 936 1611 969; x_wconf 67' lang='lat' dir='ltr'>commentarium</span> <span class='ocrx_word' id='word_1_767' title='bbox 1625 947 1701 971; x_wconf 88' lang='lat' dir='ltr'>tuum</span> <span class='ocrx_word' id='word_1_768' title='bbox 1715 964 1724 978; x_wconf 88' lang='lat'>‚</span> <span class='ocrx_word' id='word_1_769' title='bbox 1745 950 1829 980; x_wconf 86' lang='lat' dir='ltr'>atque</span> <span class='ocrx_word' id='word_1_770' title='bbox 1844 946 1910 976; x_wconf 88' lang='lat' dir='ltr'>ideo</span> <span class='ocrx_word' id='word_1_771' title='bbox 1924 948 1964 978; x_wconf 92' lang='grc' dir='ltr'>Ο-</span> 
     </span>
     <span class='ocr_line' id='line_1_101' title="bbox 1104 971 1968 1022; baseline 0.021 -25"><span class='ocrx_word' id='word_1_772' title='bbox 1104 971 1235 1007; x_wconf 85' lang='lat' dir='ltr'>puscu10,</span> <span class='ocrx_word' id='word_1_773' title='bbox 1256 972 1286 999; x_wconf 81' lang='lat' dir='ltr'>de</span> <span class='ocrx_word' id='word_1_774' title='bbox 1301 974 1364 1009; x_wconf 77' lang='lat' dir='ltr'>jure</span> <span class='ocrx_word' id='word_1_775' title='bbox 1387 976 1517 1004; x_wconf 76' lang='lat' dir='ltr'>occidendi</span> <span class='ocrx_word' id='word_1_776' title='bbox 1541 979 1648 1015; x_wconf 76' lang='lat' dir='ltr'>liberos,</span> <span class='ocrx_word' id='word_1_777' title='bbox 1669 983 1841 1018; x_wconf 78' lang='lat' dir='ltr'>rationibus,</span> <span class='ocrx_word' id='word_1_778' title='bbox 1863 986 1968 1022; x_wconf 68' lang='lat' dir='ltr'>quibun-</span> 
     </span>
     <span class='ocr_line' id='line_1_102' title="bbox 1102 1009 1986 1060; baseline 0.021 -25"><span class='ocrx_word' id='word_1_779' title='bbox 1102 1009 1164 1053; x_wconf 72' lang='lat' dir='ltr'>usus</span> <span class='ocrx_word' id='word_1_780' title='bbox 1180 1018 1255 1042; x_wconf 83' lang='lat' dir='ltr'>eras,</span> <span class='ocrx_word' id='word_1_781' title='bbox 1276 1011 1312 1038; x_wconf 92' lang='lat' dir='ltr'>ivi</span> <span class='ocrx_word' id='word_1_782' title='bbox 1328 1013 1459 1048; x_wconf 75' lang='lat' dir='ltr'>obviam,</span> <span class='ocrx_word' id='word_1_783' title='bbox 1482 1015 1562 1044; x_wconf 86' lang='lat' dir='ltr'>aliter</span> <span class='ocrx_word' id='word_1_784' title='bbox 1573 1018 1750 1048; x_wconf 84' lang='lat' dir='ltr'>Marcianum</span> <span class='ocrx_word' id='word_1_785' title='bbox 1770 1023 1963 1060; x_wconf 67' lang='lat' dir='ltr'>interpretatu·</span> <span class='ocrx_word' id='word_1_786' title='bbox 1984 1021 1986 1026; x_wconf 41' lang='lat'>⁸</span> 
     </span>
     <span class='ocr_line' id='line_1_103' title="bbox 1103 1048 1974 1095; baseline 0.024 -21"><span class='ocrx_word' id='word_1_787' title='bbox 1103 1048 1175 1091; x_wconf 37' lang='lat' dir='ltr'>rn&#39;a&#39;.</span> <span class='ocrx_word' id='word_1_788' title='bbox 1196 1048 1214 1075; x_wconf 85' lang='lat' dir='ltr'>l.</span> <span class='ocrx_word' id='word_1_789' title='bbox 1235 1048 1316 1092; x_wconf 39' lang='lat' dir='ltr'>yff.</span> <span class='ocrx_word' id='word_1_790' title='bbox 1338 1051 1366 1077; x_wconf 70' lang='lat' dir='ltr'>aie</span> <span class='ocrx_word' id='word_1_791' title='bbox 1388 1050 1423 1078; x_wconf 90' lang='lat' dir='ltr'>L.</span> <span class='ocrx_word' id='word_1_792' title='bbox 1446 1052 1560 1094; x_wconf 48' lang='lat' dir='ltr'>lfompej.</span> <span class='ocrx_word' id='word_1_793' title='bbox 1593 1057 1622 1084; x_wconf 81' lang='lat' dir='ltr'>de</span> <span class='ocrx_word' id='word_1_794' title='bbox 1641 1057 1775 1087; x_wconf 74' lang='lat' dir='ltr'>Parricid.</span> <span class='ocrx_word' id='word_1_795' title='bbox 1797 1062 1974 1095; x_wconf 70' lang='lat' dir='ltr'>nominatim,</span> 
     </span>
     <span class='ocr_line' id='line_1_104' title="bbox 1103 1088 1982 1133; baseline 0.022 -22"><span class='ocrx_word' id='word_1_796' title='bbox 1103 1092 1142 1113; x_wconf 81' lang='lat' dir='ltr'>tur</span> <span class='ocrx_word' id='word_1_797' title='bbox 1159 1088 1327 1129; x_wconf 81' lang='lat' dir='ltr'>memmnle,</span> <span class='ocrx_word' id='word_1_798' title='bbox 1350 1095 1378 1116; x_wconf 88' lang='lat' dir='ltr'>ut</span> <span class='ocrx_word' id='word_1_799' title='bbox 1398 1093 1589 1127; x_wconf 80' lang='lat' dir='ltr'>consutarem,</span> <span class='ocrx_word' id='word_1_800' title='bbox 1614 1096 1681 1131; x_wconf 88' lang='lat' dir='ltr'>quid</span> <span class='ocrx_word' id='word_1_801' title='bbox 1702 1099 1862 1128; x_wconf 77' lang='lat' dir='ltr'>attinebat?</span> <span class='ocrx_word' id='word_1_802' title='bbox 1950 1104 1951 1107; x_wconf 77' lang='grc'>’</span> <span class='ocrx_word' id='word_1_803' title='bbox 1980 1126 1982 1133; x_wconf 76' lang='grc'>,</span> 
     </span>
    </p>

    <p class='ocr_par' dir='ltr' id='par_1_15' title="bbox 1103 1125 1971 1317">
     <span class='ocr_line' id='line_1_105' title="bbox 1143 1125 1963 1172; baseline 0.023 -22"><span class='ocrx_word' id='word_1_804' title='bbox 1143 1132 1169 1151; x_wconf 82' lang='lat'>2.</span> <span class='ocrx_word' id='word_1_805' title='bbox 1191 1125 1255 1157; x_wconf 82' lang='lat' dir='ltr'>Ars,</span> <span class='ocrx_word' id='word_1_806' title='bbox 1279 1133 1338 1160; x_wconf 78' lang='lat' dir='ltr'>quae</span> <span class='ocrx_word' id='word_1_807' title='bbox 1355 1134 1451 1155; x_wconf 84' lang='lat' dir='ltr'>contra</span> <span class='ocrx_word' id='word_1_808' title='bbox 1475 1131 1555 1158; x_wconf 83' lang='lat' dir='ltr'>attuli</span> <span class='ocrx_word' id='word_1_809' title='bbox 1573 1153 1580 1165; x_wconf 89' lang='lat'>,</span> <span class='ocrx_word' id='word_1_810' title='bbox 1601 1135 1713 1163; x_wconf 79' lang='lat' dir='ltr'>invicem</span> <span class='ocrx_word' id='word_1_811' title='bbox 1727 1134 1753 1171; x_wconf 82' lang='lat' dir='ltr'>se</span> <span class='ocrx_word' id='word_1_812' title='bbox 1766 1135 1894 1172; x_wconf 75' lang='lat' dir='ltr'>deslruere</span> <span class='ocrx_word' id='word_1_813' title='bbox 1908 1149 1963 1170; x_wconf 80' lang='lat' dir='ltr'>mu-</span> 
     </span>
     <span class='ocr_line' id='line_1_106' title="bbox 1103 1165 1966 1212; baseline 0.023 -25"><span class='ocrx_word' id='word_1_814' title='bbox 1103 1168 1149 1189; x_wconf 80' lang='lat' dir='ltr'>tua</span> <span class='ocrx_word' id='word_1_815' title='bbox 1163 1166 1344 1199; x_wconf 76' lang='lat' dir='ltr'>repugnantia.</span> <span class='ocrx_word' id='word_1_816' title='bbox 1364 1165 1417 1193; x_wconf 81' lang='lat' dir='ltr'>Sed</span> <span class='ocrx_word' id='word_1_817' title='bbox 1434 1175 1494 1202; x_wconf 82' lang='lat' dir='ltr'>quae</span> <span class='ocrx_word' id='word_1_818' title='bbox 1514 1168 1578 1203; x_wconf 86' lang='lat' dir='ltr'>fint,</span> <span class='ocrx_word' id='word_1_819' title='bbox 1602 1170 1628 1199; x_wconf 86' lang='lat'>&amp;</span> <span class='ocrx_word' id='word_1_820' title='bbox 1644 1175 1826 1208; x_wconf 85' lang='lat' dir='ltr'>quamobrem</span> <span class='ocrx_word' id='word_1_821' title='bbox 1842 1185 1966 1212; x_wconf 83' lang='lat' dir='ltr'>pugnan-</span> 
     </span>
     <span class='ocr_line' id='line_1_107' title="bbox 1104 1200 1971 1247; baseline 0.022 -22"><span class='ocrx_word' id='word_1_822' title='bbox 1104 1201 1143 1227; x_wconf 83' lang='lat' dir='ltr'>tia</span> <span class='ocrx_word' id='word_1_823' title='bbox 1160 1200 1226 1232; x_wconf 75' lang='lat' dir='ltr'>sint,</span> <span class='ocrx_word' id='word_1_824' title='bbox 1248 1209 1304 1228; x_wconf 88' lang='lat' dir='ltr'>non</span> <span class='ocrx_word' id='word_1_825' title='bbox 1329 1205 1453 1239; x_wconf 81' lang='lat' dir='ltr'>exponis.</span> <span class='ocrx_word' id='word_1_826' title='bbox 1492 1207 1560 1234; x_wconf 91' lang='lat' dir='ltr'>Non</span> <span class='ocrx_word' id='word_1_827' title='bbox 1583 1217 1697 1245; x_wconf 87' lang='lat' dir='ltr'>oportet</span> <span class='ocrx_word' id='word_1_828' title='bbox 1714 1212 1740 1239; x_wconf 92' lang='lat' dir='ltr'>in</span> <span class='ocrx_word' id='word_1_829' title='bbox 1758 1212 1930 1247; x_wconf 65' lang='lat' dir='ltr'>objectionib</span> <span class='ocrx_word' id='word_1_830' title='bbox 1970 1207 1971 1211; x_wconf 33' lang='lat'>¹</span> 
     </span>
     <span class='ocr_line' id='line_1_108' title="bbox 1105 1238 1970 1290; baseline 0.027 -28"><span class='ocrx_word' id='word_1_831' title='bbox 1105 1238 1174 1280; x_wconf 75' lang='lat' dir='ltr'>tanti</span> <span class='ocrx_word' id='word_1_832' title='bbox 1201 1238 1332 1273; x_wconf 85' lang='lat' dir='ltr'>ponderis</span> <span class='ocrx_word' id='word_1_833' title='bbox 1356 1243 1470 1275; x_wconf 77' lang='lat' dir='ltr'>vagari3</span> <span class='ocrx_word' id='word_1_834' title='bbox 1499 1251 1561 1271; x_wconf 89' lang='lat' dir='ltr'>cum</span> <span class='ocrx_word' id='word_1_835' title='bbox 1583 1246 1667 1275; x_wconf 79' lang='lat' dir='ltr'>simile</span> <span class='ocrx_word' id='word_1_836' title='bbox 1682 1250 1750 1285; x_wconf 89' lang='lat' dir='ltr'>quid</span> <span class='ocrx_word' id='word_1_837' title='bbox 1763 1252 1814 1280; x_wconf 75' lang='lat' dir='ltr'>:ibi</span> <span class='ocrx_word' id='word_1_838' title='bbox 1833 1252 1970 1290; x_wconf 77' lang='lat' dir='ltr'>objicio,&#39;</span> 
     </span>
     <span class='ocr_line' id='line_1_109' title="bbox 1104 1275 1776 1317; baseline 0.024 -16"><span class='ocrx_word' id='word_1_839' title='bbox 1104 1275 1199 1302; x_wconf 76' lang='lat' dir='ltr'>dicere</span> <span class='ocrx_word' id='word_1_840' title='bbox 1215 1283 1272 1303; x_wconf 90' lang='lat' dir='ltr'>non</span> <span class='ocrx_word' id='word_1_841' title='bbox 1289 1283 1436 1306; x_wconf 82' lang='lat' dir='ltr'>contentus</span> <span class='ocrx_word' id='word_1_842' title='bbox 1447 1301 1453 1312; x_wconf 95' lang='lat'>,</span> <span class='ocrx_word' id='word_1_843' title='bbox 1477 1282 1655 1316; x_wconf 83' lang='lat' dir='ltr'>probationes</span> <span class='ocrx_word' id='word_1_844' title='bbox 1671 1287 1776 1317; x_wconf 82' lang='lat' dir='ltr'>addidi.</span> 
     </span>
    </p>

    <p class='ocr_par' dir='ltr' id='par_1_16' title="bbox 1104 1313 2008 2662">
     <span class='ocr_line' id='line_1_110' title="bbox 1141 1313 1969 1366; baseline 0.028 -28"><span class='ocrx_word' id='word_1_845' title='bbox 1141 1320 1165 1346; x_wconf 69' lang='lat'>3⁴</span> <span class='ocrx_word' id='word_1_846' title='bbox 1187 1313 1359 1359; x_wconf 67' lang='lat' dir='ltr'>Neglexisset</span> <span class='ocrx_word' id='word_1_847' title='bbox 1375 1317 1425 1344; x_wconf 89' lang='lat' dir='ltr'>Vir</span> <span class='ocrx_word' id='word_1_848' title='bbox 1445 1318 1517 1347; x_wconf 85' lang='lat' dir='ltr'>Clar.</span> <span class='ocrx_word' id='word_1_849' title='bbox 1535 1321 1792 1359; x_wconf 85' lang='lat' dir='ltr'>interpretationem</span> <span class='ocrx_word' id='word_1_850' title='bbox 1807 1328 1969 1366; x_wconf 81' lang='lat' dir='ltr'>Marciani,¹</span> 
     </span>
     <span class='ocr_line' id='line_1_111' title="bbox 1104 1353 1952 1400; baseline 0.024 -23"><span class='ocrx_word' id='word_1_851' title='bbox 1104 1359 1186 1395; x_wconf 83' lang='lat' dir='ltr'>quam</span> <span class='ocrx_word' id='word_1_852' title='bbox 1206 1355 1262 1388; x_wconf 83' lang='lat' dir='ltr'>rple</span> <span class='ocrx_word' id='word_1_853' title='bbox 1277 1353 1358 1387; x_wconf 82' lang='lat' dir='ltr'>dedi,</span> <span class='ocrx_word' id='word_1_854' title='bbox 1383 1355 1516 1392; x_wconf 73' lang='lat' dir='ltr'>&amp;praeter</span> <span class='ocrx_word' id='word_1_855' title='bbox 1531 1367 1573 1387; x_wconf 89' lang='lat' dir='ltr'>me</span> <span class='ocrx_word' id='word_1_856' title='bbox 1592 1367 1635 1389; x_wconf 90' lang='lat' dir='ltr'>tot</span> <span class='ocrx_word' id='word_1_857' title='bbox 1650 1363 1696 1391; x_wconf 86' lang='lat' dir='ltr'>alii</span> <span class='ocrx_word' id='word_1_858' title='bbox 1713 1363 1865 1400; x_wconf 87' lang='lat' dir='ltr'>dederunt,</span> <span class='ocrx_word' id='word_1_859' title='bbox 1886 1367 1952 1398; x_wconf 86' lang='lat' dir='ltr'>filen</span> 
     </span>
     <span class='ocr_line' id='line_1_112' title="bbox 1104 1391 1983 1440; baseline 0.024 -24"><span class='ocrx_word' id='word_1_860' title='bbox 1104 1396 1146 1417; x_wconf 83' lang='lat' dir='ltr'>tro</span> <span class='ocrx_word' id='word_1_861' title='bbox 1173 1397 1237 1425; x_wconf 86' lang='lat' dir='ltr'>puta</span> <span class='ocrx_word' id='word_1_862' title='bbox 1255 1411 1264 1425; x_wconf 88' lang='lat'>‚</span> <span class='ocrx_word' id='word_1_863' title='bbox 1284 1391 1316 1435; x_wconf 39' lang='lat'>¹&amp;</span> <span class='ocrx_word' id='word_1_864' title='bbox 1339 1399 1503 1431; x_wconf 84' lang='lat' dir='ltr'>contemptu</span> <span class='ocrx_word' id='word_1_865' title='bbox 1529 1396 1656 1433; x_wconf 80' lang='lat' dir='ltr'>dignam,</span> <span class='ocrx_word' id='word_1_866' title='bbox 1679 1402 1724 1430; x_wconf 88' lang='lat' dir='ltr'>sed</span> <span class='ocrx_word' id='word_1_867' title='bbox 1745 1411 1904 1440; x_wconf 79' lang='lat' dir='ltr'>opportune</span> <span class='ocrx_word' id='word_1_868' title='bbox 1925 1408 1983 1437; x_wconf 39' lang='lat' dir='ltr'>in«.</span> 
     </span>
     <span class='ocr_line' id='line_1_113' title="bbox 1105 1428 1976 1479; baseline 0.023 -25"><span class='ocrx_word' id='word_1_869' title='bbox 1105 1428 1223 1456; x_wconf 84' lang='lat' dir='ltr'>terceslit</span> <span class='ocrx_word' id='word_1_870' title='bbox 1238 1429 1361 1466; x_wconf 68' lang='lat' dir='ltr'>Epistola</span> <span class='ocrx_word' id='word_1_871' title='bbox 1377 1433 1437 1460; x_wconf 81' lang='lat' dir='ltr'>Viri</span> <span class='ocrx_word' id='word_1_872' title='bbox 1457 1435 1600 1469; x_wconf 84' lang='lat' dir='ltr'>cujusdam</span> <span class='ocrx_word' id='word_1_873' title='bbox 1622 1441 1751 1475; x_wconf 79' lang='lat' dir='ltr'>apprime,</span> <span class='ocrx_word' id='word_1_874' title='bbox 1781 1449 1812 1471; x_wconf 90' lang='lat' dir='ltr'>ut</span> <span class='ocrx_word' id='word_1_875' title='bbox 1828 1444 1883 1479; x_wconf 86' lang='lat' dir='ltr'>ait,</span> <span class='ocrx_word' id='word_1_876' title='bbox 1903 1445 1932 1473; x_wconf 84' lang='lat' dir='ltr'>do</span> <span class='ocrx_word' id='word_1_877' title='bbox 1970 1460 1976 1472; x_wconf 58' lang='grc' dir='ltr'>υ</span> 
     </span>
     <span class='ocr_line' id='line_1_114' title="bbox 1105 1465 1971 1520; baseline 0.024 -28"><span class='ocrx_word' id='word_1_878' title='bbox 1105 1465 1141 1500; x_wconf 74' lang='lat'>&amp;³</span> <span class='ocrx_word' id='word_1_879' title='bbox 1158 1468 1297 1503; x_wconf 76' lang='lat' dir='ltr'>ingeniosi,</span> <span class='ocrx_word' id='word_1_880' title='bbox 1320 1470 1367 1506; x_wconf 89' lang='lat' dir='ltr'>qui</span> <span class='ocrx_word' id='word_1_881' title='bbox 1383 1479 1444 1499; x_wconf 88' lang='lat' dir='ltr'>eam</span> <span class='ocrx_word' id='word_1_882' title='bbox 1459 1472 1487 1500; x_wconf 90' lang='lat' dir='ltr'>in</span> <span class='ocrx_word' id='word_1_883' title='bbox 1505 1473 1530 1501; x_wconf 88' lang='lat' dir='ltr'>se</span> <span class='ocrx_word' id='word_1_884' title='bbox 1546 1482 1659 1512; x_wconf 85' lang='lat' dir='ltr'>operam</span> <span class='ocrx_word' id='word_1_885' title='bbox 1675 1480 1789 1515; x_wconf 83' lang='lat' dir='ltr'>recepit.</span> <span class='ocrx_word' id='word_1_886' title='bbox 1812 1481 1897 1520; x_wconf 84' lang='lat' dir='ltr'>Quod</span> <span class='ocrx_word' id='word_1_887' title='bbox 1912 1483 1971 1513; x_wconf 85' lang='lat' dir='ltr'>lau-</span> 
     </span>
     <span class='ocr_line' id='line_1_115' title="bbox 1105 1505 2003 1553; baseline 0.02 -22"><span class='ocrx_word' id='word_1_888' title='bbox 1105 1505 1167 1532; x_wconf 88' lang='lat' dir='ltr'>dem</span> <span class='ocrx_word' id='word_1_889' title='bbox 1191 1506 1318 1535; x_wconf 84' lang='lat' dir='ltr'>laudibus</span> <span class='ocrx_word' id='word_1_890' title='bbox 1342 1509 1394 1537; x_wconf 87' lang='lat' dir='ltr'>tuis</span> <span class='ocrx_word' id='word_1_891' title='bbox 1416 1516 1562 1547; x_wconf 86' lang='lat' dir='ltr'>reponas‚&#39;</span> <span class='ocrx_word' id='word_1_892' title='bbox 1580 1516 1718 1546; x_wconf 85' lang='lat' dir='ltr'>rationem</span> <span class='ocrx_word' id='word_1_893' title='bbox 1740 1519 1842 1553; x_wconf 85' lang='lat' dir='ltr'>habet,</span> <span class='ocrx_word' id='word_1_894' title='bbox 1868 1520 1913 1550; x_wconf 90' lang='lat' dir='ltr'>sed</span> <span class='ocrx_word' id='word_1_895' title='bbox 1932 1511 2003 1553; x_wconf 54' lang='lat' dir='ltr'>ant-¹¹¹</span> 
     </span>
     <span class='ocr_line' id='line_1_116' title="bbox 1104 1543 1968 1594; baseline 0.023 -25"><span class='ocrx_word' id='word_1_896' title='bbox 1104 1543 1214 1571; x_wconf 82' lang='lat' dir='ltr'>laudem</span> <span class='ocrx_word' id='word_1_897' title='bbox 1231 1552 1367 1574; x_wconf 86' lang='lat' dir='ltr'>mereatur</span> <span class='ocrx_word' id='word_1_898' title='bbox 1384 1549 1479 1577; x_wconf 64' lang='lat' dir='ltr'>auctor</span> <span class='ocrx_word' id='word_1_899' title='bbox 1492 1551 1622 1587; x_wconf 82' lang='lat' dir='ltr'>Epistolae</span> <span class='ocrx_word' id='word_1_900' title='bbox 1636 1574 1645 1589; x_wconf 89' lang='lat'><strong>‚</strong></span> <span class='ocrx_word' id='word_1_901' title='bbox 1665 1563 1723 1583; x_wconf 89' lang='lat' dir='ltr'>non</span> <span class='ocrx_word' id='word_1_902' title='bbox 1747 1557 1882 1594; x_wconf 82' lang='lat' dir='ltr'>dixerim,</span> <span class='ocrx_word' id='word_1_903' title='bbox 1903 1568 1968 1591; x_wconf 71' lang='lat' dir='ltr'>naun</span> 
     </span>
     <span class='ocr_line' id='line_1_117' title="bbox 1105 1581 2003 1632; baseline 0.024 -25"><span class='ocrx_word' id='word_1_904' title='bbox 1105 1581 1192 1610; x_wconf 82' lang='lat' dir='ltr'>latere</span> <span class='ocrx_word' id='word_1_905' title='bbox 1208 1583 1298 1611; x_wconf 89' lang='lat' dir='ltr'>voluit</span> <span class='ocrx_word' id='word_1_906' title='bbox 1317 1593 1488 1622; x_wconf 87' lang='lat' dir='ltr'>anonymus,</span> <span class='ocrx_word' id='word_1_907' title='bbox 1511 1590 1554 1617; x_wconf 92' lang='lat' dir='ltr'>vel</span> <span class='ocrx_word' id='word_1_908' title='bbox 1573 1592 1683 1628; x_wconf 82' lang='lat' dir='ltr'>potius,</span> <span class='ocrx_word' id='word_1_909' title='bbox 1700 1593 1735 1622; x_wconf 82' lang='lat' dir='ltr'>&#39;tu</span> <span class='ocrx_word' id='word_1_910' title='bbox 1756 1596 1883 1632; x_wconf 85' lang='lat' dir='ltr'>voluisti,</span> <span class='ocrx_word' id='word_1_911' title='bbox 1905 1602 2003 1632; x_wconf 42' lang='lat' dir='ltr'>eumn(-</span> 
     </span>
     <span class='ocr_line' id='line_1_118' title="bbox 1106 1619 1974 1670; baseline 0.024 -24"><span class='ocrx_word' id='word_1_912' title='bbox 1106 1619 1202 1664; x_wconf 78' lang='lat' dir='ltr'>latere.</span> <span class='ocrx_word' id='word_1_913' title='bbox 1223 1623 1302 1666; x_wconf 43' lang='lat' dir='ltr'>&#39;Ipsa</span> <span class='ocrx_word' id='word_1_914' title='bbox 1320 1630 1393 1652; x_wconf 86' lang='lat' dir='ltr'>certe</span> <span class='ocrx_word' id='word_1_915' title='bbox 1412 1626 1528 1661; x_wconf 83' lang='lat' dir='ltr'>epistola</span> <span class='ocrx_word' id='word_1_916' title='bbox 1545 1628 1653 1659; x_wconf 89' lang='lat' dir='ltr'>laudem</span> <span class='ocrx_word' id='word_1_917' title='bbox 1671 1640 1728 1661; x_wconf 90' lang='lat' dir='ltr'>non</span> <span class='ocrx_word' id='word_1_918' title='bbox 1744 1641 1882 1670; x_wconf 87' lang='lat' dir='ltr'>meretur,</span> <span class='ocrx_word' id='word_1_919' title='bbox 1903 1645 1974 1668; x_wconf 80' lang='lat' dir='ltr'>nam.</span> 
     </span>
     <span class='ocr_line' id='line_1_119' title="bbox 1106 1660 1970 1707; baseline 0.023 -22"><span class='ocrx_word' id='word_1_920' title='bbox 1106 1665 1135 1686; x_wconf 81' lang='lat' dir='ltr'>rn</span> <span class='ocrx_word' id='word_1_921' title='bbox 1153 1668 1185 1703; x_wconf 76' lang='lat' dir='ltr'>ea</span> <span class='ocrx_word' id='word_1_922' title='bbox 1201 1661 1268 1688; x_wconf 81' lang='lat' dir='ltr'>mini</span> <span class='ocrx_word' id='word_1_923' title='bbox 1286 1660 1324 1688; x_wconf 86' lang='lat' dir='ltr'>est</span> <span class='ocrx_word' id='word_1_924' title='bbox 1342 1663 1421 1690; x_wconf 80' lang='lat' dir='ltr'>bonae</span> <span class='ocrx_word' id='word_1_925' title='bbox 1438 1663 1535 1700; x_wconf 86' lang='lat' dir='ltr'>frugis,</span> <span class='ocrx_word' id='word_1_926' title='bbox 1560 1667 1585 1696; x_wconf 72' lang='grc' dir='ltr'><strong>ἃ</strong></span> <span class='ocrx_word' id='word_1_927' title='bbox 1601 1670 1669 1698; x_wconf 83' lang='lat' dir='ltr'>nibil</span> <span class='ocrx_word' id='word_1_928' title='bbox 1680 1691 1688 1703; x_wconf 84' lang='lat'>,</span> <span class='ocrx_word' id='word_1_929' title='bbox 1702 1672 1778 1707; x_wconf 88' lang='lat' dir='ltr'>quod</span> <span class='ocrx_word' id='word_1_930' title='bbox 1793 1682 1826 1702; x_wconf 87' lang='lat' dir='ltr'>ex</span> <span class='ocrx_word' id='word_1_931' title='bbox 1840 1673 1970 1704; x_wconf 79' lang='lat' dir='ltr'>Commen-</span> 
     </span>
     <span class='ocr_line' id='line_1_120' title="bbox 1106 1700 1969 1743; baseline 0.023 -20"><span class='ocrx_word' id='word_1_932' title='bbox 1106 1702 1172 1725; x_wconf 75' lang='lat' dir='ltr'>tario</span> <span class='ocrx_word' id='word_1_933' title='bbox 1188 1704 1231 1725; x_wconf 78' lang='lat' dir='ltr'>tuo</span> <span class='ocrx_word' id='word_1_934' title='bbox 1246 1707 1303 1726; x_wconf 87' lang='lat' dir='ltr'>non</span> <span class='ocrx_word' id='word_1_935' title='bbox 1319 1700 1348 1728; x_wconf 83' lang='lat' dir='ltr'>fit</span> <span class='ocrx_word' id='word_1_936' title='bbox 1364 1703 1580 1740; x_wconf 76' lang='lat' dir='ltr'>transfer-iprum.</span> <span class='ocrx_word' id='word_1_937' title='bbox 1620 1708 1649 1737; x_wconf 88' lang='lat' dir='ltr'>Si</span> <span class='ocrx_word' id='word_1_938' title='bbox 1670 1709 1712 1737; x_wconf 87' lang='lat' dir='ltr'>liti</span> <span class='ocrx_word' id='word_1_939' title='bbox 1729 1709 1827 1739; x_wconf 82' lang='lat' dir='ltr'>nostrae</span> <span class='ocrx_word' id='word_1_940' title='bbox 1843 1711 1869 1740; x_wconf 77' lang='lat' dir='ltr'>se</span> <span class='ocrx_word' id='word_1_941' title='bbox 1883 1712 1969 1743; x_wconf 83' lang='lat' dir='ltr'>offet-</span> 
     </span>
     <span class='ocr_line' id='line_1_121' title="bbox 1109 1737 1974 1783; baseline 0.022 -21"><span class='ocrx_word' id='word_1_942' title='bbox 1109 1744 1139 1763; x_wconf 88' lang='lat' dir='ltr'>re</span> <span class='ocrx_word' id='word_1_943' title='bbox 1159 1737 1263 1769; x_wconf 85' lang='lat' dir='ltr'>voluit,</span> <span class='ocrx_word' id='word_1_944' title='bbox 1286 1746 1333 1765; x_wconf 86' lang='lat' dir='ltr'>cur</span> <span class='ocrx_word' id='word_1_945' title='bbox 1350 1747 1406 1767; x_wconf 87' lang='lat' dir='ltr'>non</span> <span class='ocrx_word' id='word_1_946' title='bbox 1430 1747 1517 1770; x_wconf 86' lang='lat' dir='ltr'>totam</span> <span class='ocrx_word' id='word_1_947' title='bbox 1535 1743 1610 1772; x_wconf 90' lang='lat' dir='ltr'>litem</span> <span class='ocrx_word' id='word_1_948' title='bbox 1634 1746 1708 1776; x_wconf 89' lang='lat' dir='ltr'>suam</span> <span class='ocrx_word' id='word_1_949' title='bbox 1723 1748 1790 1778; x_wconf 88' lang='lat' dir='ltr'>fecit</span> <span class='ocrx_word' id='word_1_950' title='bbox 1804 1772 1811 1783; x_wconf 94' lang='lat'>,</span> <span class='ocrx_word' id='word_1_951' title='bbox 1832 1750 1858 1779; x_wconf 72' lang='grc' dir='ltr'>ἀ</span> <span class='ocrx_word' id='word_1_952' title='bbox 1873 1753 1948 1781; x_wconf 87' lang='lat' dir='ltr'>omni</span> <span class='ocrx_word' id='word_1_953' title='bbox 1972 1774 1974 1780; x_wconf 94' lang='lat'>.</span> 
     </span>
     <span class='ocr_line' id='line_1_122' title="bbox 1109 1778 1970 1826; baseline 0.023 -26"><span class='ocrx_word' id='word_1_954' title='bbox 1109 1782 1270 1810; x_wconf 78' lang='lat' dir='ltr'>argumenta</span> <span class='ocrx_word' id='word_1_955' title='bbox 1285 1778 1419 1807; x_wconf 73' lang='lat' dir='ltr'>excussit?</span> <span class='ocrx_word' id='word_1_956' title='bbox 1438 1780 1497 1814; x_wconf 84' lang='lat' dir='ltr'>ejus</span> <span class='ocrx_word' id='word_1_957' title='bbox 1516 1782 1679 1814; x_wconf 84' lang='lat' dir='ltr'>industriam</span> <span class='ocrx_word' id='word_1_958' title='bbox 1693 1794 1768 1815; x_wconf 92' lang='lat' dir='ltr'>nunc</span> <span class='ocrx_word' id='word_1_959' title='bbox 1788 1796 1908 1826; x_wconf 85' lang='lat' dir='ltr'>occupat</span> <span class='ocrx_word' id='word_1_960' title='bbox 1927 1790 1970 1819; x_wconf 91' lang='lat' dir='ltr'>so-</span> 
     </span>
     <span class='ocr_line' id='line_1_123' title="bbox 1108 1812 1969 1859; baseline 0.022 -20"><span class='ocrx_word' id='word_1_961' title='bbox 1108 1812 1133 1840; x_wconf 91' lang='lat' dir='ltr'>la</span> <span class='ocrx_word' id='word_1_962' title='bbox 1153 1814 1171 1840; x_wconf 82' lang='lat' dir='ltr'>l.</span> <span class='ocrx_word' id='word_1_963' title='bbox 1193 1821 1217 1847; x_wconf 83' lang='lat'>5.</span> <span class='ocrx_word' id='word_1_964' title='bbox 1232 1813 1272 1851; x_wconf 88' lang='lat' dir='ltr'>ff.</span> <span class='ocrx_word' id='word_1_965' title='bbox 1299 1815 1328 1859; x_wconf 63' lang='lat' dir='ltr'>df</span> <span class='ocrx_word' id='word_1_966' title='bbox 1346 1817 1429 1859; x_wconf 33' lang='lat' dir='ltr'>*Lege</span> <span class='ocrx_word' id='word_1_967' title='bbox 1452 1818 1543 1856; x_wconf 81' lang='lat' dir='ltr'>Pomp.</span> <span class='ocrx_word' id='word_1_968' title='bbox 1572 1821 1601 1849; x_wconf 81' lang='lat' dir='ltr'>de</span> <span class='ocrx_word' id='word_1_969' title='bbox 1620 1825 1743 1858; x_wconf 79' lang='lat' dir='ltr'>parricid.</span> <span class='ocrx_word' id='word_1_970' title='bbox 1766 1825 1792 1854; x_wconf 83' lang='lat'>&amp;</span> <span class='ocrx_word' id='word_1_971' title='bbox 1807 1826 1842 1855; x_wconf 80' lang='lat' dir='ltr'>ad</span> <span class='ocrx_word' id='word_1_972' title='bbox 1859 1836 1919 1856; x_wconf 86' lang='lat' dir='ltr'>eam</span> <span class='ocrx_word' id='word_1_973' title='bbox 1936 1828 1969 1857; x_wconf 81' lang='lat' dir='ltr'>il-</span> 
     </span>
     <span class='ocr_line' id='line_1_124' title="bbox 1108 1851 1970 1897; baseline 0.022 -20"><span class='ocrx_word' id='word_1_974' title='bbox 1108 1851 1276 1880; x_wconf 85' lang='lat' dir='ltr'>lustrandam</span> <span class='ocrx_word' id='word_1_975' title='bbox 1294 1855 1363 1882; x_wconf 80' lang='lat' dir='ltr'>nihil</span> <span class='ocrx_word' id='word_1_976' title='bbox 1380 1857 1468 1889; x_wconf 89' lang='lat' dir='ltr'>novi,</span> <span class='ocrx_word' id='word_1_977' title='bbox 1488 1858 1557 1886; x_wconf 82' lang='lat' dir='ltr'>nihil</span> <span class='ocrx_word' id='word_1_978' title='bbox 1581 1859 1660 1889; x_wconf 86' lang='lat' dir='ltr'>solidi</span> <span class='ocrx_word' id='word_1_979' title='bbox 1685 1863 1775 1891; x_wconf 84' lang='lat' dir='ltr'>adfert</span> <span class='ocrx_word' id='word_1_980' title='bbox 1792 1886 1799 1897; x_wconf 87' lang='lat'>,</span> <span class='ocrx_word' id='word_1_981' title='bbox 1821 1870 1867 1893; x_wconf 80' lang='lat' dir='ltr'>tua</span> <span class='ocrx_word' id='word_1_982' title='bbox 1885 1868 1970 1896; x_wconf 82' lang='lat' dir='ltr'>unice</span> 
     </span>
     <span class='ocr_line' id='line_1_125' title="bbox 1108 1889 1970 1935; baseline 0.022 -19"><span class='ocrx_word' id='word_1_983' title='bbox 1108 1889 1223 1931; x_wconf 58' lang='lat' dir='ltr'>uestigia</span> <span class='ocrx_word' id='word_1_984' title='bbox 1238 1900 1375 1926; x_wconf 85' lang='lat' dir='ltr'>premens.</span> <span class='ocrx_word' id='word_1_985' title='bbox 1414 1895 1496 1923; x_wconf 86' lang='lat' dir='ltr'>Hanc</span> <span class='ocrx_word' id='word_1_986' title='bbox 1518 1897 1669 1933; x_wconf 86' lang='lat' dir='ltr'>Epistolam</span> <span class='ocrx_word' id='word_1_987' title='bbox 1690 1901 1743 1929; x_wconf 87' lang='lat' dir='ltr'>effe</span> <span class='ocrx_word' id='word_1_988' title='bbox 1765 1901 1850 1931; x_wconf 61' lang='lat' dir='ltr'>fletam</span> <span class='ocrx_word' id='word_1_989' title='bbox 1867 1903 1892 1932; x_wconf 70' lang='grc' dir='ltr'>δι</span> <span class='ocrx_word' id='word_1_990' title='bbox 1908 1913 1923 1933; x_wconf 89' lang='lat' dir='ltr'>a</span> <span class='ocrx_word' id='word_1_991' title='bbox 1940 1911 1970 1935; x_wconf 81' lang='lat' dir='ltr'>te</span> 
     </span>
     <span class='ocr_line' id='line_1_126' title="bbox 1109 1929 1970 1979; baseline 0.02 -24"><span class='ocrx_word' id='word_1_992' title='bbox 1109 1929 1273 1971; x_wconf 79' lang='lat' dir='ltr'>suppositam</span> <span class='ocrx_word' id='word_1_993' title='bbox 1284 1951 1292 1964; x_wconf 96' lang='lat'>,</span> <span class='ocrx_word' id='word_1_994' title='bbox 1308 1937 1337 1958; x_wconf 91' lang='lat' dir='ltr'>ut</span> <span class='ocrx_word' id='word_1_995' title='bbox 1355 1937 1384 1959; x_wconf 90' lang='lat' dir='ltr'>ut</span> <span class='ocrx_word' id='word_1_996' title='bbox 1399 1933 1445 1960; x_wconf 86' lang='lat' dir='ltr'>alii</span> <span class='ocrx_word' id='word_1_997' title='bbox 1462 1936 1648 1971; x_wconf 82' lang='lat' dir='ltr'>conjeccrint,</span> <span class='ocrx_word' id='word_1_998' title='bbox 1671 1947 1724 1975; x_wconf 87' lang='lat' dir='ltr'>ego</span> <span class='ocrx_word' id='word_1_999' title='bbox 1739 1940 1806 1968; x_wconf 85' lang='lat' dir='ltr'>mihi</span> <span class='ocrx_word' id='word_1_1000' title='bbox 1824 1949 1970 1979; x_wconf 84' lang='lat' dir='ltr'>nunquam</span> 
     </span>
     <span class='ocr_line' id='line_1_127' title="bbox 1108 1969 1997 2017; baseline 0.019 -24"><span class='ocrx_word' id='word_1_1001' title='bbox 1108 1969 1375 2010; x_wconf 79' lang='lat' dir='ltr'>persuaseri1u‚nam</span> <span class='ocrx_word' id='word_1_1002' title='bbox 1392 1971 1438 1999; x_wconf 85' lang='lat' dir='ltr'>hic</span> <span class='ocrx_word' id='word_1_1003' title='bbox 1455 1972 1510 2000; x_wconf 87' lang='lat' dir='ltr'>illic</span> <span class='ocrx_word' id='word_1_1004' title='bbox 1521 1974 1632 2004; x_wconf 71' lang='lat' dir='ltr'>Austori</span> <span class='ocrx_word' id='word_1_1005' title='bbox 1647 1978 1770 2013; x_wconf 83' lang='lat' dir='ltr'>quaedam</span> <span class='ocrx_word' id='word_1_1006' title='bbox 1787 1979 1969 2017; x_wconf 81' lang='lat' dir='ltr'>exciderunt,</span> <span class='ocrx_word' id='word_1_1007' title='bbox 1987 1988 1997 2010; x_wconf 64' lang='grc' dir='ltr'><em>ἰ</em></span> 
     </span>
     <span class='ocr_line' id='line_1_128' title="bbox 1111 2007 1969 2057; baseline 0.02 -25"><span class='ocrx_word' id='word_1_1008' title='bbox 1111 2013 1140 2032; x_wconf 88' lang='lat' dir='ltr'>m</span> <span class='ocrx_word' id='word_1_1009' title='bbox 1156 2007 1254 2041; x_wconf 87' lang='lat' dir='ltr'>quibus</span> <span class='ocrx_word' id='word_1_1010' title='bbox 1280 2013 1370 2036; x_wconf 89' lang='lat' dir='ltr'>tecum</span> <span class='ocrx_word' id='word_1_1011' title='bbox 1394 2017 1451 2037; x_wconf 89' lang='lat' dir='ltr'>non</span> <span class='ocrx_word' id='word_1_1012' title='bbox 1474 2014 1616 2042; x_wconf 82' lang='lat' dir='ltr'>convenit.</span> <span class='ocrx_word' id='word_1_1013' title='bbox 1655 2016 1761 2044; x_wconf 82' lang='lat' dir='ltr'>Possem</span> <span class='ocrx_word' id='word_1_1014' title='bbox 1785 2016 1810 2044; x_wconf 65' lang='grc' dir='ltr'>δὲ</span> <span class='ocrx_word' id='word_1_1015' title='bbox 1829 2018 1883 2054; x_wconf 87' lang='lat' dir='ltr'>ipse</span> <span class='ocrx_word' id='word_1_1016' title='bbox 1900 2020 1969 2057; x_wconf 81' lang='lat' dir='ltr'>Epi·</span> 
     </span>
     <span class='ocr_line' id='line_1_129' title="bbox 1111 2043 1967 2090; baseline 0.019 -20"><span class='ocrx_word' id='word_1_1017' title='bbox 1111 2043 1194 2072; x_wconf 84' lang='lat' dir='ltr'>stolas</span> <span class='ocrx_word' id='word_1_1018' title='bbox 1214 2044 1339 2081; x_wconf 84' lang='lat' dir='ltr'>proferre</span> <span class='ocrx_word' id='word_1_1019' title='bbox 1353 2068 1360 2079; x_wconf 92' lang='lat'>,</span> <span class='ocrx_word' id='word_1_1020' title='bbox 1389 2048 1423 2075; x_wconf 88' lang='lat' dir='ltr'>ad</span> <span class='ocrx_word' id='word_1_1021' title='bbox 1441 2057 1483 2076; x_wconf 90' lang='lat' dir='ltr'>me</span> <span class='ocrx_word' id='word_1_1022' title='bbox 1505 2050 1597 2083; x_wconf 86' lang='lat' dir='ltr'>datas,</span> <span class='ocrx_word' id='word_1_1023' title='bbox 1620 2058 1681 2088; x_wconf 79' lang='lat' dir='ltr'>qua:</span> <span class='ocrx_word' id='word_1_1024' title='bbox 1696 2062 1784 2083; x_wconf 83' lang='lat' dir='ltr'>meam</span> <span class='ocrx_word' id='word_1_1025' title='bbox 1801 2055 1907 2090; x_wconf 77' lang='lat' dir='ltr'>dejure</span> <span class='ocrx_word' id='word_1_1026' title='bbox 1922 2065 1967 2086; x_wconf 83' lang='lat' dir='ltr'>oc-</span> 
     </span>
     <span class='ocr_line' id='line_1_130' title="bbox 1111 2082 1997 2128; baseline 0.019 -19"><span class='ocrx_word' id='word_1_1027' title='bbox 1111 2082 1221 2111; x_wconf 84' lang='lat' dir='ltr'>cidendi</span> <span class='ocrx_word' id='word_1_1028' title='bbox 1244 2084 1269 2112; x_wconf 72' lang='grc' dir='ltr'>ὅ(</span> <span class='ocrx_word' id='word_1_1029' title='bbox 1291 2085 1450 2120; x_wconf 81' lang='lat' dir='ltr'>exponendi</span> <span class='ocrx_word' id='word_1_1030' title='bbox 1475 2086 1635 2117; x_wconf 86' lang='lat' dir='ltr'>sententiam</span> <span class='ocrx_word' id='word_1_1031' title='bbox 1658 2093 1802 2128; x_wconf 85' lang='lat' dir='ltr'>probant.</span> <span class='ocrx_word' id='word_1_1032' title='bbox 1827 2101 1900 2123; x_wconf 86' lang='lat' dir='ltr'>tuam</span> <span class='ocrx_word' id='word_1_1033' title='bbox 1917 2096 1968 2125; x_wconf 85' lang='lat' dir='ltr'>im·</span> <span class='ocrx_word' id='word_1_1034' title='bbox 1989 2109 1997 2121; x_wconf 68' lang='grc' dir='ltr'><strong><em>ι</em></strong></span> 
     </span>
     <span class='ocr_line' id='line_1_131' title="bbox 1110 2122 1993 2167; baseline 0.02 -21"><span class='ocrx_word' id='word_1_1035' title='bbox 1110 2122 1251 2156; x_wconf 81' lang='lat' dir='ltr'>probant.</span> <span class='ocrx_word' id='word_1_1036' title='bbox 1286 2123 1374 2151; x_wconf 85' lang='lat' dir='ltr'>allatis</span> <span class='ocrx_word' id='word_1_1037' title='bbox 1399 2125 1481 2152; x_wconf 83' lang='lat' dir='ltr'>etiam</span> <span class='ocrx_word' id='word_1_1038' title='bbox 1505 2127 1660 2157; x_wconf 82' lang='lat' dir='ltr'>rationibus</span> <span class='ocrx_word' id='word_1_1039' title='bbox 1675 2151 1682 2163; x_wconf 84' lang='lat'>‚</span> <span class='ocrx_word' id='word_1_1040' title='bbox 1717 2131 1761 2159; x_wconf 87' lang='lat' dir='ltr'>sed</span> <span class='ocrx_word' id='word_1_1041' title='bbox 1783 2133 1847 2167; x_wconf 84' lang='lat' dir='ltr'>quia</span> <span class='ocrx_word' id='word_1_1042' title='bbox 1867 2133 1900 2161; x_wconf 88' lang='lat' dir='ltr'>ad</span> <span class='ocrx_word' id='word_1_1043' title='bbox 1921 2142 1968 2163; x_wconf 75' lang='lat' dir='ltr'>me</span> <span class='ocrx_word' id='word_1_1044' title='bbox 1986 2144 1993 2161; x_wconf 58' lang='lat'>‚¹</span> 
     </span>
     <span class='ocr_line' id='line_1_132' title="bbox 1110 2160 1995 2207; baseline 0.019 -22"><span class='ocrx_word' id='word_1_1045' title='bbox 1110 2160 1180 2186; x_wconf 83' lang='lat' dir='ltr'>datae</span> <span class='ocrx_word' id='word_1_1046' title='bbox 1196 2168 1252 2188; x_wconf 91' lang='lat' dir='ltr'>non</span> <span class='ocrx_word' id='word_1_1047' title='bbox 1270 2160 1345 2194; x_wconf 91' lang='lat' dir='ltr'>sunt,</span> <span class='ocrx_word' id='word_1_1048' title='bbox 1369 2168 1397 2189; x_wconf 89' lang='lat' dir='ltr'>ut</span> <span class='ocrx_word' id='word_1_1049' title='bbox 1416 2163 1520 2198; x_wconf 86' lang='lat' dir='ltr'>publici</span> <span class='ocrx_word' id='word_1_1050' title='bbox 1547 2166 1614 2199; x_wconf 79' lang='lat' dir='ltr'>juris</span> <span class='ocrx_word' id='word_1_1051' title='bbox 1637 2167 1773 2203; x_wconf 82' lang='lat' dir='ltr'>facerem,</span> <span class='ocrx_word' id='word_1_1052' title='bbox 1795 2170 1820 2198; x_wconf 68' lang='grc' dir='ltr'>ὅ(</span> <span class='ocrx_word' id='word_1_1053' title='bbox 1833 2171 1898 2207; x_wconf 88' lang='lat' dir='ltr'>quia</span> <span class='ocrx_word' id='word_1_1054' title='bbox 1917 2171 1970 2201; x_wconf 84' lang='lat' dir='ltr'>suf·</span> <span class='ocrx_word' id='word_1_1055' title='bbox 1983 2178 1995 2200; x_wconf 81' lang='lat'>‘-</span> 
     </span>
     <span class='ocr_line' id='line_1_133' title="bbox 1108 2196 1998 2240; baseline 0.016 -17"><span class='ocrx_word' id='word_1_1056' title='bbox 1108 2196 1212 2233; x_wconf 70' lang='lat' dir='ltr'>fragia,</span> <span class='ocrx_word' id='word_1_1057' title='bbox 1234 2205 1374 2234; x_wconf 85' lang='lat' dir='ltr'>quotquot</span> <span class='ocrx_word' id='word_1_1058' title='bbox 1391 2200 1503 2234; x_wconf 79' lang='lat' dir='ltr'>dicunt,</span> <span class='ocrx_word' id='word_1_1059' title='bbox 1525 2205 1723 2239; x_wconf 85' lang='lat' dir='ltr'>ponderanda,</span> <span class='ocrx_word' id='word_1_1060' title='bbox 1746 2215 1802 2236; x_wconf 90' lang='lat' dir='ltr'>non</span> <span class='ocrx_word' id='word_1_1061' title='bbox 1821 2217 1968 2240; x_wconf 85' lang='lat' dir='ltr'>numeran-</span> <span class='ocrx_word' id='word_1_1062' title='bbox 1986 2204 1998 2237; x_wconf 79' lang='lat' dir='ltr'>s</span> 
     </span>
     <span class='ocr_line' id='line_1_134' title="bbox 1109 2233 1999 2284; baseline 0.019 -22"><span class='ocrx_word' id='word_1_1063' title='bbox 1109 2235 1143 2263; x_wconf 90' lang='lat' dir='ltr'>da</span> <span class='ocrx_word' id='word_1_1064' title='bbox 1171 2235 1253 2280; x_wconf 78' lang='lat' dir='ltr'>sunt,</span> <span class='ocrx_word' id='word_1_1065' title='bbox 1282 2237 1366 2265; x_wconf 89' lang='lat' dir='ltr'>malui</span> <span class='ocrx_word' id='word_1_1066' title='bbox 1392 2247 1436 2267; x_wconf 85' lang='lat' dir='ltr'>eas</span> <span class='ocrx_word' id='word_1_1067' title='bbox 1463 2239 1645 2279; x_wconf 84' lang='lat' dir='ltr'>supprimere,</span> <span class='ocrx_word' id='word_1_1068' title='bbox 1673 2254 1756 2282; x_wconf 88' lang='lat' dir='ltr'>quam</span> <span class='ocrx_word' id='word_1_1069' title='bbox 1779 2248 1924 2277; x_wconf 84' lang='lat' dir='ltr'>ambitiose</span> <span class='ocrx_word' id='word_1_1070' title='bbox 1937 2233 1999 2284; x_wconf 57' lang='lat' dir='ltr'>ind</span> 
     </span>
     <span class='ocr_line' id='line_1_135' title="bbox 1110 2274 1331 2309; baseline 0.009 -7"><span class='ocrx_word' id='word_1_1071' title='bbox 1110 2274 1207 2309; x_wconf 74' lang='lat' dir='ltr'>vulgus</span> <span class='ocrx_word' id='word_1_1072' title='bbox 1223 2276 1331 2309; x_wconf 67' lang='lat' dir='ltr'>Jaffflre.</span> 
     </span>
     <span class='ocr_line' id='line_1_136' title="bbox 1111 2285 2008 2477; baseline 0.017 -23"><span class='ocrx_word' id='word_1_1073' title='bbox 1111 2428 1187 2460; x_wconf 84' lang='lat' dir='ltr'>baefi,</span> <span class='ocrx_word' id='word_1_1074' title='bbox 1210 2429 1282 2456; x_wconf 77' lang='lat' dir='ltr'>adeo</span> <span class='ocrx_word' id='word_1_1075' title='bbox 1297 2429 1364 2457; x_wconf 82' lang='lat' dir='ltr'>nibil</span> <span class='ocrx_word' id='word_1_1076' title='bbox 1380 2432 1547 2469; x_wconf 80' lang='lat' dir='ltr'>praecipuurn</span> <span class='ocrx_word' id='word_1_1077' title='bbox 1564 2435 1650 2469; x_wconf 85' lang='lat' dir='ltr'>dixit,</span> <span class='ocrx_word' id='word_1_1078' title='bbox 1671 2436 1742 2464; x_wconf 77' lang='lat' dir='ltr'>adeo</span> <span class='ocrx_word' id='word_1_1079' title='bbox 1758 2437 1843 2470; x_wconf 84' lang='lat' dir='ltr'>nibil,</span> <span class='ocrx_word' id='word_1_1080' title='bbox 1867 2285 2008 2477; x_wconf 48' lang='lat' dir='ltr'>quom}</span> 
     </span>
     <span class='ocr_line' id='line_1_137' title="bbox 1111 2466 1970 2512; baseline 0.016 -19"><span class='ocrx_word' id='word_1_1081' title='bbox 1111 2472 1138 2494; x_wconf 86' lang='lat' dir='ltr'>te</span> <span class='ocrx_word' id='word_1_1082' title='bbox 1164 2466 1287 2495; x_wconf 86' lang='lat' dir='ltr'>refutato</span> <span class='ocrx_word' id='word_1_1083' title='bbox 1303 2489 1310 2500; x_wconf 91' lang='lat'><strong>‚</strong></span> <span class='ocrx_word' id='word_1_1084' title='bbox 1347 2476 1402 2496; x_wconf 87' lang='lat' dir='ltr'>non</span> <span class='ocrx_word' id='word_1_1085' title='bbox 1425 2478 1459 2496; x_wconf 88' lang='lat' dir='ltr'>eo</span> <span class='ocrx_word' id='word_1_1086' title='bbox 1484 2472 1542 2508; x_wconf 87' lang='lat' dir='ltr'>ipso</span> <span class='ocrx_word' id='word_1_1087' title='bbox 1566 2473 1715 2502; x_wconf 76' lang='lat' dir='ltr'>refutatum</span> <span class='ocrx_word' id='word_1_1088' title='bbox 1746 2473 1786 2503; x_wconf 80' lang='lat' dir='ltr'>fit.</span> <span class='ocrx_word' id='word_1_1089' title='bbox 1825 2476 1970 2512; x_wconf 76' lang='lat' dir='ltr'>Accedit,</span> 
     </span>
     <span class='ocr_line' id='line_1_138' title="bbox 1111 2505 1994 2548; baseline 0.014 -17"><span class='ocrx_word' id='word_1_1090' title='bbox 1111 2505 1187 2540; x_wconf 84' lang='lat' dir='ltr'>quod</span> <span class='ocrx_word' id='word_1_1091' title='bbox 1210 2506 1243 2534; x_wconf 87' lang='lat' dir='ltr'>de</span> <span class='ocrx_word' id='word_1_1092' title='bbox 1267 2506 1400 2534; x_wconf 83' lang='lat' dir='ltr'>sententia</span> <span class='ocrx_word' id='word_1_1093' title='bbox 1427 2507 1452 2535; x_wconf 80' lang='lat' dir='ltr'>d.</span> <span class='ocrx_word' id='word_1_1094' title='bbox 1482 2510 1500 2537; x_wconf 91' lang='lat' dir='ltr'>l.</span> <span class='ocrx_word' id='word_1_1095' title='bbox 1523 2517 1549 2544; x_wconf 84' lang='lat'>5.</span> <span class='ocrx_word' id='word_1_1096' title='bbox 1578 2511 1650 2539; x_wconf 84' lang='lat' dir='ltr'>circa</span> <span class='ocrx_word' id='word_1_1097' title='bbox 1672 2520 1753 2548; x_wconf 87' lang='lat' dir='ltr'>quarn</span> <span class='ocrx_word' id='word_1_1098' title='bbox 1770 2519 1828 2541; x_wconf 87' lang='lat' dir='ltr'>tota</span> <span class='ocrx_word' id='word_1_1099' title='bbox 1846 2509 1994 2545; x_wconf 54' lang='lat' dir='ltr'>versatut&#39;ss</span> 
     </span>
     <span class='ocr_line' id='line_1_139' title="bbox 1110 2542 1970 2589; baseline 0.015 -19"><span class='ocrx_word' id='word_1_1100' title='bbox 1110 2542 1250 2578; x_wconf 78' lang='lat' dir='ltr'>Epistola,</span> <span class='ocrx_word' id='word_1_1101' title='bbox 1274 2545 1328 2579; x_wconf 82' lang='lat' dir='ltr'>jam</span> <span class='ocrx_word' id='word_1_1102' title='bbox 1347 2545 1453 2581; x_wconf 84' lang='lat' dir='ltr'>prolixe</span> <span class='ocrx_word' id='word_1_1103' title='bbox 1468 2548 1569 2582; x_wconf 79' lang='lat' dir='ltr'>egerim</span> <span class='ocrx_word' id='word_1_1104' title='bbox 1586 2549 1619 2576; x_wconf 92' lang='lat' dir='ltr'>ad</span> <span class='ocrx_word' id='word_1_1105' title='bbox 1633 2550 1832 2585; x_wconf 79' lang='lat' dir='ltr'>praecedentem</span> <span class='ocrx_word' id='word_1_1106' title='bbox 1851 2553 1876 2589; x_wconf 86' lang='lat'>§.</span> <span class='ocrx_word' id='word_1_1107' title='bbox 1896 2562 1922 2582; x_wconf 88' lang='lat' dir='ltr'>n.</span> <span class='ocrx_word' id='word_1_1108' title='bbox 1939 2561 1970 2583; x_wconf 73' lang='grc' dir='ltr'>Ξ.</span> 
     </span>
     <span class='ocr_line' id='line_1_140' title="bbox 1112 2582 1968 2625; baseline 0.015 -17"><span class='ocrx_word' id='word_1_1109' title='bbox 1112 2590 1199 2616; x_wconf 77' lang='lat' dir='ltr'>eaque</span> <span class='ocrx_word' id='word_1_1110' title='bbox 1215 2583 1270 2610; x_wconf 83' lang='lat' dir='ltr'>sola</span> <span class='ocrx_word' id='word_1_1111' title='bbox 1286 2582 1437 2611; x_wconf 72' lang='lat' dir='ltr'>refutandas</span> <span class='ocrx_word' id='word_1_1112' title='bbox 1455 2585 1583 2620; x_wconf 79' lang='lat' dir='ltr'>Epislolae</span> <span class='ocrx_word' id='word_1_1113' title='bbox 1605 2588 1753 2616; x_wconf 82' lang='lat' dir='ltr'>videantur</span> <span class='ocrx_word' id='word_1_1114' title='bbox 1773 2590 1848 2625; x_wconf 84' lang='lat' dir='ltr'>posse</span> <span class='ocrx_word' id='word_1_1115' title='bbox 1863 2590 1968 2621; x_wconf 83' lang='lat' dir='ltr'>suffice-</span> 
     </span>
     <span class='ocr_line' id='line_1_141' title="bbox 1111 2621 1995 2662; baseline 0.017 -16"><span class='ocrx_word' id='word_1_1116' title='bbox 1111 2621 1156 2653; x_wconf 85' lang='lat' dir='ltr'>r&#39;e,</span> <span class='ocrx_word' id='word_1_1117' title='bbox 1181 2621 1225 2648; x_wconf 88' lang='lat' dir='ltr'>sed</span> <span class='ocrx_word' id='word_1_1118' title='bbox 1242 2629 1329 2657; x_wconf 83' lang='lat' dir='ltr'>pauca</span> <span class='ocrx_word' id='word_1_1119' title='bbox 1345 2627 1435 2648; x_wconf 88' lang='lat' dir='ltr'>tamen</span> <span class='ocrx_word' id='word_1_1120' title='bbox 1454 2622 1498 2650; x_wconf 81' lang='lat' dir='ltr'>hic</span> <span class='ocrx_word' id='word_1_1121' title='bbox 1515 2622 1571 2651; x_wconf 87' lang='lat' dir='ltr'>illic</span> <span class='ocrx_word' id='word_1_1122' title='bbox 1589 2625 1648 2653; x_wconf 87' lang='lat' dir='ltr'>sunt</span> <span class='ocrx_word' id='word_1_1123' title='bbox 1666 2626 1856 2662; x_wconf 66' lang='lat' dir='ltr'>absttrgcnda.</span> <span class='ocrx_word' id='word_1_1124' title='bbox 1994 2659 1995 2662; x_wconf 74' lang='grc'>,</span> 
     </span>
    </p>

    <p class='ocr_par' dir='ltr' id='par_1_17' title="bbox 1109 2659 1970 3071">
     <span class='ocr_line' id='line_1_142' title="bbox 1151 2659 1970 2701; baseline 0.015 -16"><span class='ocrx_word' id='word_1_1125' title='bbox 1151 2666 1176 2693; x_wconf 82' lang='lat'>5.</span> <span class='ocrx_word' id='word_1_1126' title='bbox 1196 2659 1281 2686; x_wconf 62' lang='lat' dir='ltr'>Recte</span> <span class='ocrx_word' id='word_1_1127' title='bbox 1298 2660 1350 2691; x_wconf 87' lang='lat' dir='ltr'>ais,</span> <span class='ocrx_word' id='word_1_1128' title='bbox 1374 2659 1552 2695; x_wconf 79' lang='lat' dir='ltr'>quaestionem</span> <span class='ocrx_word' id='word_1_1129' title='bbox 1569 2662 1622 2691; x_wconf 81' lang='lat' dir='ltr'>csse</span> <span class='ocrx_word' id='word_1_1130' title='bbox 1638 2663 1668 2691; x_wconf 80' lang='lat' dir='ltr'>de</span> <span class='ocrx_word' id='word_1_1131' title='bbox 1690 2671 1797 2701; x_wconf 71' lang='lat' dir='ltr'>tempore</span> <span class='ocrx_word' id='word_1_1132' title='bbox 1817 2668 1908 2697; x_wconf 70' lang='lat' dir='ltr'>abluroe</span> <span class='ocrx_word' id='word_1_1133' title='bbox 1921 2671 1970 2697; x_wconf 56' lang='lat' dir='ltr'>ud</span> 
     </span>
     <span class='ocr_line' id='line_1_143' title="bbox 1112 2695 1968 2743; baseline 0.015 -21"><span class='ocrx_word' id='word_1_1134' title='bbox 1112 2705 1162 2725; x_wconf 76' lang='lat' dir='ltr'>Tru</span> <span class='ocrx_word' id='word_1_1135' title='bbox 1176 2695 1305 2732; x_wconf 67' lang='lat' dir='ltr'>potestatis</span> <span class='ocrx_word' id='word_1_1136' title='bbox 1321 2698 1439 2725; x_wconf 65' lang='lat' dir='ltr'>necandae</span> <span class='ocrx_word' id='word_1_1137' title='bbox 1450 2699 1600 2736; x_wconf 70' lang='lat' dir='ltr'>prolis-succ.</span> <span class='ocrx_word' id='word_1_1138' title='bbox 1629 2702 1672 2730; x_wconf 89' lang='lat' dir='ltr'>Ad</span> <span class='ocrx_word' id='word_1_1139' title='bbox 1689 2705 1805 2740; x_wconf 78' lang='lat' dir='ltr'>patrium</span> <span class='ocrx_word' id='word_1_1140' title='bbox 1822 2705 1904 2741; x_wconf 76' lang='lat' dir='ltr'>igitur</span> <span class='ocrx_word' id='word_1_1141' title='bbox 1918 2714 1968 2743; x_wconf 85' lang='lat' dir='ltr'>po-</span> 
     </span>
     <span class='ocr_line' id='line_1_144' title="bbox 1112 2734 1967 2774; baseline 0.015 -13"><span class='ocrx_word' id='word_1_1142' title='bbox 1112 2734 1237 2769; x_wconf 84' lang='lat' dir='ltr'>teslatem</span> <span class='ocrx_word' id='word_1_1143' title='bbox 1253 2734 1337 2762; x_wconf 80' lang='lat' dir='ltr'>refers</span> <span class='ocrx_word' id='word_1_1144' title='bbox 1351 2736 1392 2769; x_wconf 83' lang='lat' dir='ltr'>jus</span> <span class='ocrx_word' id='word_1_1145' title='bbox 1409 2737 1541 2765; x_wconf 78' lang='lat' dir='ltr'>necanda:</span> <span class='ocrx_word' id='word_1_1146' title='bbox 1557 2739 1668 2774; x_wconf 80' lang='lat' dir='ltr'>prolis,&#39;</span> <span class='ocrx_word' id='word_1_1147' title='bbox 1688 2747 1718 2769; x_wconf 87' lang='lat' dir='ltr'>ut</span> <span class='ocrx_word' id='word_1_1148' title='bbox 1735 2750 1832 2772; x_wconf 81' lang='lat' dir='ltr'>revera</span> <span class='ocrx_word' id='word_1_1149' title='bbox 1847 2743 1967 2773; x_wconf 83' lang='lat' dir='ltr'>referen-</span> 
     </span>
     <span class='ocr_line' id='line_1_145' title="bbox 1113 2772 1968 2812; baseline 0.015 -13"><span class='ocrx_word' id='word_1_1150' title='bbox 1113 2772 1176 2800; x_wconf 86' lang='lat' dir='ltr'>dum</span> <span class='ocrx_word' id='word_1_1151' title='bbox 1192 2772 1247 2805; x_wconf 84' lang='lat' dir='ltr'>est,</span> <span class='ocrx_word' id='word_1_1152' title='bbox 1267 2772 1292 2800; x_wconf 69' lang='grc' dir='ltr'>ἃ</span> <span class='ocrx_word' id='word_1_1153' title='bbox 1308 2780 1407 2801; x_wconf 82' lang='lat' dir='ltr'>matres</span> <span class='ocrx_word' id='word_1_1154' title='bbox 1432 2775 1497 2802; x_wconf 84' lang='lat' dir='ltr'>hinc</span> <span class='ocrx_word' id='word_1_1155' title='bbox 1511 2776 1600 2804; x_wconf 81' lang='lat' dir='ltr'>abesse</span> <span class='ocrx_word' id='word_1_1156' title='bbox 1613 2778 1702 2812; x_wconf 77' lang='lat' dir='ltr'>jubes.</span> <span class='ocrx_word' id='word_1_1157' title='bbox 1724 2780 1808 2808; x_wconf 67' lang='lat' dir='ltr'>Recte</span> <span class='ocrx_word' id='word_1_1158' title='bbox 1824 2783 1906 2811; x_wconf 81' lang='lat' dir='ltr'>etiam</span> <span class='ocrx_word' id='word_1_1159' title='bbox 1921 2789 1968 2811; x_wconf 84' lang='lat' dir='ltr'>ne·</span> 
     </span>
     <span class='ocr_line' id='line_1_146' title="bbox 1111 2811 1966 2852; baseline 0.018 -16"><span class='ocrx_word' id='word_1_1160' title='bbox 1111 2811 1206 2838; x_wconf 84' lang='lat' dir='ltr'>candae</span> <span class='ocrx_word' id='word_1_1161' title='bbox 1226 2813 1304 2846; x_wconf 75' lang='lat' dir='ltr'>prolis</span> <span class='ocrx_word' id='word_1_1162' title='bbox 1328 2811 1475 2840; x_wconf 78' lang='lat' dir='ltr'>meministi</span> <span class='ocrx_word' id='word_1_1163' title='bbox 1493 2833 1501 2842; x_wconf 89' lang='lat'>.</span> <span class='ocrx_word' id='word_1_1164' title='bbox 1528 2813 1582 2843; x_wconf 85' lang='lat' dir='ltr'>sine</span> <span class='ocrx_word' id='word_1_1165' title='bbox 1606 2816 1659 2844; x_wconf 82' lang='lat' dir='ltr'>ulla</span> <span class='ocrx_word' id='word_1_1166' title='bbox 1682 2820 1769 2846; x_wconf 81' lang='lat' dir='ltr'>aetatis</span> <span class='ocrx_word' id='word_1_1167' title='bbox 1785 2819 1966 2852; x_wconf 75' lang='lat' dir='ltr'>differentia·</span> 
     </span>
     <span class='ocr_line' id='line_1_147' title="bbox 1109 2849 1966 2887; baseline 0.015 -12"><span class='ocrx_word' id='word_1_1168' title='bbox 1109 2857 1199 2884; x_wconf 84' lang='lat' dir='ltr'>neque</span> <span class='ocrx_word' id='word_1_1169' title='bbox 1213 2849 1286 2876; x_wconf 91' lang='lat' dir='ltr'>enim</span> <span class='ocrx_word' id='word_1_1170' title='bbox 1304 2851 1387 2877; x_wconf 68' lang='lat' dir='ltr'>video</span> <span class='ocrx_word' id='word_1_1171' title='bbox 1403 2856 1430 2878; x_wconf 86' lang='lat' dir='ltr'>tc</span> <span class='ocrx_word' id='word_1_1172' title='bbox 1447 2851 1518 2887; x_wconf 86' lang='lat' dir='ltr'>sequi</span> <span class='ocrx_word' id='word_1_1173' title='bbox 1537 2852 1683 2882; x_wconf 81' lang='lat' dir='ltr'>formulam</span> <span class='ocrx_word' id='word_1_1174' title='bbox 1701 2856 1734 2883; x_wconf 88' lang='lat' dir='ltr'>de</span> <span class='ocrx_word' id='word_1_1175' title='bbox 1755 2857 1906 2887; x_wconf 84' lang='lat' dir='ltr'>infantibus</span> <span class='ocrx_word' id='word_1_1176' title='bbox 1921 2856 1966 2887; x_wconf 80' lang='lat' dir='ltr'>vel</span> 
     </span>
     <span class='ocr_line' id='line_1_148' title="bbox 1110 2887 1966 2931; baseline 0.013 -17"><span class='ocrx_word' id='word_1_1177' title='bbox 1110 2887 1238 2922; x_wconf 84' lang='lat' dir='ltr'>susceptis</span> <span class='ocrx_word' id='word_1_1178' title='bbox 1275 2887 1316 2914; x_wconf 79' lang='lat' dir='ltr'>vel</span> <span class='ocrx_word' id='word_1_1179' title='bbox 1334 2896 1390 2915; x_wconf 89' lang='lat' dir='ltr'>non</span> <span class='ocrx_word' id='word_1_1180' title='bbox 1407 2888 1549 2926; x_wconf 80' lang='lat' dir='ltr'>susceptis,</span> <span class='ocrx_word' id='word_1_1181' title='bbox 1574 2893 1692 2928; x_wconf 76' lang='lat' dir='ltr'>agnitis,</span> <span class='ocrx_word' id='word_1_1182' title='bbox 1715 2894 1905 2931; x_wconf 82' lang='lat' dir='ltr'>aliquejuffis,</span> <span class='ocrx_word' id='word_1_1183' title='bbox 1921 2894 1966 2925; x_wconf 78' lang='lat' dir='ltr'>ve!</span> 
     </span>
     <span class='ocr_line' id='line_1_149' title="bbox 1109 2924 1966 2971; baseline 0.014 -20"><span class='ocrx_word' id='word_1_1184' title='bbox 1109 2924 1193 2952; x_wconf 85' lang='lat' dir='ltr'>ullam</span> <span class='ocrx_word' id='word_1_1185' title='bbox 1210 2932 1238 2953; x_wconf 86' lang='lat' dir='ltr'>te</span> <span class='ocrx_word' id='word_1_1186' title='bbox 1254 2925 1334 2953; x_wconf 88' lang='lat' dir='ltr'>ullius</span> <span class='ocrx_word' id='word_1_1187' title='bbox 1351 2925 1477 2955; x_wconf 76' lang='lat' dir='ltr'>formulae</span> <span class='ocrx_word' id='word_1_1188' title='bbox 1494 2928 1596 2957; x_wconf 83' lang='lat' dir='ltr'>habere</span> <span class='ocrx_word' id='word_1_1189' title='bbox 1611 2932 1745 2960; x_wconf 81' lang='lat' dir='ltr'>rationem</span> <span class='ocrx_word' id='word_1_1190' title='bbox 1765 2935 1790 2960; x_wconf 90' lang='lat' dir='ltr'>in</span> <span class='ocrx_word' id='word_1_1191' title='bbox 1808 2933 1966 2971; x_wconf 76' lang='lat' dir='ltr'>hoc,quod</span> 
     </span>
     <span class='ocr_line' id='line_1_150' title="bbox 1109 2963 1966 3005; baseline 0.012 -16"><span class='ocrx_word' id='word_1_1192' title='bbox 1109 2963 1260 2995; x_wconf 84' lang='lat' dir='ltr'>cernimus.</span> <span class='ocrx_word' id='word_1_1193' title='bbox 1294 2966 1454 2993; x_wconf 65' lang='lat' dir='ltr'>certamine.</span> <span class='ocrx_word' id='word_1_1194' title='bbox 1493 2967 1579 3005; x_wconf 83' lang='lat' dir='ltr'>Quod</span> <span class='ocrx_word' id='word_1_1195' title='bbox 1606 2970 1632 2995; x_wconf 89' lang='lat' dir='ltr'>in</span> <span class='ocrx_word' id='word_1_1196' title='bbox 1657 2970 1727 2998; x_wconf 80' lang='lat' dir='ltr'>nisa</span> <span class='ocrx_word' id='word_1_1197' title='bbox 1744 2971 1818 3000; x_wconf 81' lang='lat' dir='ltr'>Ciar.</span> <span class='ocrx_word' id='word_1_1198' title='bbox 1836 2972 1966 3001; x_wconf 84' lang='lat' dir='ltr'>Noodtio</span> 
     </span>
     <span class='ocr_line' id='line_1_151' title="bbox 1109 3000 1967 3044; baseline 0.014 -17"><span class='ocrx_word' id='word_1_1199' title='bbox 1109 3000 1274 3033; x_wconf 76' lang='lat' dir='ltr'>dissenseris,</span> <span class='ocrx_word' id='word_1_1200' title='bbox 1303 3002 1328 3030; x_wconf 61' lang='grc' dir='ltr'>ὅ(</span> <span class='ocrx_word' id='word_1_1201' title='bbox 1351 3010 1455 3031; x_wconf 81' lang='lat' dir='ltr'>tantum</span> <span class='ocrx_word' id='word_1_1202' title='bbox 1477 3006 1586 3034; x_wconf 61' lang='lat' dir='ltr'>veritati</span> <span class='ocrx_word' id='word_1_1203' title='bbox 1602 3006 1710 3036; x_wconf 84' lang='lat' dir='ltr'>dederis</span> <span class='ocrx_word' id='word_1_1204' title='bbox 1728 3029 1736 3043; x_wconf 94' lang='lat'>,</span> <span class='ocrx_word' id='word_1_1205' title='bbox 1757 3009 1841 3038; x_wconf 87' lang='lat' dir='ltr'>laudo</span> <span class='ocrx_word' id='word_1_1206' title='bbox 1856 3017 1898 3044; x_wconf 88' lang='lat' dir='ltr'>te,</span> <span class='ocrx_word' id='word_1_1207' title='bbox 1919 3007 1967 3038; x_wconf 82' lang='lat' dir='ltr'>sed</span> 
     </span>
     <span class='ocr_line' id='line_1_152' title="bbox 1109 3039 1536 3071; baseline 0.014 -6"><span class='ocrx_word' id='word_1_1208' title='bbox 1109 3040 1189 3066; x_wconf 87' lang='lat' dir='ltr'>aliam</span> <span class='ocrx_word' id='word_1_1209' title='bbox 1211 3039 1319 3067; x_wconf 74' lang='lat' dir='ltr'>laudem</span> <span class='ocrx_word' id='word_1_1210' title='bbox 1338 3049 1393 3068; x_wconf 90' lang='lat' dir='ltr'>non</span> <span class='ocrx_word' id='word_1_1211' title='bbox 1413 3042 1536 3071; x_wconf 78' lang='lat' dir='ltr'>babebis.</span> 
     </span>
    </p>

    <p class='ocr_par' dir='ltr' id='par_1_18' title="bbox 1106 3078 1991 3193">
     <span class='ocr_line' id='line_1_153' title="bbox 1144 3078 1965 3122; baseline 0.013 -18"><span class='ocrx_word' id='word_1_1212' title='bbox 1144 3080 1170 3105; x_wconf 87' lang='lat'>6.</span> <span class='ocrx_word' id='word_1_1213' title='bbox 1194 3078 1286 3105; x_wconf 80' lang='lat' dir='ltr'>Multa</span> <span class='ocrx_word' id='word_1_1214' title='bbox 1309 3079 1353 3106; x_wconf 83' lang='lat' dir='ltr'>iric</span> <span class='ocrx_word' id='word_1_1215' title='bbox 1376 3081 1458 3108; x_wconf 79' lang='lat' dir='ltr'>verba</span> <span class='ocrx_word' id='word_1_1216' title='bbox 1476 3081 1582 3117; x_wconf 78' lang='lat' dir='ltr'>perdis,</span> <span class='ocrx_word' id='word_1_1217' title='bbox 1603 3091 1663 3119; x_wconf 78' lang='lat' dir='ltr'>quae</span> <span class='ocrx_word' id='word_1_1218' title='bbox 1683 3084 1750 3112; x_wconf 81' lang='lat' dir='ltr'>nihil</span> <span class='ocrx_word' id='word_1_1219' title='bbox 1773 3087 1918 3122; x_wconf 84' lang='lat' dir='ltr'>quicquam</span> <span class='ocrx_word' id='word_1_1220' title='bbox 1934 3084 1965 3114; x_wconf 77' lang='lat' dir='ltr'>fi·</span> 
     </span>
     <span class='ocr_line' id='line_1_154' title="bbox 1106 3115 1964 3160; baseline 0.01 -19"><span class='ocrx_word' id='word_1_1221' title='bbox 1106 3115 1246 3149; x_wconf 71' lang='lat' dir='ltr'>guilicant.</span> <span class='ocrx_word' id='word_1_1222' title='bbox 1287 3116 1455 3146; x_wconf 81' lang='lat' dir='ltr'>Ambitiosus</span> <span class='ocrx_word' id='word_1_1223' title='bbox 1483 3119 1584 3148; x_wconf 85' lang='lat' dir='ltr'>scilicet</span> <span class='ocrx_word' id='word_1_1224' title='bbox 1608 3120 1646 3148; x_wconf 77' lang='lat' dir='ltr'>est</span> <span class='ocrx_word' id='word_1_1225' title='bbox 1669 3123 1823 3159; x_wconf 77' lang='lat' dir='ltr'>prologus.</span> <span class='ocrx_word' id='word_1_1226' title='bbox 1859 3125 1884 3152; x_wconf 90' lang='lat' dir='ltr'>in</span> <span class='ocrx_word' id='word_1_1227' title='bbox 1907 3130 1964 3160; x_wconf 85' lang='lat' dir='ltr'>quo</span> 
     </span>
     <span class='ocr_line' id='line_1_155' title="bbox 1107 3154 1991 3193; baseline 0.012 -12"><span class='ocrx_word' id='word_1_1228' title='bbox 1107 3154 1152 3182; x_wconf 83' lang='lat' dir='ltr'>hic</span> <span class='ocrx_word' id='word_1_1229' title='bbox 1174 3155 1212 3182; x_wconf 77' lang='lat' dir='ltr'>ais</span> <span class='ocrx_word' id='word_1_1230' title='bbox 1227 3175 1236 3189; x_wconf 84' lang='lat'><em>‚</em></span> <span class='ocrx_word' id='word_1_1231' title='bbox 1266 3162 1308 3182; x_wconf 76' lang='lat' dir='ltr'>inc</span> <span class='ocrx_word' id='word_1_1232' title='bbox 1332 3156 1482 3186; x_wconf 68' lang='lat' dir='ltr'>nubeculas</span> <span class='ocrx_word' id='word_1_1233' title='bbox 1507 3157 1646 3193; x_wconf 71' lang='lat' dir='ltr'>offudisse,</span> <span class='ocrx_word' id='word_1_1234' title='bbox 1678 3170 1694 3188; x_wconf 86' lang='lat' dir='ltr'>o</span> <span class='ocrx_word' id='word_1_1235' title='bbox 1709 3162 1902 3191; x_wconf 62' lang='lat' dir='ltr'>contraditlivne</span> <span class='ocrx_word' id='word_1_1236' title='bbox 1914 3168 1965 3190; x_wconf 73' lang='lat' dir='ltr'>non</span> <span class='ocrx_word' id='word_1_1237' title='bbox 1986 3183 1991 3187; x_wconf 88' lang='lat'><em>-</em></span> 
     </span>
    </p>

    <p class='ocr_par' dir='ltr' id='par_1_19' title="bbox 1931 3199 1964 3228">
     <span class='ocr_line' id='line_1_156' title="bbox 1931 3199 1964 3228; baseline -0.061 0"><span class='ocrx_word' id='word_1_1238' title='bbox 1931 3199 1964 3228; x_wconf 68' lang='lat' dir='ltr'>lt*-</span> 
     </span>
    </p>
   </div>
   <div class='ocr_carea' id='block_1_12' title="bbox 1966 1154 2008 1481">
    <p class='ocr_par' dir='ltr' id='par_1_20' title="bbox 1966 1154 2008 1481">
     <span class='ocr_line' id='line_1_157' title="bbox 1966 1154 2008 1365; baseline 0.048 -132"><span class='ocrx_word' id='word_1_1239' title='bbox 1966 1154 2008 1365; x_wconf 95' lang='lat' dir='ltr'>    </span> 
     </span>
     <span class='ocr_line' id='line_1_158' title="bbox 1976 1365 2008 1481; baseline 0 0"><span class='ocrx_word' id='word_1_1240' title='bbox 1976 1365 2008 1481; x_wconf 95' lang='lat' dir='ltr'>    </span> 
     </span>
    </p>
   </div>
   <div class='ocr_carea' id='block_1_13' title="bbox 1971 1634 2008 1998">
    <p class='ocr_par' dir='ltr' id='par_1_21' title="bbox 1971 1634 2008 1998">
     <span class='ocr_line' id='line_1_159' title="bbox 1971 1634 2008 1998; baseline 0 -303"><span class='ocrx_word' id='word_1_1241' title='bbox 1971 1634 2008 1998; x_wconf 95' lang='lat' dir='ltr'>  </span> 
     </span>
    </p>
   </div>
   <div class='ocr_carea' id='block_1_14' title="bbox 1983 2015 1999 2099">
    <p class='ocr_par' dir='ltr' id='par_1_22' title="bbox 1983 2015 1999 2099">
     <span class='ocr_line' id='line_1_160' title="bbox 1987 2015 1999 2061; baseline 0 0"><span class='ocrx_word' id='word_1_1242' title='bbox 1987 2015 1999 2061; x_wconf 69' lang='lat' dir='ltr'>&#39;r</span> 
     </span>
     <span class='ocr_line' id='line_1_161' title="bbox 1983 2067 1998 2099; baseline 0 0"><span class='ocrx_word' id='word_1_1243' title='bbox 1983 2067 1998 2099; x_wconf 69' lang='grc' dir='ltr'>-τ</span> 
     </span>
    </p>
   </div>
   <div class='ocr_carea' id='block_1_15' title="bbox 1110 2312 1970 2432">
    <p class='ocr_par' dir='ltr' id='par_1_23' title="bbox 1110 2312 1970 2432">
     <span class='ocr_line' id='line_1_162' title="bbox 1148 2312 1969 2360; baseline 0.019 -21"><span class='ocrx_word' id='word_1_1244' title='bbox 1148 2312 1171 2348; x_wconf 65' lang='lat'>5.</span> <span class='ocrx_word' id='word_1_1245' title='bbox 1192 2314 1285 2342; x_wconf 81' lang='lat' dir='ltr'>XXV.</span> <span class='ocrx_word' id='word_1_1246' title='bbox 1307 2323 1334 2348; x_wconf 84' lang='lat'>4.</span> <span class='ocrx_word' id='word_1_1247' title='bbox 1355 2315 1480 2344; x_wconf 75' lang='lat' dir='ltr'>Verbosa</span> <span class='ocrx_word' id='word_1_1248' title='bbox 1506 2317 1531 2347; x_wconf 73' lang='grc' dir='ltr'>δι</span> <span class='ocrx_word' id='word_1_1249' title='bbox 1554 2319 1665 2355; x_wconf 84' lang='lat' dir='ltr'>grandis</span> <span class='ocrx_word' id='word_1_1250' title='bbox 1684 2321 1824 2359; x_wconf 81' lang='lat' dir='ltr'>Epistola;</span> <span class='ocrx_word' id='word_1_1251' title='bbox 1844 2325 1871 2353; x_wconf 81' lang='lat' dir='ltr'>in</span> <span class='ocrx_word' id='word_1_1252' title='bbox 1889 2325 1969 2360; x_wconf 66' lang='lat' dir='ltr'>cujus</span> 
     </span>
     <span class='ocr_line' id='line_1_163' title="bbox 1110 2351 1970 2396; baseline 0.014 -16"><span class='ocrx_word' id='word_1_1253' title='bbox 1110 2351 1259 2380; x_wconf 70' lang='lat' dir='ltr'>Auaorem</span> <span class='ocrx_word' id='word_1_1254' title='bbox 1282 2353 1368 2380; x_wconf 83' lang='lat' dir='ltr'>nolim</span> <span class='ocrx_word' id='word_1_1255' title='bbox 1389 2356 1528 2390; x_wconf 84' lang='lat' dir='ltr'>inquirere</span> <span class='ocrx_word' id='word_1_1256' title='bbox 1547 2379 1554 2392; x_wconf 86' lang='lat'><em>‚</em></span> <span class='ocrx_word' id='word_1_1257' title='bbox 1584 2367 1648 2387; x_wconf 85' lang='lat' dir='ltr'>nam</span> <span class='ocrx_word' id='word_1_1258' title='bbox 1665 2359 1763 2396; x_wconf 87' lang='lat' dir='ltr'>dignus</span> <span class='ocrx_word' id='word_1_1259' title='bbox 1779 2361 1832 2395; x_wconf 86' lang='lat' dir='ltr'>est,</span> <span class='ocrx_word' id='word_1_1260' title='bbox 1854 2367 1885 2391; x_wconf 91' lang='lat' dir='ltr'>ut</span> <span class='ocrx_word' id='word_1_1261' title='bbox 1901 2363 1970 2392; x_wconf 87' lang='lat' dir='ltr'>sem-</span> 
     </span>
     <span class='ocr_line' id='line_1_164' title="bbox 1111 2390 1969 2432; baseline 0.016 -16"><span class='ocrx_word' id='word_1_1262' title='bbox 1111 2398 1159 2425; x_wconf 85' lang='lat' dir='ltr'>per</span> <span class='ocrx_word' id='word_1_1263' title='bbox 1181 2390 1274 2419; x_wconf 81' lang='lat' dir='ltr'>lateat.</span> <span class='ocrx_word' id='word_1_1264' title='bbox 1313 2393 1357 2419; x_wconf 82' lang='lat' dir='ltr'>An</span> <span class='ocrx_word' id='word_1_1265' title='bbox 1381 2394 1447 2428; x_wconf 85' lang='lat' dir='ltr'>quid</span> <span class='ocrx_word' id='word_1_1266' title='bbox 1472 2395 1506 2423; x_wconf 86' lang='lat' dir='ltr'>ad</span> <span class='ocrx_word' id='word_1_1267' title='bbox 1529 2404 1589 2424; x_wconf 82' lang='lat' dir='ltr'>eam</span> <span class='ocrx_word' id='word_1_1268' title='bbox 1611 2403 1737 2426; x_wconf 86' lang='lat' dir='ltr'>notarem</span> <span class='ocrx_word' id='word_1_1269' title='bbox 1754 2420 1761 2432; x_wconf 87' lang='lat'>,</span> <span class='ocrx_word' id='word_1_1270' title='bbox 1789 2399 1836 2427; x_wconf 89' lang='lat' dir='ltr'>diu</span> <span class='ocrx_word' id='word_1_1271' title='bbox 1864 2400 1969 2431; x_wconf 69' lang='lat' dir='ltr'>dubius</span> 
     </span>
    </p>
   </div>
  </div>
 </body>
</html>
