2008 3436
3 53 9 78 i

4 111 7 121 i

5 166 7 175 i

0 189 7 227 i
23 192 144 238 quidem
161 195 306 229 occidere
316 217 326 233 ‚
351 201 415 225 non
435 198 537 237 tamen
552 187 628 235 loris
642 187 761 233 caedere
777 187 882 234 ulicue-

3 237 87 274 itit?
111 238 203 269 etiam
220 236 290 268 ideo
306 257 316 275 ,
340 232 424 275 quod
440 233 516 264 loris
531 229 609 262 caedi
629 227 742 260 servile
767 230 804 260 iit
831 227 882 259 ha-

2 334 4 347 l

1 371 3 378 A

4 277 141 318 bitum,
166 278 195 310 ἃ
217 277 351 309 maxime
372 269 667 316 contumeliosum,
682 275 717 301 ut
744 269 882 317 indigna—

23 319 70 350 tio
95 313 214 351 lenoni's
238 316 388 360 fignificat
421 314 501 356 apud
533 311 724 344 Terentium
752 311 882 351 Aaelpb.

21 360 95 393 Aa.
119 360 156 393 ll.
177 360 222 392 Sc.
253 368 279 392 ι.
301 360 379 398 vers.
403 361 453 390 28.
500 354 647 386 Attamen
672 351 799 384 subfisto
818 376 827 391 ‚
853 352 882 384 ὃ(

0 397 3 435 J
22 401 119 434 mauis
147 410 226 443 puto
242 424 252 440 ,
276 399 353 433 loris
377 395 468 430 fuiil'e
485 395 619 441 -ῙΟςᾳιῃς
643 402 706 425 non
727 394 811 441 quod
834 402 884 439 me

0 455 2 474 :
22 426 114 474 vaide
128 450 254 474 moveat
273 439 409 482 ejusdem
426 436 618 484 Qumtlllanl
633 434 816 474 auEtorit'as,
831 444 885 476 qui

22 483 64 516 L.
91 483 129 514 V.
157 482 232 523 lnst.
268 483 393 514 Orator.
423 479 456 510 C.
484 487 528 510 10.
553 476 732 517 exemplum
756 476 908 507 daturus'

23 524 214 567 argumenti,
239 523 322 565 quod
344 532 362 554 a
379 521 487 563 majori
504 526 650 568 vocant,
667 515 696 556 fi
718 541 727 556 ,
762 517 885 558 inquit,

21 567 192 607 adulterum
229 566 358 597 occidere
386 564 456 595 licet
476 583 486 600 ‚
519 560 556 595 δ’
580 559 651 591 loris
672 563 803 597 credere,
835 557 886 590 scd

22 605 105 648 quod
128 604 313 647 Papinianus
341 605 373 638 in
403 605 422 635 1.
449 613 497 635 22.
514 602 552 649 θ’.
578 608 607 648 3.
625 600 666 642 ff.
689 602 733 649 ad·
749 600 789 632 L.
810 600 884 648 ’Juh

22 651 57 679 de
73 647 182 678 Adule.
206 647 237 679 in
262 647 328 679 hasc
351 646 447 678 verba
464 642 642 685 scripserit:
681 652 732 683 qut
754 645 885 675 occidere

17 687 112 730 potest
131 689 303 720 adulterum
320 712 329 726 ‚
348 689 439 718 undio
461 688 557 727 magis
581 686 758 715 contmnetia
775 687 887 725 poterit

17 732 89 773 jure
110 729 238 770 adficere
254 754 263 764 ,
287 731 317 761 δε
343 729 426 770 quod
440 728 583 760 Valerius
605 725 766 758 Mmtimus
784 724 886 758 obscr-

24 771 147 803 vaverit
163 794 174 810 ,
199 772 228 803 δε
253 770 478 811 flagellationes
494 791 505 808 ,
530 769 559 799 ἃ
584 766 658 798 alias
677 766 792 808 specics
810 775 884 797 con-

25 813 185 852 tumeliae,
209 812 358 844 adulteris
378 812 494 849 illatae,
518 809 598 851 apud
615 807 774 840 Romanos
794 809 885 848 frau-

24 856 54 886 dn·
68 865 125 885 non
140 854 244 894 suiffe.
263 852 265 855 ’

66 895 213 928 Succedit
238 895 296 926 alia
322 893 452 936 quaestio
468 917 477 932 ,
501 901 591 933 quam
613 890 697 923 addit
714 890 885 938 Quinti-lia-

24 946 104 974 nus‚
127 946 166 968 an
179 937 209 968 ὅ(
222 935 306 968 fame
319 937 412 967 liceat
430 942 539 966 necare
557 933 573 964 ’ἒ
597 942 664 973 qua:
684 932 751 963 fere
774 931 885 977 incidit

27 979 58 1009 in
82 986 148 1009 eam
165 1001 175 1018 ,
213 987 250 1009 an
274 977 304 1009 &
328 977 422 1008 liceat
442 983 564 1006 veneno
580 973 596 1005 ‘2
622 982 786 1013 utrumque
801 981 885 1003 emm

27 1020 146 1051 lentum
169 1018 279 1050 mortis
308 1026 413 1058 genus.
466 1014 655 1047 Postremum
681 1013 884 1054 quaestionem

28 1059 175 1101 proponit
191 1059 269 1091 idem
291 1058 402 1090 Fabius
428 1056 518 1087 L.V.
544 1054 643 1095 Iustu.
670 1056 762 1086 Orat.
787 1055 811 1086 C
836 1063 882 1086 10.

26 1099 168 1138 His‚ait,
181 1101 326 1141 adjicitur
343 1100 554 1137 marimanam
574 1099 662 1134 τρόπιν
684 1098 787 1127 dicunt
800 1119 807 1132 ‚
828 1106 883 1136 quo

28 1143 173 1183 quaritur
189 1165 198 1177 ,
220 1143 458 1181 quemadmodum
476 1141 548 1180 quid
560 1137 601 1176 fit
613 1137 754 1177 fufium,
769 1140 882 1178 idquod

25 1190 88 1214 tum
109 1184 147 1213 ad
173 1184 349 1223 qualitatem
361 1182 569 1222 samumque
582 1181 740 1220 ρενιίηεις
771 1186 804 1210 uc
820 1202 829 1217 ‚
851 1189 879 1211 εἰ

25 1231 187 1256 necamus
205 1246 216 1262 ,
240 1231 459 1255 ADULTERUM
482 1231 624 1253 vENENo
647 1230 797 1253 LICUISSE
822 1230 878 1252 oc-

24 1273 176 1302 cmaaa,
199 1274 261 1297 sao
287 1273 396 1296 ranno
421 1272 637 1295 OPORTUlssE.
682 1263 724 1294 Et
753 1262 822 1294 sane
849 1261 881 1293 id

23 1305 196 1347 negandum
213 1305 356 1344 videtur,
381 1305 452 1346 quia
468 1303 607 1342 constat,
627 1304 696 1344 plus
712 1303 772 1335 esse
790 1312 880 1335 vene-

22 1355 65 1378 no
83 1355 213 1385 necare,
236 1356 327 1388 quam
344 1347 468 1387 gladio,
496 1353 530 1376 ut
545 1345 645 1386 palam
662 1343 803 1376 rescribit
819 1344 881 1376 An-

24 1387 152 1419 toninus
176 1388 207 1419 in
231 1389 252 1418 1.
282 1397 308 1419 1.
337 1389 370 1420 C.
393 1390 426 1419 de
455 1387 565 1425 Moles.
588 1386 624 1420 δ’
646 1387 827 1418 Μαιὺεηιαε.
850 1386 882 1417 in

22 1437 150 1469 oemque
163 1427 347 1461 sententiam
363 1429 485 1471 prolixe
499 1426 636 1469 disputat
655 1427 748 1460 Philo
761 1427 883 1468 Judaeus

22 1471 58 1500 de
79 1470 150 1501 LL.
165 1471 288 1510 special.
307 1477 386 1511 p.m.
410 1475 482 1512 665.
506 1469 541 1503 ἐξ
562 1473 635 1500 666.
661 1469 683 1501 fi
700 1478 802 1501 tamen
820 1468 882 1510 gla-

23 1510 99 1549 dio,
121 1511 173 1553 qui
195 1521 318 1543 veneno
334 1511 466 1544 infestus
488 1509 533 1542 est
549 1533 559 1549 ,
583 1510 705 1542 adulter
730 1509 882 1552 percutia-

25 1560 89 1591 tur,
106 1553 160 1584 etsi
175 1561 193 1583 a
210 1562 332 1585 veneno
349 1563 451 1592 mors,
475 1562 539 1584 non
554 1551 783 1590 dubitabimus,
808 1551 881 1592 quin

19 1593 88 1633 jure
104 1592 200 1625 caesus
213 1593 356 1626 videatur
367 1619 377 1634 ,
397 1601 507 1626 contra
521 1603 620 1632 vero,
644 1592 665 1624 si
684 1602 837 1624 venenum
851 1602 879 1623 a-

21 1635 130 1675 liquod
150 1644 207 1676 pro
230 1635 363 1666 inaverit
381 1657 392 1674 ,
425 1634 600 1667 aut'cibum
620 1643 746 1666 omnem
765 1632 879 1664 subtra-

20 1676 106 1707 xerit
117 1699 127 1715 ,
152 1685 190 1707 un
213 1685 231 1707 e
250 1676 334 1708 lenta
352 1685 453 1708 mors:
466 1685 566 1717 neque
583 1676 668 1708 enim
682 1675 809 1717 perinde
823 1674 878 1714 est,

19 1717 277 1757 quemadmodum
293 1717 427 1749 occidat.
453 1717 599 1750 Licentia
613 1716 796 1756 occidendi,
811 1725 880 1757 quae

20 1757 84 1804 hic·
96 1757 237 1799 permiil‘a
259 1757 303 1790 est
319 1782 329 1798 ,
354 1758 496 1800 permiss'a
516 1767 580 1790 non
598 1758 746 1798 videtur,
769 1757 825 1789 nisi
844 1765 901 1789 ut·-

19 1798 225 1840 indignationi
241 1798 329 1840 justae
349 1801 379 1832 dc
394 1799 462 1831 fere
479 1799 588 1831 subita:
606 1799 819 1841 indulgeatur,
844 1807 879 1830 ut

17 1840 165 1881 exemplo
180 1840 332 1882 Ulpianus
351 1840 485 1873 illustrat
503 1842 535 1874 in
559 1843 579 1872 i.
602 1851 639 1882 23
675 1841 704 1883 §.
726 1851 757 1880 4.
774 1840 817 1882 ff.
840 1843 878 1872 od

15 1881 58 1913 L.
79 1880 151 1922 Jul.
169 1883 203 1913 de
225 1882 369 1914 Adulter.
414 1883 552 1915 Maritus
569 1905 579 1922 ‚
602 1882 677 1914 dum
701 1882 877 1914 adulterum

17 1922 111 1954 caedit
129 1946 139 1963 ,
159 1922 276 1965 justum
293 1925 418 1955 dolorem
438 1923 618 1965 exsequitur
633 1946 645 1962 ,
667 1923 712 1956 ait
738 1922 802 1965 ipse
823 1924 877 1956 ille

18 1962 59 2010 Ul
83 1963 169 1996 ianus
197 1966 228 1997 in
252 1967 272 1997 l.
297 1976 326 2008 3.
360 1965 387 2007 §.
413 1976 442 2007 3.
476 1965 510 2006 ff.
533 1968 570 1996 ad
593 1965 649 1997 SC.
674 1966 823 1997 silanion.
847 1966 877 1998 &

33 2013 51 2036 u
82 2013 116 2036 us
140 2005 234 2038 dolor
259 2017 299 2038 ex
322 2007 390 2045 ira,
415 2008 476 2038 line
498 2007 615 2048 praevia
639 2007 875 2039 deliberatione.

51 2053 64 2076 t
89 2054 124 2078 ut
148 2047 322 2080 adulterum
346 2048 491 2079 occidere
515 2048 630 2088 liceat,
655 2059 719 2081 non
740 2048 814 2080 licet
832 2056 876 2079 ta-

18 2095 88 2118 men
107 2111 116 2126 ,
148 2087 168 2119 fi
189 2098 254 2121 non
278 2089 403 2122 occidas
417 2113 427 2129 ,
453 2089 491 2120 de
515 2098 554 2120 eo
578 2089 711 2121 statuere
727 2099 766 2121 ex
782 2089 877 2121 animi

19 2125 169 2160 sententia
186 2153 196 2169 ,
232 2131 306 2171 quin
332 2140 392 2163 nec
413 2140 483 2162 eum
503 2155 512 2170 ,
549 2131 580 2162 in
599 2131 754 2163 adulterio
771 2130 877 2171 depre-

18 2167 169 2214 hensum,
192 2173 324 2202 retinere
339 2173 421 2203 ultra
440 2172 530 2204 horas
546 2172 625 2204 XX.
651 2180 685 2203 ut
711 2172 793 2204 idem
821 2171 876 2203 Ul-

17 2218 128 2254 pianus
145 2210 251 2243 auctor
268 2211 312 2244 est
329 2213 362 2245 in
383 2214 402 2243 l.
426 2223 476 2252 25.
493 2213 533 2253 ff.
557 2213 630 2244 Eud.
677 2213 829 2251 Perinde,
855 2212 877 2245 si

18 2250 144 2282 occidas
154 2274 164 2290 ,
188 2261 250 2283 non
267 2254 392 2285 occides
434 2255 524 2286 uovis
541 2255 636 2286 modo
648 2278 657 2294 ,
682 2253 732 2286 sed
750 2256 876 2286 incomi-

16 2293 102 2337 nfnzi
123 2294 149 2322 d.
171 2292 192 2323 l.
219 2303 268 2335 23.
293 2294 322 2335 §.
346 2304 375 2335 4.
440 2304 451 2326 t
468 2295 568 2327 verbo
583 2296 705 2336 dicam,
730 2295 889 2327 oceidcn2

15 2331 48 2363 di
63 2331 268 2374 potestatem,
292 2345 384 2376 quam
397 2335 449 2367 lex
465 2336 549 2368 dedit
563 2360 573 2376 ‚
598 2346 661 2368 non
683 2337 775 2368 aliam
796 2337 876 2368 acci-

16 2373 137 2415 pimus,
160 2384 251 2415 quam
270 2386 338 2418 quae
353 2376 542 2417 frequentari
565 2377 646 2410 solet
663 2377 742 2418 apud
760 2378 876 2416 iratos,

17 2413 90 2446 dum
104 2414 194 2446 furor
209 2426 293 2449 arma
308 2416 461 2449 ministrat
472 2442 483 2457 ,
507 2419 612 2460 gladio
626 2442 635 2458 ,
660 2420 765 2450 aliove
791 2419 876 2456 telo;

16 2464 138 2488 veneno
154 2465 257 2489 autern
274 2458 303 2490 ἃ
319 2457 403 2489 fame
417 2468 544 2491 enecare
561 2460 655 2501 longe
671 2459 742 2501 plus
757 2458 802 2491 est
812 2483 822 2498 ‚
848 2459 877 2491 δε

17 2497 113 2544 magis
135 2496 271 2530 hominis
286 2499 485 2532 deliberantis
503 2524 513 2540 ,
537 2510 629 2542 quam
647 2510 687 2533 ex
705 2501 751 2532 ira
771 2501 888 2532 decer-⁴

17 2545 129 2570 nentis.

25 2599 28 2601 -
59 2578 208 2612 Praeterea
223 2581 384 2623 quaefitum
398 2607 408 2623 ,
439 2592 476 2614 an
498 2583 528 2614 ἄ
548 2582 580 2614 in
599 2583 736 2624 lupanari
757 2582 875 2615 adulte-

17 2627 87 2650 rum
107 2621 250 2653 occidere
265 2623 313 2663 jus
330 2623 438 2665 fasque
454 2624 518 2656 fit?
543 2623 761 2671 Quintilianus
786 2627 814 2656 d.
835 2626 875 2656 L.

19 2658 59 2706 Y.
81 2660 112 2692 C.
139 2670 184 2694 10.
222 2664 368 2705 Occidisti
385 2667 575 2704 adulterum,
599 2669 672 2707 quod
689 2667 738 2697 lex
753 2669 876 2705 permit-

20 2705 59 2730 ιιι
73 2725 80 2735 .
100 2701 147 2739 sed
162 2705 231 2743 quia
246 2708 279 2736 in
293 2706 451 2746 lupanari,
473 2710 562 2738 caedes
582 2708 633 2749 est.
679 2707 722 2739 Et
744 2708 787 2740 fic
804 2706 849 2739 est
865 2730 877 2746 ,

19 2739 43 2772 fi
56 2736 152 2782 JCtos
167 2746 344 2786 audiamus3
367 2748 419 2780 lex
434 2748 560 2790 quidem
575 2748 656 2790 Julia
690 2749 748 2780 atri
765 2749 876 2790 permi-

20 2779 58 2812 fit
87 2784 258 2818 adulterum
283 2787 356 2820 filiae
382 2788 441 2821 suae
461 2789 605 2821 occidere
621 2813 633 2830 ,
669 2790 707 2821 ed
731 2799 795 2822 non
813 2789 878 2822 ubi-

20 2829 143 2871 cunque
155 2825 409 2869 deprehenderit,
432 2840 542 2862 verum
560 2831 714 2863 duntaxat
724 2833 799 2862 domi
820 2835 877 2869 suae

18 2872 160 2912 generzvf
174 2870 225 2905 Jui
245 2869 266 2899 Ι.
288 2879 327 2900 22
361 2871 380 2911 §
401 2882 430 2903 2.
445 2872 485 2913 ff.
510 2875 547 2904 ad
571 2874 606 2904 L.
631 2873 702 2913 Jul.
725 2875 759 2904 de
778 2873 876 2905 Actut-

20 2916 78 2941 τεν.
98 2909 260 2954 ιει]]ι.ιςϊεί
284 2911 364 2942 ratio
385 2912 430 2944 est
451 2914 483 2944 in
507 2914 527 2944 l.
553 2923 604 2956 23.
629 2914 657 2956 §.
684 2925 712 2946 2.
731 2915 771 2956 ff.
798 2915 875 2946 End.

20 2950 143 2983 Marito
163 2956 256 2995 etiam
279 2959 342 2982 non
364 2953 438 2986 alias
461 2953 538 2986 licet
558 2955 732 2987 adulterum
752 2956 875 2987 occide-

18 2997 164 3032 re‚quam
182 2988 204 3021 fi
218 2999 250 3021 111
264 2999 363 3024 uxore
378 2992 428 3026 sua
443 2994 651 3036 deprehendat
674 2999 750 3028 domi
763 2998 837 3037 suoe.
856 2999 878 3030 l.

20 3042 76 3070 24,
93 3038 142 3070 pr.
159 3030 198 3070 ff.
221 3031 295 3077 an.
320 3032 412 3079 Plane
427 3045 520 3074 eum,
543 3037 595 3078 qui
613 3037 644 3069 in
661 3038 800 3079 lupanari
815 3048 878 3070 me-

19 3080 140 3106 rentem
153 3071 280 3104 alterius
296 3074 457 3107 mulierem
482 3075 601 3119 subegit
618 3100 629 3117 ,
650 3079 718 3119 J'ure
734 3080 879 3112 adulterii

20 3113 166 3159 occidere
184 3121 247 3144 non
266 3115 367 3146 minus
391 3116 466 3148 effet
487 3117 669 3159 absurdum,
693 3130 785 3161 quam
804 3121 878 3153 Ma-

19 3155 138 3196 iestatis
149 3153 300 3199 ‘damnare
315 3177 328 3194 ,
357 3156 411 3197 qui
425 3157 624 3191 Mess'alinam
640 3182 652 3199 ,
676 3160 800 3193 Claudii
818 3161 878 3193 Im-

17 3203 321 3270 pessgssrisLuxorm
338 3196 435 3230 titulo
451 3195 592 3243 Lycisc‘ae
609 3201 642 3235 in
657 3201 795 3245 lupanari
806 3212 878 3244 pro-

251 106 693 150 OBSERVATIONUM
721 105 856 153 JURIS
882 104 1094 151 ROMANI
1145 106 1232 140 Llss.
1261 105 1309 142 V.
1363 106 1401 142 C.
1430 105 1530 143 Vlll.

1729 113 1795 149 153

926 184 1075 224 stantem,
1101 182 1275 225 subegisset.
1322 184 1364 217 Et
1383 195 1454 217 cum
1473 186 1640 218 meretrice
1656 209 1666 224 ,
1689 195 1782 227 quam

924 227 973 258 vis
989 226 1094 257 virum
1112 225 1240 264 habeat,
1259 234 1323 257 rem
1344 225 1500 265 habuisse,
1524 227 1712 260 adulterium
1731 236 1796 259 non

925 266 969 300 cst
992 268 1012 298 l.
1034 277 1085 299 22.
1112 267 1143 299 C.
1169 269 1206 297 orl
1233 267 1268 298 L.
1295 265 1365 307 Juz.
1389 270 1423 299 de
1437 269 1579 300 Adulter.
1605 279 1696 311 quam
1710 278 1794 310 quae-

927 309 1060 342 stionem
1078 309 1173 340 etiam
1200 307 1440 341 Declamatores
1463 310 1601 341 tractasse
1624 310 1797 356 Quintilia-

927 360 984 383 nus
1007 351 1047 382 L.
1069 350 1140 382 VII.
1173 350 1202 381 C.
1228 360 1259 393 3.
1283 349 1384 390 lustu.
1409 351 1534 382 Orator.
1560 350 1607 382 his
1626 351 1729 383 verbis
1749 351 1796 383 in-

927 392 1027 424 dicat:
1053 393 1258 429 adulterium,
1279 401 1346 423 cum
1367 392 1466 424 aliena
1489 402 1583 424 uxore
1599 394 1674 424 domi
1695 396 1797 432 coire,

928 442 967 465 an
982 433 1017 468 ἐξ
1034 435 1066 465 in
1085 433 1261 475 luparia-iri?

971 475 1146 522 Quaesrtum
1164 475 1297 517 denique
1313 474 1374 515 est,
1400 476 1430 507 in
1449 473 1539 507 causa
1556 474 1701 507 adulterii
1723 498 1734 514 ,
1758 485 1796 508 an

928 516 1116 558 deprehensa
1140 518 1171 549 ἃ
1197 516 1302 549 occisa
1321 517 1461 549 adultera
1478 541 1487 556 ,
1513 517 1689 548 adulterum
1708 541 1716 556 ‚
1742 517 1796 558 qui

928 559 1098 599 effugerat,
1121 559 1228 600 polica
1253 559 1284 590 in
1300 557 1375 590 foro
1398 559 1491 591 liceat
1510 558 1656 590 occidere
1672 558 1688 590 ἓ
1712 557 1796 590 Audi

928 600 1032 632 rursus
1051 599 1183 632 Fabium
1207 601 1247 632 L.
1270 599 1324 632 ΙΙΙ.
1350 600 1381 632 C.
1410 609 1458 632 11.
1504 600 1560 632 Sed
1577 599 1613 634 θ’
1630 610 1690 631 una
1707 599 1798 640 causa

926 644 1030 683 plures
1053 643 1157 673 habere
1178 640 1349 683 questiones
1372 641 1408 677 &⁹
1430 642 1632 685 judI'cotiones
1652 666 1661 679 ,
1687 648 1720 672 ut
1744 652 1796 683 ego

930 685 1063 715 arbitror
1079 707 1088 722 ,
1107 686 1218 724 potest.-
1241 692 1275 714 ut
1301 687 1333 715 in
1354 694 1384 716 eo
1401 707 1412 723 ‚
1434 684 1486 726 qui
1506 709 1514 720 ,
1539 694 1604 715 cum
1626 685 1796 715 odzaelteram

930 726 1135 766 deprehensum
1158 725 1303 765 occidiffrt
1319 749 1327 765 ,
1350 727 1522 757 adulterum
1536 750 1544 763 ‚
1567 729 1618 767 qui
1640 733 1702 757 tum
1719 726 1794 767 effu—

926 775 1016 809 gerat
1038 791 1046 805 ‚
1067 768 1166 808 postea
1182 771 1292 809 insoro
1304 771 1419 800 occidit.
1446 768 1540 807 Causa
1557 771 1635 799 enim
1654 768 1694 808 eft
1711 778 1771 799 uno
1784 790 1794 803 ‚

931 819 1092 841 ADULTER
1120 819 1209 841 FUIT.
1257 809 1438 855 Qiaestiones
1457 811 1492 845 ὣ)
1505 811 1726 852 judicationes:
1746 817 1793 841 ΑΝ

930 860 1009 882 ILLO
1034 859 1199 882 TEMPORE
1223 874 1231 889 ,
1257 860 1305 883 AN
1328 860 1409 883 ILLO
1434 861 1522 883 Loco
1547 861 1713 883 LicUERIT
1739 860 1795 882 oc-

929 891 1085 923 CiDERE?
1109 891 1223 923 Fabius
1240 893 1270 924 in
1296 902 1331 924 ca
1353 893 1443 925 causa
1465 893 1624 934 duplicem
1647 892 1727 924 fecit
1751 892 1796 923 in-

928 932 1136 974 spectionem,
1161 935 1190 964 oz
1210 935 1377 975 temporis,
1404 936 1433 967 dt·
1451 935 1524 966 loci.
1551 934 1648 978 Quod
1663 934 1700 966 ad
1717 942 1795 966 tem-

928 983 1003 1015 pus,
1017 974 1069 1004 lex
1083 973 1164 1013 julia
1173 983 1340 1016 utrumque
1359 978 1557 1008 incontinenti
1572 976 1720 1008 desiderat
1741 984 1795 1006 oc-

928 1015 991 1046 cidi
1015 1015 1033 1044 l⁴
1062 1024 1112 1060 ²3:
1149 1015 1176 1055 §.
1201 1026 1231 1052 4.
1251 1016 1290 1057 ff.
1311 1019 1348 1048 ad
1370 1018 1407 1049 L.
1432 1018 1502 1059 Jul
1525 1020 1557 1049 cie
1581 1019 1689 1048 Aaou.
1713 1015 1795 1048 scili-

927 1064 978 1087 cet
995 1064 1065 1102 ,·ut
1088 1057 1177 1096 lupra
1197 1057 1337 1089 dicebam
1353 1080 1364 1096 ,
1393 1061 1443 1091 cui
1471 1060 1635 1090 occidendi
1660 1058 1796 1090 facultas

925 1098 1146 1138 permittitur,
1183 1107 1248 1130 non
1274 1099 1415 1131 criminis
1450 1099 1637 1140 exsequutio
1668 1100 1795 1131 videtur

926 1138 1085 1176 mandata,
1110 1137 1160 1169 sed
1182 1139 1264 1178 ejus,
1291 1147 1437 1181 tanquam
1460 1140 1599 1182 inspectu
1617 1140 1799 1173 sceler-isin«

924 1178 1092 1219 flammati,
1117 1179 1200 1220 justo
1216 1180 1320 1212 dolori
1336 1182 1444 1213 datum
1460 1181 1524 1221 est,
1542 1190 1577 1213 ut
1592 1182 1739 1213 occidere
1757 1181 1794 1212 li-

923 1228 1018 1252 ceret.
1066 1220 1268 1264 Quapropter
1286 1222 1307 1254 fi
1322 1221 1497 1264 fugientem
1517 1233 1534 1254 e
1558 1223 1655 1254 cubili
1673 1222 1793 1254 adulte-

922 1271 991 1293 rum
1012 1261 1232 1303 persequiitus,
1245 1271 1339 1304 atque
1358 1264 1537 1306 affequutus
1553 1264 1677 1296 demum
1695 1265 1725 1295 in
1742 1262 1794 1295 fo-

924 1313 979 1342 ro,
1003 1303 1046 1335 ibi
1062 1302 1264 1342 confoderit,
1288 1314 1351 1336 non
1377 1306 1609 1345 dubitabimus,
1635 1305 1710 1347 quin
1733 1304 1796 1337 fine

922 1343 1032 1376 fraude
1048 1344 1099 1377 fit:
1124 1354 1189 1377 non
1211 1346 1382 1379 intermiss'a
1393 1348 1509 1389 quippe
1524 1346 1726 1389 persequutio
1742 1346 1794 1378 de-

924 1386 1041 1425 clarat,
1065 1386 1197 1418 eundem
1213 1387 1311 1419 animi
1330 1388 1484 1430 impetum
1499 1413 1509 1429 ‚
1534 1389 1587 1430 qui
1606 1389 1692 1420 domi
1712 1387 1796 1427 fuit,

925 1428 961 1459 ad
976 1426 1084 1459 forum
1105 1427 1287 1469 perdurasse.
1312 1429 1371 1461 >Et
1388 1430 1489 1471 palam
1508 1430 1549 1463 fic
1569 1429 1724 1472 Ulpianus
1742 1429 1794 1462 de-

925 1468 996 1501 finit
1016 1469 1048 1501 in
1072 1472 1099 1500 d,
1122 1470 1144 1501 l.
1167 1479 1218 1511 23.
1242 1471 1269 1511 §.
1293 1480 1325 1511 4.
1349 1473 1380 1502 in
1399 1471 1457 1511 fin.
1507 1471 1638 1517 Quoslfi
1658 1471 1725 1513 (de
1742 1481 1795 1513 pa-

925 1519 974 1542 tre
988 1511 1084 1542 verba
1100 1510 1197 1553 sunt)
1219 1514 1290 1543 dum
1307 1514 1481 1545 adulterum
1501 1516 1608 1545 occidit
1620 1538 1629 1552 ‚
1649 1514 1791 1555 profugit

920 1552 988 1593 filia
1000 1575 1008 1591 ‚
1032 1552 1067 1587 δ’
1087 1553 1270 1594 incerpofitis
1291 1555 1372 1587 boris
1387 1555 1568 1597 adprehensa
1584 1554 1625 1589 eli
1642 1566 1659 1587 a
1678 1562 1767 1595 patre
1782 1578 1795 1593 ‚

924 1604 979 1638 quo
994 1591 1248 1636 perftqzcebazur,
1267 1597 1469 1630 incontinenti
1485 1599 1640 1629 videbitur
1649 1596 1793 1636 occidisse.

924 1635 1040 1668 Eadem
1063 1636 1180 1677 species
1206 1636 1251 1670 est
1271 1638 1352 1679 apud
1375 1639 1526 1679 Fabium,
1549 1639 1605 1672 nifi
1626 1638 1794 1680 quodibi,

922 1676 1027 1709 occisa
1042 1677 1128 1716 filia,
1154 1679 1298 1720 profugit
1315 1680 1455 1720 adulter,
1481 1680 1551 1720 hic,
1577 1673 1686 1712 occiso
1708 1680 1794 1712 adul-

924 1726 993 1751 tero
1012 1742 1022 1758 ,
1040 1719 1198 1766 'profugit
1215 1720 1280 1753 filia
1295 1744 1305 1760 ,
1329 1722 1413 1762 quod
1428 1722 1478 1762 jus
1497 1731 1563 1755 non
1583 1729 1695 1755 mutat.
1740 1720 1799 1753 De

922 1760 998 1793 loco
1016 1760 1174 1802 duputare
1194 1761 1274 1793 nihil
1291 1763 1423 1795 omnino
1438 1765 1574 1803 attinet,
1599 1763 1711 1804 utique
1726 1772 1793 1795 non

921 1801 960 1833 de
983 1801 1070 1834 foro.
1114 1802 1176 1834 Sed
1198 1803 1272 1844 quid
1292 1803 1433 1836 dicemus
1455 1804 1494 1836 de
1513 1804 1610 1836 domo
1634 1804 1792 1843 adulteri,

921 1843 974 1875 vel
989 1842 1103 1886 asylo?
1128 1843 1170 1875 Et
1191 1853 1301 1885 parum
1317 1844 1419 1885 abest,
1445 1847 1520 1886 quin
1542 1845 1625 1877 idem
1649 1845 1796 1877 obtinere

919 1894 1091 1926 putemus3
1115 1886 1376 1926 quemadmodum
1406 1887 1540 1919 dicimus
1556 1910 1565 1925 ,
1592 1885 1735 1925 hostem,
1760 1885 1794 1918 in

919 1925 1027 1958 nostro
1047 1926 1210 1958 territorio
1231 1926 1474 1968 deprehensum,
1501 1929 1530 1960 ὃς
1547 1928 1745 1969 fugientem,
1760 1927 1791 1959 in

920 1968 1049 1999 alterius
1074 1967 1210 2008 Imperio
1235 1967 1378 2009 persequi
1403 1970 1497 2001 licere
1517 1993 1526 2008 ,
1564 1969 1661 2000 modo
1691 1967 1792 2010 perse-

920 2018 1051 2050 quamur
1073 2009 1306 2049 incontinenti,
1331 2010 1462 2043 durante
1479 2020 1583 2052 pugna
1598 2010 1651 2042 vel
1667 2009 1790 2051 fugien-

921 2051 1001 2082 tium
1024 2050 1118 2081 caede.

963 2090 1014 2123 Ne
1032 2101 1104 2122 cum
1121 2091 1269 2124 adulteris
1289 2092 1431 2124 finiamus
1448 2115 1460 2132 ,
1484 2093 1565 2125 addo
1588 2092 1681 2125 aliam
1708 2102 1792 2134 quae-

921 2132 1054 2165 stionem
1069 2157 1078 2172 ,
1104 2133 1184 2173 apud
1209 2133 1364 2166 Rhetores
1383 2135 1542 2175 agitatam.
1589 2134 1638 2167 An
1656 2143 1792 2175 nempe,

919 2174 941 2206 fi
956 2174 1020 2205 duo
1036 2173 1123 2206 simul
1141 2174 1279 2213 ejusdem
1298 2176 1342 2206 rei
1362 2174 1499 2207 fecerint
1520 2175 1642 2208 furtum
1661 2199 1671 2215 ,
1703 2175 1795 2215 cujus

919 2215 1047 2247 nomine
1073 2215 1105 2246 in
1130 2216 1335 2257 quadruplum
1360 2215 1406 2248 est
1429 2217 1529 2257 aetio,
1554 2225 1589 2249 ut
1614 2217 1634 2250 fi
1660 2216 1792 2248 manife-

919 2255 1000 2288 stum
1018 2255 1072 2295 sit,
1098 2266 1135 2288 an
1155 2255 1246 2289 semel
1262 2258 1470 2299 quadruplum
1486 2257 1625 2299 pendisse
1644 2256 1795 2297 sufficiat,

919 2307 955 2329 ut
972 2297 1064 2329 ambo
1083 2298 1275 2338 liberentur,
1293 2309 1331 2330 an
1350 2299 1500 2340 cujusque
1515 2300 1644 2331 nomine
1658 2298 1790 2340 quadru-

918 2339 1007 2380 plum
1026 2362 1036 2378 ,
1069 2347 1161 2380 atque
1183 2340 1227 2371 ita
1250 2340 1414 2381 mstuplum
1434 2340 1620 2380 amborum,
1646 2339 1790 2381 praestan-

919 2381 993 2411 dum
1019 2379 1058 2411 iit
1076 2380 1093 2411 ἵ)
1119 2381 1197 2411 hanc
1214 2380 1419 2422 quaestionem
1445 2382 1597 2423 proponit
1617 2380 1789 2428 Quintilia-

920 2430 978 2453 nus
1002 2421 1041 2452 L.
1064 2420 1136 2454 VH.
1163 2421 1236 2462 Infi.
1262 2422 1388 2453 Orator.
1412 2423 1445 2454 C.
1468 2433 1499 2461 4.
1522 2426 1554 2455 in
1569 2423 1627 2463 fin.
1653 2422 1689 2458 ἐξ
1706 2423 1739 2455 C.
1755 2427 1787 2455 6.

920 2465 951 2493 in
970 2464 1070 2503 princ.
1117 2462 1221 2495 Verba
1238 2464 1403 2505 utriusque
1421 2464 1484 2496 loci
1501 2474 1564 2496 non
1583 2463 1735 2497 adscribo.
1761 2463 1794 2496 1ae

920 2503 972 2545 psa
986 2511 1090 2535 autem
1104 2505 1235 2544 quaessio
1252 2505 1323 2536 inde
1339 2505 1475 2547 pendet,
1500 2506 1648 2547 quotiens
1666 2504 1791 2537 furtum

920 2545 1064 2576 videatur
1084 2545 1145 2576 ess'e
1171 2545 1289 2577 factum
1306 2546 1322 2578 ’.ἕ
1363 2546 1393 2578 &
1420 2547 1588 2588 diligenter
1619 2546 1793 2588 disputanti

920 2586 1097 2627 apparebit,
1123 2587 1215 2618 unius
1231 2587 1298 2627 rei,
1311 2587 1367 2619 etfi
1385 2598 1402 2619 a
1421 2588 1659 2630 quamplurimis
1674 2588 1706 2619 in
1717 2597 1787 2619 ean-

919 2628 990 2659 dem
1008 2626 1129 2658 causam
1147 2627 1322 2669 subreptae,
1347 2628 1469 2661 furtum
1487 2639 1551 2661 non
1570 2629 1650 2668 effe,
1675 2628 1731 2661 nifi
1754 2638 1791 2660 u-

919 2678 994 2700 num
1013 2669 1184 2709 duntaxat,
1209 2679 1250 2701 ne
1273 2679 1311 2700 ue
1325 2670 1409 2702 enim
1422 2669 1489 2709 est,
1513 2670 1569 2703 nifi
1591 2671 1682 2701 unius
1709 2669 1790 2709 ejus-

920 2710 1053 2750 demque
1071 2710 1114 2741 rei
1130 2709 1224 2742 semel
1242 2720 1258 2742 a
1283 2711 1344 2743 lata
1362 2711 1523 2752 poffeffio,
1549 2712 1579 2744 ὅ(
1605 2710 1793 2742 continuata

920 2750 1170 2783 contrectatione
1193 2751 1316 2784 furtum
1339 2762 1403 2784 non
1430 2751 1635 2794 multiplicari
1665 2750 1790 2784 constat

921 2793 940 2824 l.
965 2802 993 2829 9-
1013 2799 1064 2833 pr.
1081 2792 1122 2834 ff.
1145 2796 1178 2824 de
1198 2793 1288 2824 Furi.
1323 2792 1440 2825 Incidit
1454 2794 1552 2834 igitur
1565 2792 1636 2823 haec
1652 2790 1744 2824 causa
1757 2793 1793 2825 in

921 2843 987 2865 eam
1006 2835 1228 2875 quaeitionem,
1255 2844 1324 2876 quae
1344 2834 1538 2866 tractata'est
1563 2832 1603 2864 de
1625 2832 1789 2874 pluribus,

942 2876 973 2907 ui
989 2876 1130 2916 tignum,
1155 2875 1241 2917 quod
1255 2885 1334 2907 unus
1349 2874 1432 2906 ferre
1447 2883 1510 2906 non
1529 2881 1674 2915 poterat,
1698 2873 1790 2907 fimul

919 2885 1016 2948 iiii-ati
1033 2915 1122 2954 sunt,
1146 2915 1250 2947 tuliss'e
1266 2915 1349 2947 enim
1366 2916 1396 2947 ἃ
1413 2925 1477 2947 non
1496 2914 1599 2946 tuliss'e
1614 2914 1724 2956 finguli
1740 2916 1788 2948 vi-

919 2957 1051 2996 dentur,
1075 2956 1126 2988 sed
1143 2956 1292 2988 utilitatis
1309 2965 1385 2997 ergo
1404 2955 1542 2997 placuit,
1568 2965 1677 2987 omnes
1694 2956 1726 2988 in
1740 2955 1789 2989 so-

922 2998 1021 3030 lidum
1049 2998 1147 3029 teneri
1172 2998 1192 3027 l.
1216 3006 1267 3036 51.
1297 2997 1325 3036 ᾗ.
1348 2997 1404 3028 ult.
1429 2997 1471 3038 ff.
1501 2999 1539 3027 ad
1563 2997 1593 3028 L
1624 2998 1733 3039 Aqm't.
1753 3005 1792 3030 ut

921 3040 1023 3071 multa
1046 3039 1114 3079 jure
1137 3038 1227 3069 civili
1247 3061 1256 3077 ,
1287 3046 1398 3069 contra
1421 3038 1575 3069 rationem
1590 3037 1788 3080 disputandi,

922 3089 980 3120 pro
998 3080 1136 3111 utilitate
1152 3079 1312 3110 communi
1331 3088 1456 3120 recepta
1473 3079 1551 3119 esse,
1576 3079 1722 3112 observat
1745 3081 1790 3113 ibi

922 3120 1070 3161 Julianus.
1116 3120 1159 3152 Et
1178 3119 1313 3161 singulos
1326 3119 1412 3151 fures
1429 3119 1551 3151 afflone
1565 3119 1644 3153 furti
1663 3121 1694 3153 in
1716 3120 1788 3153 soli-

922 3161 995 3192 dum
1015 3161 1132 3200 teneri,
1157 3170 1174 3191 a
1190 3160 1396 3193 Diocletiano
1420 3162 1450 3193 &
1475 3161 1675 3194 Maximiano
1693 3163 1790 3194 etiam

923 3201 1110 3244 rescriptum
1124 3200 1170 3234 est
1185 3202 1217 3234 in
1241 3203 1261 3234 l.
1282 3211 1309 3235 1.
1333 3203 1422 3276 C'x‘ie
1445 3203 1576 3236 Condist.
1596 3204 1718 3247 furtiv.
1741 3203 1792 3235 Ita
1834 3214 1839 3216 ·

1742 3253 1795 3275 aa·
