2008 3436
236 96 680 138 OBSERVATIONUM
708 94 844 143 JURIS
869 94 1082 132 ROMANI
1133 95 1220 132 LIB.
1251 99 1352 135 Vni.

56 182 157 217 {iorum
182 182 288 216 Libros
309 191 326 213 e
350 178 492 213 itomaffe
511 189 519 210 z
548 177 600 220 qui
620 176 704 209 enim
722 176 805 208 vitas
822 175 919 216 JCto-

47 218 121 259 “rum
144 234 289 257 veterum
323 221 520 264 cripserunt,
555 218 625 262 post
651 225 919 264 commemoratos

53 267 160 300 Alfeni
186 267 291 298 Libros
314 264 386 297 XL.
412 262 457 295 Di·
481 267 620 304 ejtorum,
639 269 715 292 mox
734 258 918 300 subjiciunt,

52 319 108 342 eos
128 310 159 341 in
179 305 401 350 compendium
419 314 452 336 re
474 303 568 345 egiss'e
583 302 731 348 Bauium,
753 300 840 342 quod
854 311 919 334 non

50 352 143 383 aliter
160 351 323 391 intelligo,
349 355 442 388 quam
460 345 498 378 de
517 344 673 377 omnibus.
702 342 794 391 Unde
815 351 919 390 tamen

51 392 82 424 id
101 391 170 425 sciri
187 391 278 434 potiit
291 413 302 429 ‚
325 398 389 421 non
409 386 483 419 satis
501 386 726 419 animadverto.
765 384 816 431 Lx
838 392 917 417 inte-

51 435 114 466 ·¹·ris
133 435 236 467 Libris
252 428 439 475 Digestorum
453 428 523 460 sunt
543 427 684 470 quaedam
705 434 810 468 capita
838 435 919 458 tran-

50 461 165 520 scripta
194 476 225 507 in
255 472 423 506 pandectas
441 494 451 509 ‚
485 469 607 502 nullum
624 468 750 510 quidem
769 478 810 500 ex
827 468 920 500 Libro

45 522 142 561 prim
155 541 167 558 ,
180 516 231 549 sed
244 515 329 547 varia
345 523 385 545 ex
397 510 670 545 Lib1·olI.llI.lV.
681 510 720 541 V.
732 510 786 542 Vl.
802 509 838 545 &³⁹
848 510 918 542 Vll.

48 571 89 593 ex
111 559 239 602 reliquis
259 556 358 595 nihil3
381 564 422 587 ex
444 553 531 587 Pauli
553 562 631 585 vcro
649 552 852 598 Epitognanrwn
866 552 920 583 Li-

47 605 107 635 bris
124 601 182 632 osto
201 598 270 631 sunt
294 598 403 629 itidem
424 597 456 629 in
477 595 645 627 pandectas
660 597 846 635 tranlcripta
867 603 918 625 va-

47 645 92 677 ria
108 642 232 684 capita,
257 638 308 672 sed
326 639 406 671 nihil
428 637 492 676 est,
519 637 599 669 unde
617 634 759 681 constet,
784 645 822 667 an
842 635 918 681 Pau-

47 687 96 719 lus
115 685 186 727 plus
201 691 294 724 quam
319 681 393 712 octo
413 680 527 712 Libros
544 677 651 710 Alfeni
670 685 896 718 epitomaverit
907 701 918 717 ,

47 728 94 767 δε,
119 726 140 758 ii
159 724 234 757 ouo
245 748 255 764 ,
282 733 319 755 an
334 721 409 754 osto
427 721 567 762 priores,
592 729 630 752 an
647 717 834 761 posteriores
845 742 857 764 ,·
881 728 919 750 an

45 769 186 806 medios,
212 775 250 797 un
271 773 312 796 cx
332 762 481 795 universo
493 762 598 803 Opere
619 759 762 802 selegerit
780 761 832 792 hic
850 760 919 791 illic

47 810 122 843 osto
153 808 290 845 Libros,
313 805 432 846 magis,
468 812 502 834 ut
525 802 579 844 ipsi
596 802 778 841 videbatur,
804 802 916 841 utiles,

48 853 77 885 ὃς
97 852 230 892 dignos,
255 848 307 889 qui
330 847 361 878 in
385 846 556 888 Epitomen
573 844 796 886 redigerentur.
837 843 917 889 Sane

47 903 111 926 non
138 899 248 923 omnes
266 887 416 930 redegiss'e
433 911 441 926 ‚
467 886 537 917 inde
555 885 630 917 mihi
659 884 784 916 videtur
801 885 915 929 veroli-

47 935 123 967 mile
136 958 145 973 ,
171 930 256 973 quod
274 939 314 962 cx
336 929 464 970 integris
485 928 587 959 Libris
608 924 795 968 DIgeJlorwn
820 935 915 956 variae

46 976 146 1017 Leges
163 973 221 1006 lint
236 971 416 1016 dsicriptae,
438 969 552 1009 absque
572 967 634 1013 ulla
650 967 816 1011 Epitomes
828 975 913 1015 men-

48 1018 155 1055 tione,
178 1013 322 1056 quodque
333 1021 364 1042 in
384 1008 610 1050 componendis
631 1007 810 1046 Pandetlis,
833 1007 854 1039 si
874 1007 915 1039 h.-

46 1061 166 1101 pitom‘:
183 1062 291 1086 omnes
313 1052 423 1083 Libros
442 1049 550 1082 fuiil'et
566 1049 753 1090 complexa,
776 1057 812 1080 ea
827 1048 915 1080 forte

88 1105 200 1140 spetuo
223 1093 350 1126 fuill'cnt
367 1093 410 1125 ufi
422 1116 432 1132 ,
454 1091 507 1133 qui
528 1091 699 1132 digerendo
719 1090 817 1131 Operi
837 1099 914 1136 prae5

48 1109 183 1174 fficium.
230 1136 289 1167 Sed
314 1136 345 1166 in
367 1133 414 1166 his
439 1134 469 1165 ὃς
490 1132 639 1164 iimili'ous
657 1141 751 1164 nemo
771 1131 837 1170 est,
860 1141 913 1173 qui

45 1188 158 1225 praeter
174 1177 387 1217 conjecturam
402 1175 569 1217 quicquam
584 1173 729 1215 praestare
745 1174 846 1215 pessit.

670 1272 1026 1327 cAi’UT

1405 101 1445 137 C.
1473 102 1500 137 I.
1536 103 1581 138 11.
1774 111 1841 146 249

1005 174 1171 223 Superest,
1198 178 1469 224 ut'inquiramuQ
1495 183 1527 214 in
1548 181 1651 215 Libris
1667 181 1794 221 Alfeni,
1821 191 1838 213 a

961 217 1061 250 Paulo
1079 226 1264 258 epitomatis
1280 243 1290 259 ,
1316 223 1386 261 quis
1407 223 1627 265 intelligatur,
1653 225 1706 256 ubi
1725 223 1842 265 iimpli·¹

960 260 1041 291 citer
1067 260 1210 292 occurrit
1228 261 1375 302 respondit
1388 287 1398 302 ,
1432 265 1462 296 ἅ
1483 266 1590 305 paucis
1610 265 1766 307 capitibus
1785 275 1839 297 ex-

963 301 1085 343 ceptis,
1108 303 1250 348 occurrit
1265 303 1405 346 semper,
1430 315 1503 337 cum
1523 308 1553 338 hi
1572 306 1660 338 Libri
1680 307 1839 348 Responsa

962 343 1043 384 Juris
1072 345 1290 377 continuerint
1310 355 1320 384 3
1353 345 1449 379 semel
1471 347 1632 389 responfimi
1650 347 1691 389 est
1708 372 1718 387 ‚
1742 349 1838 382 semel

962 387 1027 424 ait,
1050 385 1136 426 quod
1156 386 1268 419 eodem
1288 386 1391 428 redit,
1419 390 1449 420 ὃς
1462 388 1557 422 semel
1576 389 1707 430 respondi
1721 413 1732 429 ,
1752 400 1837 422 nem-

962 436 1002 468 pe
1022 428 1054 458 in
1070 426 1097 472 .l·
1108 430 1159 458 60.
1186 427 1214 469 §.
1231 438 1256 460 1.
1275 429 1316 471 ff.
1341 431 1375 461 de
1398 430 1508 473 Legat.
1536 430 1590 462 III.
1617 430 1669 462 scd
1686 430 1756 463 solo
1768 431 1835 463 for-

965 477 997 501 te
1017 467 1180 509 scripturae
1200 471 1304 511 vitio,
1330 482 1401 504 nam
1425 482 1500 506 mox
1520 473 1550 504 in
1585 472 1613 514 ἓ.
1638 482 1668 503 2.
1701 474 1792 516 ejusd.
1817 475 1837 505 l.

963 509 1009 542 est
1031 511 1196 551 respondit,
1222 512 1252 544 ἃ
1276 513 1308 545 in
1331 513 1359 554 §.
1385 524 1414 556 3.
1441 516 1496 546 ait.
1528 514 1564 546 In
1580 514 1711 555 integris
1733 515 1837 546 Libris

963 550 1153 598 Digestorum
1176 552 1230 585 ubi
1253 553 1298 586 est
1313 555 1483 597 respondit,
1506 555 1537 588 id
1560 554 1650 597 supra
1661 555 1757 588 facile
1770 566 1837 598 pas-

963 594 1013 625 ius
1043 593 1109 625 sum
1137 593 1174 624 ad
1198 596 1345 629 Servium
1370 596 1507 638 referri,
1533 598 1563 630 ὅ(
1578 607 1618 628 eo
1637 598 1839 638 pertinebant

963 635 1047 676 leges
1062 657 1073 673 ‚
1104 644 1178 675 quas
1198 646 1237 668 ex
1256 638 1387 680 integris
1408 639 1511 671 Libris
1532 638 1722 682 Digestorum
1742 640 1837 671 addu—

963 678 1091 714 cebam;
1116 676 1169 708 ubi
1190 687 1269 710 vero
1286 679 1318 711 in
1340 680 1474 721 Epitome
1486 680 1530 713 est
1551 682 1718 723 respondit,
1743 682 1773 713 id
1792 691 1838 713 re-

962 717 1032 750 fero
1052 718 1088 749 ad
1110 717 1283 759 Alfenum,
1314 722 1404 762 cujus
1430 721 1617 755 sententiam
1637 723 1752 756 Paulus
1773 723 1838 765 epi-

964 767 1108 806 tomator·
1119 760 1260 793 exhibet.
1307 761 1515 796 Diciturhaec
1534 767 1624 797 oratio
1649 765 1776 807 obliqua,
1797 765 1836 796 ab

961 801 1010 833 his
1025 811 1162 833 maxrme
1178 800 1377 844 frequentata
1394 828 1405 844 ,
1427 806 1480 847 qui
1507 806 1583 848 quid
1602 817 1642 839 ex
1660 807 1730 838 aliis
1756 806 1837 838 refe-

960 850 1046 876 runt.
1088 843 1217 884 scripsit
1244 845 1415 885 Javolenus
1441 848 1548 879 Libros
1571 848 1611 881 V.
1637 859 1674 880 ex
1692 848 1836 887 Plautio,

959 893 1151 926 quapropter
1172 887 1217 916 ait
1231 907 1243 924 ,
1278 887 1363 927 quod
1386 887 1431 920 est
1451 889 1482 921 in
1514 890 1533 920 l.
1559 894 1610 930 46.
1641 890 1682 932 ff.
1703 891 1736 922 de
1763 891 1836 921 Con-

958 926 1028 957 dici.
1052 927 1146 957 indeo.
1171 927 1208 958 ad
1224 927 1384 960 Plautium
1404 929 1518 962 refero.
1565 933 1600 963 ln
1622 932 1692 964 aliis
1718 931 1832 974 Epito-

958 968 1017 999 mis
1045 967 1127 999 idem
1145 967 1282 1001 obtinet.
1327 970 1431 1002 Verrii
1444 971 1559 1004 Libros
1576 974 1767 1015 epitomavit
1780 973 1804 1005 F
1806 983 1836 1005 e-

958 1006 1039 1048 stus,
1066 1008 1096 1040 &
1114 1008 1196 1042 Festi
1210 1010 1314 1042 rursus
1334 1011 1448 1044 Paulus
1468 1012 1657 1054 Diaconus3
1680 1016 1733 1047 ubi
1752 1014 1836 1056 apud

958 1049 1084 1082 Festum
1104 1049 1172 1090 cst,
1195 1053 1289 1090 dicit,
1309 1054 1377 1091 ait,
1400 1062 1437 1084 ut
1457 1054 1488 1086 in
1514 1055 1555 1086 V.
1582 1057 1710 1088 Salicem
1732 1057 1763 1088 δε
1779 1057 1833 1088 Sa-

957 1092 1051 1122 linum
1063 1113 1074 1130 ,
1096 1092 1250 1135 inteiligit
1267 1093 1435 1133 Verrium,
1457 1105 1549 1137 quem
1563 1097 1755 1137 epitomavit
1768 1122 1777 1136 ,
1799 1107 1834 1129 u-

957 1133 989 1206 g}
1010 1133 1092 1180 apud
1118 1133 1251 1182 Paulum
1266 1157 1278 1174 ,
1302 1135 1457 1178 intelligit
1483 1136 1619 1171 Festum.
1665 1139 1772 1180 Atque
1792 1139 1837 1171 ita

1010 1184 1043 1208 in
1060 1182 1184 1210 ceteris

1128 1277 1189 1314 ΙΙ.

43 1371 103 1411 Ad
124 1370 231 1418 ipsam
257 1369 346 1414 l.311
370 1364 420 1413 ff.
447 1365 560 1402 Locat.
587 1365 727 1401 conduez.
756 1363 807 1400 his
829 1365 968 1403 verbis:
993 1368 1034 1403 In
1055 1379 1170 1405 navem
1189 1368 1322 1417 Sausejz'
1339 1382 1410 1407 cum
1437 1371 1612 1418 complures
1618 1369 1830 1419 frumentum

278 1428 531 1476 confimderant,
559 1428 715 1477 Saufejus
731 1430 786 1464 uni
802 1441 841 1465 ex
862 1430 911 1465 his
923 1428 1133 1476 frumentum
1155 1433 1334 1471 reddiderat
1359 1434 1396 1470 de
1412 1436 1605 1480 communi„

760 1491 801 1535 δ”
826 1497 921 1533 navis
941 1497 1098 1543 perierat.

100 1602 159 1626 unt
178 1593 230 1627 hic
249 1593 390 1637 quaedam
410 1594 506 1626 varice
525 1592 677 1626 leftiones
689 1616 701 1633 ,
725 1600 789 1626 tam
806 1593 838 1626 in
856 1592 908 1625 Li-

125 1636 186 1669 bris
201 1637 312 1676 editis,
331 1646 423 1678 quam
442 1636 536 1668 MSS.
560 1633 614 1681 sed
630 1645 702 1682 quie
718 1634 785 1667 fere
802 1644 910 1667 omnes

40 1678 133 1712 nullo
163 1677 340 1710 discrimine
363 1677 524 1710 habentur.
571 1675 664 1708 Nihil
695 1675 845 1715 interest,
876 1686 908 1708 u—

38 1727 126 1753 trum
142 1720 225 1762 legas
248 1721 280 1751 in
301 1730 406 1751 navem
418 1742 429 1758 ,
461 1725 497 1750 ut
514 1717 559 1750 est
578 1719 609 1750 in
636 1717 837 1758 Florentina,
871 1728 910 1750 an

39 1762 74 1794 in
96 1772 194 1800 nave,
217 1769 252 1793 ut
273 1760 316 1793 est
338 1762 367 1793 in
386 1761 542 1802 Vulgata,
568 1759 711 1799 Norica,
737 1760 767 1792 δι
785 1759 908 1792 Editio-

37 1812 79 1838 ne
98 1803 135 1835 R.
156 1803 523 1844 Stepn·ni;niliileti:1m
540 1799 687 1841 interest,
705 1809 808 1833 utrum
828 1801 910 1843 legas

37 1853 104 1876 cum
123 1846 297 1886 complures,
324 1854 359 1876 ut
375 1843 421 1875 est
441 1843 631 1881 Florentiae,
657 1852 695 1874 an
714 1842 826 1875 omiss'o
846 1852 910 1874 cum

39 1884 222 1932 (impliciter
235 1887 410 1927 complures,
438 1894 472 1917 ut
491 1883 535 1917 est
554 1886 584 1917 in
613 1884 703 1930 aliis,
727 1894 802 1926 quas
823 1884 906 1924 dixi,

41 1925 267 1967 Editionibus,
291 1928 342 1959 vcl
359 1938 422 1958 cum
440 1928 561 1968 plures,
584 1933 620 1957 ut
632 1925 677 1957 est
690 1935 722 1958 ln
743 1926 815 1958 MS.
835 1935 907 1957 meo

40 1965 104 2006 fine
126 1967 251 2002 Gloffis.
296 1969 338 2001 Et
358 1969 427 2010 quis
448 1968 565 2000 referre
588 1967 727 2007 dixerit,
762 1977 800 1999 an
824 1967 907 2009 legas

42 2010 207 2042 reddiderat
224 2034 234 2050 ,
255 2016 294 2042 ut
312 2019 421 2042 omnes
442 2010 588 2041 Editores
607 2008 742 2048 habent,
775 2018 811 2040 an
828 2018 905 2040 vero

44 2051 169 2082 reddidit
190 2074 201 2090 ‚
233 2060 267 2083 ut
286 2051 330 2083 est
351 2053 382 2084 in
403 2051 514 2083 eodem
533 2050 603 2083 MS.
619 2050 636 2083 ἱ)
659 2051 734 2082 Sive
748 2050 843 2082 etiam
861 2050 905 2082 le-

46 2101 101 2133 gas
113 2115 123 2131 ,
147 2091 183 2127 &²
200 2095 287 2124 navis
300 2095 430 2134 perierat
440 2115 452 2131 ,
474 2093 538 2125 five
550 2102 637 2134 eaque
656 2093 764 2130 navis,
786 2091 851 2123 five
870 2091 905 2127 δέ)

46 2143 82 2165 ea
101 2135 206 2172 novis,
228 2134 260 2166 in
278 2143 341 2175 quo
359 2134 452 2166 etiam
476 2134 563 2166 Libri
584 2133 707 2165 variant
723 2157 733 2172 ,
759 2142 810 2165 me
824 2133 904 2165 diffi-

46 2174 111 2207 lem
132 2174 280 2207 arbitrum
296 2185 359 2208 non
376 2175 520 2207 habebis:
545 2183 651 2217 patere
669 2174 766 2206 moclo
777 2196 789 2213 ‚
813 2182 848 2206 ut
864 2174 907 2206 di-

44 2224 115 2248 cam
133 2240 144 2256 ,
180 2215 210 2248 in
228 2216 292 2257 pari
309 2216 396 2248 causa
417 2217 497 2257 apud
513 2226 564 2248 me
578 2216 707 2248 vincere
721 2214 908 2257 scripturam

48 2257 80 2288 ἀ
95 2257 315 2289 ειυρὶοτίῑτιῑεῐῃ
335 2256 423 2290 Libri
440 2257 590 2289 Medicei.

88 2297 174 2330 Idem
194 2298 268 2330 dico
284 2298 323 2330 de
341 2299 470 2331 nomine
489 2299 623 2342 Saufeji,
644 2299 686 2331 fic
704 2300 789 2332 enim
808 2298 910 2331 edide-

42 2348 140 2379 runt,
165 2339 366 2379 Taurellius,
390 2339 590 2380 Haloander,
622 2340 854 2380 Vintimillius3
877 2341 910 2373 in

44 2380 191 2423 Vulgatis
218 2380 321 2413 Libris
346 2382 376 2413 ἀ
398 2381 471 2414 MS.
502 2391 572 2413 meo
599 2380 745 2413 Gloss'ato
770 2381 816 2414 est
839 2383 911 2414 Sau-

63 2423 141 2461 heli,
166 2422 198 2453 in
215 2422 279 2454 alio
298 2422 369 2454 MS.
395 2422 458 2454 fine
477 2421 592 2455 Gloffis
616 2423 766 2464 Saupoeliz·
782 2446 795 2462 ,
827 2424 859 2456 in
879 2434 909 2455 a·

59 2463 96 2496 'is
118 2464 290 2504 Sauptelll,
310 2463 342 2495 in
364 2464 433 2496 aliis
451 2465 621 2505 Sariphetii,
646 2465 677 2496 in
705 2465 773 2497 aliis
798 2465 908 2506 aliter,

42 2513 82 2537 ut
106 2505 139 2536 in
154 2505 335 2537 nominibus
353 2506 488 2546 propriis
514 2516 624 2547 magna
649 2505 731 2538 solet
758 2506 820 2538 effe
839 2506 910 2538 scri-

41 2555 146 2589 pturae
164 2546 306 2578 varietas.
352 2547 410 2579 Sed
424 2547 555 2579 omnino
575 2547 738 2589 legendum
760 2548 910 2590 Saufejus,

67 2587 130 2619 uod
155 2596 269 2619 nomen
298 2587 328 2619 in
348 2588 525 2629 Republica
544 2589 685 2621 Romana
705 2588 778 2621 satis
795 2589 860 2621 fuit
880 2599 912 2621 u-

41 2597 179 2662 flatum.
232 2628 315 2660 Tres
343 2628 486 2670 Saufejos
514 2629 698 2662 Pancirolus
718 2630 836 2672 reperit
869 2631 909 2662 L.

36 2668 84 2710 'IL
112 2670 190 2702 Var.
207 2669 290 2701 Lesb.
315 2671 347 2702 C.
358 2681 411 2712 43.
434 2671 514 2702 duos
530 2671 611 2712 apud
628 2670 835 2711 Ciceronem,
851 2680 911 2713 ter-

40 2711 123 2746 tium
150 2711 230 2752 apud
255 2709 426 2744 Asconium
446 2712 615 2744 Pedianum
635 2722 645 2751 3
665 2713 745 2744 addo
766 2720 913 2754 quartum

39 2752 124 2793 apud
133 2751 334 2784 Ciceronem
356 2753 395 2785 L.
409 2753 479 2786 VII.
501 2755 539 2785 ad
550 2753 649 2786 Amo.
673 2751 770 2795 Epist.
785 2753 809 2785 I.
822 2756 911 2796 quin-

42 2799 112 2825 tum
127 2793 209 2834 apud
226 2793 362 2826 Plinium
387 2794 427 2826 L.
452 2794 524 2827 VII.
551 2796 583 2828 C.
605 2805 657 2838 53.
692 2797 722 2828 ot
750 2795 913 2837 plusquam

40 2833 160 2874 viginti
188 2833 332 2875 Saufejos
359 2836 389 2868 ὃ(
414 2835 554 2877 Saufejas
576 2837 658 2878 apud
678 2836 853 2869 Gruterum
881 2837 913 2869 in

45 2873 313 2914 Ινῃὲνὶρτίοηίἱνω,
346 2876 416 2908 loca
445 2887 510 2909 non
528 2877 669 2910 adscribo
685 2902 696 2918 ,
721 2878 794 2920 quia
817 2878 913 2911 Index

42 2915 190 2954 notavit,
216 2915 246 2947 δι
263 2915 413 2948 lectorem
433 2918 586 2959 lapidibus
596 2919 729 2952 obruere
747 2929 811 2951 non
825 2929 912 2952 meus

43 2954 92 2988 est
102 2965 181 2988 mos.
203 2954 280 2989 Non
296 2957 377 2989 addo
385 2957 537 2990 Tacitum
560 2961 601 2992 L.
613 2960 672 2994 XI.
684 2961 802 2993 Annal.
817 2961 847 2992 C.
858 2969 912 3003 35.

69 2997 121 3028 uia
128 2995 271 3028 dubiaibi
283 2996 376 3030 [estio
387 2998 442 3030 est.
451 2999 542 3031 Addo
551 3002 658 3042 potius
668 3002 823 3042 Saufejam
831 3003 912 3043 apud

42 3005 228 3081 Juvenalem
250 3038 350 3080 Satyr.
367 3039 423 3071 VI.
446 3049 499 3071 ver
513 3041 603 3083 2318.
615 3043 815 3084 &Saufeium
831 3044 913 3076 Scri-

44 3087 172 3122 ptorem
190 3079 270 3120 apud
287 3081 451 3121 antiquum
521 3091 781 3124 nimentatorem,
799 3094 838 3116 ex
848 3084 912 3116 Co·

44 3122 117 3154 dice
132 3119 158 3152 F
161 3119 298 3160 uldenfi,
323 3121 362 3153 ad
384 3121 506 3155 AEneid.
532 3123 572 3156 L.
582 3124 606 3156 Ι.
631 3125 706 3166 vers.
734 3133 781 3157 10.
807 3125 913 3158 Etiam

46 3163 142 3208 Legis
171 3161 299 3204 Saufejoe
325 3164 470 3195 meminit
499 3162 622 3198 Gellius
645 3166 686 3198 L.
710 3165 770 3198 XI.
807 3167 839 3198 C.
865 3176 913 3198 10.

40 3205 97 3252 §ci
121 3212 300 3276 ὲιζιςὶιοςιιε
325 3202 465 3241 Gentilis
488 3205 577 3249 Orig.
600 3208 638 3239 ad
661 3207 758 3239 Pand.
780 3207 916 3247 Verbis,

137 3254 173 3275 7.
214 3268 222 3277 ι

953 1595 1056 1632 heres,
1080 1594 1173 1634 liber,
1196 1592 1355 1636 Saufejam
1374 1595 1512 1638 protulit
1533 1605 1574 1629 ex
1594 1596 1754 1638 Iuvenalis
1774 1595 1829 1630 Sa-

953 1643 1010 1678 tyr.
1034 1636 1092 1668 iX.
1118 1636 1193 1678 vers.
1223 1646 1291 1678 117.
1326 1636 1378 1670 sed
1395 1638 1435 1670 de
1462 1645 1573 1688 etymo
1598 1639 1736 1670 nominis
1758 1638 1832 1671 stre-

951 1687 1014 1710 nue
1043 1686 1187 1719 nugatur.
1235 1678 1332 1711 Recte
1356 1679 1453 1722 igitur
1482 1679 1701 1712 florentinam
1723 1680 1833 1712 lectio-

952 1728 1025 1751 nem
1046 1718 1193 1760 Vulgatae
1212 1719 1342 1761 praefert
1360 1721 1546 1753 Pancirolus
1558 1732 1568 1760 3
1592 1721 1732 1762 Sauphelz'
1753 1731 1831 1764 quo-

953 1770 1014 1802 que
1029 1769 1165 1801 nomen,
1190 1762 1275 1803 quod
1290 1761 1385 1794 habet
1403 1762 1563 1804 Vulgata,
1583 1763 1725 1804 nuspiam
1742 1773 1830 1805 repe-

953 1803 979 1834 ri
1006 1802 1038 1834 in
1063 1805 1274 1835 marmoribus
1295 1811 1350 1835 aut
1370 1804 1548 1845 lapidibus,
1572 1805 1648 1845 quin
1673 1814 1731 1836 nec
1754 1805 1831 1837 alibi

953 1844 1035 1885 apud
1053 1851 1178 1876 veteres
1194 1844 1367 1885 Auum-es,
1393 1853 1429 1877 ut
1447 1845 1519 1877 inde
1536 1844 1605 1878 fere
1622 1845 1751 1886 efficias,
1764 1846 1829 1878 fre-

952 1892 1138 1926 quentatum
1159 1896 1224 1918 non
1241 1886 1344 1918 fuiffe.

994 1926 1092 1959 Hunc
1110 1926 1271 1967 Saufeium
1283 1926 1376 1961 fuisse
1395 1929 1606 1964 exercitorem
1622 1931 1712 1962 navis
1730 1929 1828 1963 Glosa

951 1967 981 2000 sa
996 1967 1123 2008 scribit,
1151 1966 1202 1999 sed
1218 1969 1324 2000 verius
1344 1969 1408 2008 est,
1420 1970 1602 2012 magistrum
1618 1970 1730 2011 fuiffe,
1741 1972 1827 2005 &in-

949 2009 988 2041 de
1004 2009 1084 2049 effe,
1107 2010 1192 2051 quod
1211 2020 1289 2043 mox
1303 2010 1448 2050 dicatur,
1471 2022 1507 2044 an
1530 2022 1594 2043 cum
1618 2019 1712 2044 nauta
1733 2023 1825 2054 agere

949 2051 1091 2092 posfint‘?
1116 2061 1153 2084 an
1173 2061 1251 2083 vero
1271 2053 1323 2084 liic
1338 2052 1482 2093 Saufejus
1501 2053 1600 2085 fuerit:
1617 2054 1730 2096 aliquis
1754 2056 1828 2087 Sau-

947 2092 1085 2134 fejorum
1104 2092 1254 2132 libertus,
1279 2094 1332 2135 qui
1356 2103 1472 2126 nomen
1498 2105 1514 2126 a
1531 2105 1669 2136 patrono
1696 2105 1824 2144 accepe-

951 2134 1018 2208 riltfi,
1041 2134 1125 2175 quod
1143 2134 1328 2168 Pancirolus
1344 2135 1527 2176 existimat,
1557 2146 1618 2179 ego
1642 2147 1708 2170 non
1729 2140 1824 2171 auiim

951 2186 968 2207 a
1013 2184 1123 2208 rmure.

994 2217 1050 2249 Ait
1064 2216 1088 2248 F
1091 2217 1268 2251 lorentinus
1286 2218 1419 2260 Editor,
1444 2219 1663 2261 corffiunderant
1674 2243 1686 2260 9
1707 2218 1760 2253 alii
1783 2221 1825 2253 E-

952 2259 1072 2291 ditores
1085 2283 1095 2298 ,
1128 2269 1208 2301 quos
1225 2260 1309 2292 adivi
1327 2285 1337 2300 ,
1362 2271 1472 2293 omnes
1483 2285 1492 2301 ,
1523 2261 1611 2294 Libri
1635 2263 1712 2294 item
1730 2263 1825 2296 MSS.

953 2301 1171 2342 confuderant,
1215 2311 1255 2333 ne
1278 2301 1401 2334 scilicet
1430 2301 1646 2335 Grammatica
1677 2304 1826 2336 obstaret.

953 2343 1014 2375 Sed
1037 2342 1091 2374 vel
1110 2343 1151 2375 iic
1167 2342 1306 2383 praefero
1323 2343 1492 2376 lectionem
1503 2343 1741 2385 Florentinam,
1754 2355 1826 2378 nam

953 2382 1146 2415 veriffimum
1164 2383 1228 2424 est,
1250 2384 1336 2425 quod
1356 2384 1539 2416 observavit
1550 2386 1690 2429 Scaliger
1699 2387 1736 2419 ad
1747 2387 1824 2419 Var-

953 2425 1040 2457 ronis
1064 2425 1105 2457 L.
1126 2424 1149 2456 I.
1174 2427 1208 2457 de
1234 2426 1274 2458 R.
1301 2425 1343 2458 R.
1368 2427 1401 2457 in
1419 2425 1477 2467 fin.
1501 2426 1635 2460 Veteres
1655 2427 1738 2470 saepe
1760 2428 1826 2460 for-

952 2466 1046 2498 masse
1064 2467 1226 2508 praeterita
1242 2467 1280 2499 ad
1299 2468 1473 2509 analogiam
1485 2469 1637 2510 temporis
1651 2470 1827 2511 praesentis,

953 2507 1129 2548 Exempla,
1154 2518 1224 2549 quae
1241 2507 1306 2550 ipse
1323 2508 1425 2540 adfert
1437 2533 1446 2549 ,
1470 2519 1535 2544 non
1554 2509 1700 2542 describo
1719 2534 1730 2550 ‚
1754 2520 1828 2542 cum

953 2550 997 2581 ibi
1017 2550 1120 2590 legere
1137 2573 1146 2589 ‚
1182 2551 1212 2582 <St
1229 2549 1327 2582 deseri
1339 2558 1384 2581 ita
1403 2551 1511 2583 videre
1536 2551 1612 2583 licet
1632 2552 1714 2594 apud
1732 2552 1825 2584 Mor-

953 2590 1086 2622 hoffium
1107 2589 1241 2633 Epistola
1258 2592 1291 2622 de
1344 2593 1483 2624 atirzitaze
1494 2592 1712 2625 Parzdeerarum
1730 2593 1762 2624 in
1776 2593 1819 2624 V.

954 2631 1065 2673 tollcffe.
1110 2632 1217 2671 Adde,
1241 2633 1263 2664 fi
1282 2633 1361 2664 tanti
1383 2633 1420 2665 sit
1436 2657 1445 2673 ,
1471 2643 1540 2675 quae
1560 2634 1599 2666 de
1620 2644 1702 2666 voce
1728 2634 1827 2674 tolliffe

955 2672 1021 2715 ipse
1041 2674 1072 2705 in
1093 2673 1172 2705 hanc
1196 2684 1262 2706 rem
1280 2675 1346 2705 dixi
1376 2675 1498 2716 Olyerv.
1525 2675 1597 2716 Jur.
1621 2676 1707 2706 Rom.
1734 2675 1774 2707 L.
1801 2678 1824 2707 l.

957 2716 989 2746 C.
1014 2715 1068 2746 ult.
1114 2715 1238 2747 Similes
1254 2725 1271 2746 a
1290 2715 1437 2756 praesenti
1460 2715 1648 2747 inflexiones
1673 2715 1754 2757 saepe
1774 2726 1827 2748 oea

951 2756 1087 2788 'currunt
1114 2756 1145 2787 in
1165 2756 1327 2788 Pandec‘tis
1342 2780 1352 2795 ,
1378 2757 1459 2798 apud
1478 2757 1690 2788 Morhoffium
1719 2758 1748 2789 d.
1772 2758 1825 2790 loc.

954 2798 1092 2838 reperies
1106 2795 1259 2838 praestavit
1277 2807 1336 2838 pro
1347 2796 1485 2838 prestitit
1504 2798 1535 2829 in
1559 2797 1580 2829 Z.
1603 2801 1653 2839 36.
1680 2797 1708 2839 §.
1737 2807 1763 2830 1.
1781 2799 1823 2840 ff.

954 2841 987 2870 de
1005 2838 1143 2870 Heredit.
1163 2842 1251 2879 petit.
1271 2838 1382 2879 fluerat
1404 2847 1463 2878 pro
1480 2836 1612 2877 fluxerat
1634 2839 1667 2870 in
1690 2840 1710 2871 l.
1725 2843 1776 2880 56.
1793 2840 1821 2882 §.

948 2880 984 2922 ξ.
1010 2890 1037 2912 1.
1052 2879 1094 2921 ff.
1119 2880 1152 2910 de
1177 2880 1300 2921 Acqulr.
1325 2889 1381 2910 rer.
1406 2880 1515 2910 domin.
1530 2878 1670 2920 strixerit
1694 2890 1712 2912 a
1737 2889 1825 2913 vete-

953 2922 980 2953 ri
998 2919 1094 2962 strigo
1117 2930 1176 2961 pro
1193 2919 1355 2962 strinxerit
1378 2919 1409 2950 in
1433 2919 1452 2950 l.
1482 2929 1510 2951 1.
1542 2919 1571 2961 §.
1595 2931 1626 2962 3.
1653 2921 1694 2962 ff.
1718 2923 1756 2954 ad
1780 2923 1822 2956 L.

957 2963 1070 2994 Corrzel.
1100 2962 1133 2992 de
1159 2961 1249 3000 ficar.
1273 2960 1536 3001 quemadmodum
1563 2963 1704 3003 pluverat
1743 2965 1826 3005 apud

954 3003 1102 3035 Plautum
1120 3003 1158 3034 ab
1176 3003 1308 3043 antiquo
1329 3001 1445 3041 pluveO.
1491 3000 1543 3034 De
1567 3002 1677 3036 nostro
1704 3005 1827 3046 confun-

955 3046 1060 3076 derunt
1077 3042 1156 3076 nihil
1181 3050 1291 3074 monet
1311 3042 1472 3086 Scaliger,
1505 3043 1585 3076 nihil
1609 3043 1826 3086 Morhoffius,

956 3086 987 3116 &
1006 3091 1110 3115 tamen
1135 3084 1289 3125 ejusmodi
1312 3086 1460 3123 sagmio-&s
1489 3085 1587 3127 magis
1609 3084 1758 3119 ferendus
1782 3089 1828 3122 est

955 3126 988 3157 in
1005 3123 1143 3165 Alfeno,
1168 3134 1258 3166 quam
1277 3125 1307 3156 in
1334 3124 1475 3158 Chai-isso
1500 3126 1616 3168 aliquo.
1662 3127 1755 3160 Addo
1780 3133 1827 3162 in-

957 3166 1104 3208 tellegerit
1126 3176 1185 3208 pro
1208 3166 1390 3198 intellexerit
1412 3167 1442 3199 in
1465 3168 1487 3199 l.
1501 3178 1528 3201 1.
1550 3170 1577 3211 ᾗ.
1602 3170 1657 3202 ult.
1672 3169 1714 3211 ff.
1740 3169 1830 3217 Quod-

956 3208 990 3240 *υἱ
1007 3213 1060 3240 aut
1075 3207 1204 3281 flans&
1219 3208 1354 3242 evellerit
1374 3218 1432 3250 pro
1455 3210 1593 3254 evulserit
1612 3212 1645 3245 in
1668 3213 1728 3250 l.9.
1753 3218 1783 3288 §F
1794 3223 1825 3285 Ξῖ

1101 3258 1110 3280 1
1784 3264 1796 3286 o
1818 3276 1828 3287 .
