2008 3436
188 111 628 157 OBSERVATIONUM
659 108 792 158 JURlS
827 106 1037 144 ROMANI
1086 107 1264 143 L13.111.

1317 107 1420 145 cAP.
1449 109 1510 146 xi.
1539 109 1621 145 ΧΠ.
1773 113 1817 155 83

36 202 93 234 hac
115 200 166 232 vel
190 200 259 232 aliis
286 196 382 230 caulis
398 220 407 236 ,
431 204 500 236 quae
527 193 659 237 primam
683 188 901 221 venditionem
937 186 996 228 sim
1011 187 1210 234 summoveri.
1257 187 1294 215 τὶ
1318 197 1374 219 non
1398 187 1483 220 abest
1510 198 1527 220 a
1556 189 1630 222 MS.
1658 198 1731 222 mco
1748 212 1758 229 ,
1790 188 1823 220 &

35 243 115 285 apud
135 241 234 284 ipsum
250 245 426 282 emptorem
443 236 579 277 sequutae
599 232 669 266 sunt
681 255 690 271 ,
715 230 900 278 convenire-

36 294 87 316 tur
110 283 226 316 fundus
243 306 253 322 ,
284 286 468 323 argumento
492 279 511 308 l.
534 280 582 315 46.
602 275 652 322 ff.
675 277 710 304 cie
733 272 831 304 AEdzl.
859 271 900 302 E-

36 329 108 358 dict.
166 324 229 356 Hic
258 330 361 355 autem
393 319 509 352 fundus
544 316 700 359 obligatus
730 321 797 361 erat
828 320 901 344 ante

36 369 168 409 primam
194 364 432 400 venditionem,
457 359 541 401 quod
565 358 648 404 mihi·
667 363 771 404 agenti
798 353 901 387 obstat

37 419 77 441 ex
103 417 210 440 natura
237 403 392 437 cautionis
407 425 417 441 ‚
442 411 512 443 quae
535 399 757 446 deevffiione
778 397 901 439 praelia-

38 459 98 482 tur.
147 449 180 480 In
198 444 418 486 Manuscripto
436 452 508 476 meo
524 442 658 482 legitur,
685 442 758 481 qnod
780 446 834 479 pro
855 447 909 469 me-

36 494 181 531 obligatus
202 487 258 526 fis,
284 496 348 519 non
364 484 427 525 fic,
453 491 619 524 utrumque
638 480 727 514 sensu
748 480 845 512 resto.

77 531 240 574 Sequitur3
265 530 337 570 quia
356 549 367 562 ‚
402 529 492 558 etiam
513 535 570 556 non
595 530 714 565 exceptu
739 532 788 560 eo,
810 531 898 563 agen-

36 576 71 607 do
84 585 113 608 eo
136 573 249 605 nomine
263 577 369 603 contra
393 575 440 609 te,
465 567 524 600 doli
549 566 623 598 mali
646 566 816 608 exceptione
832 571 899 605 pos-

631 664 906 702 CAPU

943 238 1087 272 quamvls
1103 237 1138 260 ea
1153 227 1249 260 lectio
1264 226 1352 260 forte
1367 229 1493 261 defendi
1510 230 1620 271 poffit,
1646 231 1760 263 reftius
1778 237 1823 261 ta·

945 280 1017 303 men
1049 268 1140 302 adest.
1197 269 1332 302 Mallem
1358 277 1463 302 autem
1489 279 1548 311 pro
1571 276 1644 309 qnia
1668 271 1824 313 scriptum

942 311 1051 345 fuiss‘et
1075 314 1163 353 quin,
1175 311 1238 343 hoc
1256 309 1360 343 sensu:
1387 311 1462 342 licet
1478 321 1517 343 ex
1535 312 1599 354 ipsa
1615 314 1765 345 cautione
1781 312 1823 344 de

944 353 1104 386 eviCtione
1124 363 1188 385 non
1210 351 1312 393 poss'et
1339 353 1443 394 excipi
1463 376 1473 392 ‚
1506 360 1541 384 ut
1568 362 1671 386 tamen
1692 354 1795 395 potest
1808 377 1821 394 ‚

945 395 1098 437 superesse
1131 394 1339 427 nibilominus
1367 394 1433 426 doli
1470 394 1543 425 mali
1567 396 1789 437 exceptionem
1808 417 1821 433 ,

942 446 1016 469 cum
1043 436 1226 479 emptioni,
1262 445 1331 476 quae
1353 435 1444 467 bonae
1464 434 1537 467 fidei
1561 436 1625 476 est,
1650 436 1717 469 doli
1744 435 1821 468 mali

942 477 1102 520 praestatio
1123 477 1201 510 infit.
1249 477 1320 508 Alia
1347 476 1443 509 lectio
1460 500 1471 517 ,
1501 484 1539 509 ut
1557 486 1592 510 ut
1615 477 1692 511 ferri
1712 501 1722 518 ,
1753 486 1819 510 non

944 529 1048 553 tamen
1071 519 1187 552 laudari
1213 517 1326 561 potest.

955 662 991 697 T
1087 660 1215 697 XII.

297 774 351 810 Ad
373 772 412 807 L.
436 783 489 807 10.
517 769 556 806 ff.
583 769 626 805 de
651 769 750 814 Lege
776 765 892 802 Rhod.
920 763 964 800 de
985 763 1067 811 just.
1099 764 1264 800 adnotatio
1289 760 1330 804 ἐξ
1357 764 1546 801 emendatio.

92 881 105 914 l
122 880 230 912 vestor
247 877 401 911 conduxit
420 875 535 909 navitae
560 882 686 916 operam
708 872 876 913 navimque
888 894 897 909 ‚

114 923 168 955 etii
186 921 308 958 vectio,
334 928 368 951 ut
387 917 591 954 credebatur,
616 924 678 946 non
697 914 751 945 fiat
769 937 778 952 ,
803 911 899 944 modo

35 968 115 998 citra
139 971 240 996 nauta:
264 962 387 1018 culpam
405 982 413 997 ,
439 957 642 989 nihilominus
658 954 769 999 vester
792 963 831 985 ex
852 953 896 984 lo-

36 1015 110 1040 cato
128 1003 285 1036 conducto
302 1001 460 1041 ooligatus
480 998 537 1028 effi.
578 998 673 1028 Secus
693 995 713 1027 fi
731 993 794 1036 ipse
811 993 898 1040 navi:

36 1058 67 1081 ta
89 1057 136 1079 res
164 1041 402 1077 transvehendas
430 1038 606 1077 conduxit,
631 1046 694 1078 quo
718 1035 792 1081 casu
809 1059 818 1074 ‚
843 1036 898 1067 nin

35 1089 142 1122 utioue
160 1085 196 1118 fit
213 1082 420 1115 transvcclurn
437 1105 446 1120 ,
472 1081 580 1111 vector
601 1088 664 1110 non
690 1077 848 1108 tenebitur
872 1077 892 1106 l.

36 1121 136 1171 15.'§.
160 1130 191 1158 6.
210 1126 257 1166 [Γ.
284 1126 387 1156 Locac.
414 1123 443 1154 ὅ(
464 1120 631 1152 secundum
652 1120 718 1151 haec
736 1117 894 1150 Labeonis

33 1172 63 1204 &
80 1162 167 1202 rimu
187 1165 338 1208 scriptura
357 1163 560 1203 intelligenda
575 1161 619 1193 est
637 1161 667 1193 in
687 1162 789 1202 princ.
807 1160 828 1191 ι.
844 1168 892 1191 10.

24 1212 67 1255 ff.
88 1214 122 1243 de
145 1210 208 1251 Leg
246 1209 342 1239 Ram.
365 1209 398 1237 de
419 1206 493 1246 jaci.

73 1251 179 1294 Pergit
209 1249 317 1283 Labeo
346 1248 377 1280 in
400 1246 428 1289 §.
458 1256 482 1278 1.
516 1245 672 1292 Quamvis
703 1242 893 1276 conduxerit

30 1294 158 1332 vector,
183 1300 274 1333 atque
301 1290 378 1321 adeo
394 1296 527 1320 eventus
541 1286 752 1328 navigationis
769 1285 835 1326 eius
856 1284 893 1317 fit

30 1335 192 1379 periculo,
217 1340 320 1364 tamen
343 1329 571 1363 navicularium
591 1350 601 1366 ,
625 1327 680 1360 nisi
699 1327 792 1358 fidem
817 1336 892 1358 con-

32 1377 148 1410 traftus
169 1374 316 1416 impleat,
340 1382 381 1404 ex
397 1371 473 1403 dolo
498 1370 652 1411 culpaque
670 1368 791 1406 teneri,
815 1376 849 1399 ut
864 1366 895 1406 fi

30 1428 140 1451 merces
169 1425 239 1448 ιιι-,ιε
260 1440 269 1454 ,
298 1415 384 1446 nulla
410 1410 576 1452 neceffituze
603 1410 722 1443 coaetus
739 1434 747 1446 ,
782 1412 814 1441 in
839 1420 891 1441 na<

29 1470 98 1493 vem
124 1460 301 1491 deteriorem
323 1481 331 1493 ,
367 1466 433 1487 cum
463 1456 492 1485 ia
516 1454 609 1493 sciret
637 1460 666 1484 te
689 1451 763 1494 fieri
790 1452 865 1483 nolle
882 1476 891 1491 ,

30 1501 191 1543 transtulit
212 1524 221 1538 ,
261 1498 296 1534 &³
321 1507 429 1530 merces
453 1504 509 1528 zuae
537 1506 603 1527 cum
633 1505 667 1526 ea
698 1504 776 1526 nave
797 1495 891 1536 perie-

28 1551 106 1578 run:
131 1568 140 1583 ‚
177 1544 208 1574 in
237 1551 297 1583 qua
329 1537 478 1581 noviffime
506 1537 598 1569 vestre
611 1538 698 1578 sunt.
746 1535 795 1569 Ad
822 1545 892 1578 quae

31 1586 145 1619 Paulus
162 1583 307 1617 notavit:
332 1582 393 1615 [mo
415 1587 519 1612 contra
536 1604 545 1619 ‚
567 1578 597 1618 fi
616 1581 695 1611 modo
717 1589 748 1610 ea
769 1580 893 1620 naviga-

30 1631 109 1661 tione
132 1635 258 1668 utraque
282 1627 374 1657 navis
390 1625 484 1664 periti
504 1646 512 1656 .
547 1632 613 1653 cum
637 1622 667 1652 id
689 1619 755 1659 fine
775 1620 836 1651 dolo
856 1618 894 1655 ὅ)

32 1672 121 1712 culpa
142 1668 441 1707 nautarurnfactuvn
463 1663 541 1705 effes.
589 1662 667 1695 Dixi
688 1662 778 1704 supra
801 1666 827 1693 h.
849 1662 891 1694 L.

30 1712 88 1745 ΙΙΙ.
115 1713 144 1744 C.
171 1715 200 1744 6.
246 1707 402 1742 Labeonis
426 1708 549 1741 mons,
573 1705 655 1737 unde
674 1703 718 1736 est
740 1705 769 1736 b.
792 1704 810 1734 l.
842 1713 889 1736 10.

27 1752 222 1796 proposuisse
251 1752 371 1792 regulas
388 1773 399 1789 ,
428 1758 469 1780 ex
493 1747 606 1789 quibus
631 1750 747 1777 ’raom-st
769 1744 891 1778 definiri

27 1795 129 1837 posset
153 1805 218 1834 res,
245 1803 303 1834 qua
326 1792 364 1823 de
387 1791 507 1832 agitur,
533 1799 596 1821 non
621 1788 730 1829 utique
753 1786 889 1829 semper,

26 1837 233 1878 exceptiones
264 1834 348 1866 enirn
378 1832 492 1864 habent
522 1829 589 1862 fere
620 1839 728 1861 omnes
761 1828 890 1871 Regulae

28 1879 135 1911 l.'202.
153 1878 193 1920 ff.
217 1879 249 1908 de
275 1876 313 1908 R.
337 1875 372 1916 J.
397 1874 512 1914 basque
536 1871 740 1913 exceptiones
761 1880 836 1902 cum
859 1880 889 1901 a·

28 1921 104 1961 libi,
129 1928 195 1952 tum
218 1919 271 1950 hic
293 1917 407 1950 Paulus
430 1914 594 1946 adnotavit
617 1913 737 1954 vulgari
753 1911 893 1943 formula

28 1962 106 1994 IMo.
151 1960 281 2002 Excipit
304 1958 400 2000 igitur
425 1956 537 1987 Paulus
560 1953 680 2000 casu-m,
706 1963 770 1996 quo
785 1953 891 1984 vesto-

28 2004 54 2035 ri
76 2001 220 2036 adversus
242 2001 381 2034 navitam
404 1998 486 2029 acl-io
508 2006 571 2028 non
592 2004 670 2035 erit,
696 2004 792 2037 quum
806 2004 890 2027 nem-

28 2054 69 2086 pe
98 2053 228 2086 utraque
257 2043 346 2075 navis
382 2050 418 2071 ea
449 2039 670 2079 iimsigatione,
706 2037 768 2069 fine
799 2036 892 2077 culpa

30 2093 190 2118 nautarum
207 2109 217 2124 ,
247 2083 393 2127 perierit,
426 2089 527 2121 neque
550 2080 633 2125 enim
658 2079 720 2124 hoc
743 2077 814 2110 casu
838 2078 889 2117 id,

30 2126 116 2169 quod
136 2127 300 2165 intererat,
325 2124 389 2166 peti
413 2122 535 2165 potest,
561 2130 633 2162 quia
655 2118 888 2158 nihilintercst,

32 2168 188 2199 mercibus
209 2167 307 2209 priori
329 2165 401 2197 navi
425 2173 513 2204 aeque
535 2162 692 2204 perituris.
737 2162 791 2193 Sin
811 2170 890 2192 vero

29 2217 161 2250 utraque
184 2208 271 2240 navis
293 2207 369 2238 dolo
391 2207 523 2247 culpave
541 2203 689 2252 perierit,
713 2203 823 2244 utique
845 2210 889 2234 te-

28 2250 154 2282 nebitur
185 2257 278 2281 nauta
296 2272 305 2287 ,
344 2247 418 2288 quin
447 2246 499 2277 vel
531 2247 553 2277 ii
584 2245 671 2285 prior
710 2245 889 2282 duntaxat,

28 2291 170 2332 quamvis
195 2288 326 2322 secunda
355 2287 426 2319 casu
455 2286 552 2319 fuerit
576 2284 738 2318 submersa.
785 2286 891 2327 Atque

27 2333 71 2364 ita
100 2342 163 2363 non
198 2340 260 2363 tam
291 2331 332 2362 ob
361 2329 453 2361 fidem
483 2328 705 2359 conventionis
738 2335 889 2368 ruptam,

28 2383 119 2412 quam
148 2374 294 2405 damnum
329 2370 456 2413 perfidia
487 2377 673 2410 acceptum,
705 2368 795 2399 datur
817 2368 889 2409 Jure

28 2415 123 2447 Civili
149 2415 230 2446 ac'iio
254 2415 274 2445 l.
289 2425 318 2455 5.
353 2414 381 2455 §.
402 2411 432 2452 4'.
457 2412 497 2454 ff.
521 2414 554 2443 de
574 2410 706 2442 Comici.
726 2410 804 2450 caus.
822 2413 886 2442 dut.

28 2456 107 2492 cans.
130 2467 186 2487 non
206 2456 261 2493 sec.
486 2475 488 2478 v

67 2498 214 2539 Sequitur
236 2497 296 2529 alia
318 2495 406 2529 Pauli
430 2495 598 2537 exceptio:
623 2493 702 2525 Idem
719 2493 801 2535 juris
824 2492 887 2535 est,

19 2539 50 2578 fi
75 2542 157 2579 prior
189 2546 283 2570 nauta
309 2539 426 2579 publice
454 2544 590 2568 retentus
608 2560 616 2570 ,
653 2545 801 2574 nw'gzre
824 2546 889 2567 cum

27 2583 89 2612 tuis
109 2583 253 2612 mercibus
272 2583 439 2620 prohibitus
454 2580 568 2619 fuerit.
589 2577 630 2609 fic
647 2578 730 2609 enim
750 2586 805 2618 per
818 2587 890 2609 eum

27 2632 88 2654 non
114 2621 215 2654 stetit:
239 2623 323 2663 quod
345 2630 485 2664 apertum
510 2620 564 2652 cst.

69 2663 102 2696 T
104 2661 181 2695 effla
201 2664 352 2704 exceptio
374 2663 443 2695 haec
456 2661 515 2694 est:
541 2657 619 2693 Mem
632 2660 727 2702 Jurts
743 2660 784 2702 eft
797 2685 805 2698 ‚
824 2671 890 2692 cum

28 2714 61 2736 ea
83 2707 246 2736 conditione
267 2717 285 2736 a
306 2712 334 2736 te
355 2705 556 2745 conduxiffet,
587 2710 620 2734 ut
643 2710 755 2734 certam
772 2711 889 2743 paenum

28 2748 83 2777 ribi
103 2745 275 2787 prestaret,
298 2746 354 2786 nifi
375 2753 444 2778 ante
466 2744 661 2784 constitutum
682 2746 757 2776 diem
779 2755 889 2776 merces

29 2794 98 2818 tuas
125 2799 154 2820 eo
177 2789 230 2819 l.›ci
251 2789 442 2829 exposufflet‚
469 2790 501 2819 in
522 2797 608 2829 quem
632 2788 817 2818 devehendas
840 2797 888 2817 ens

30 2839 139 2859 merces
160 2829 291 2870 laesisset,
311 2841 363 2862 nec
380 2839 434 2871 per
453 2841 517 2861 eum
533 2828 651 2870 staret,
670 2831 826 2869 quominus
842 2839 886 2859 re-

27 2870 110 2909 mr'ffz
125 2870 182 2908 fibi
202 2882 236 2902 ea
254 2878 340 2911 ραι-ια
354 2871 516 2911 spee'tnret.
542 2871 616 2912 Agit
639 2869 678 2901 de
701 2878 816 2910 nauta,
835 2870 888 2912 qui

29 2921 148 2943 merces
171 2913 406 2945 transvehendas
435 2913 590 2945 conduxit
604 2935 614 2951 ‚
645 2920 743 2952 utque
765 2912 842 2951 ita„
867 2911 889 2943 fi

29 2960 122 2984 nauta
145 2952 316 2993 conduxit,
339 2954 448 2986 vector
470 2955 603 2986 locarit:
628 2953 658 2985 ἀ
682 2961 785 2984 tamen
809 2952 888 2985 illud

29 2993 142 3034 lucu-{set
161 2993 199 3025 ad
221 3003 345 3026 nautam
367 2994 476 3028 referri
491 2995 618 3028 dixeris.
664 2993 760 3026 Hunc
781 2994 887 3026 locum

28 3043 191 3076 propterea
229 3034 399 3077 suspectum
428 3037 537 3068 habuit
575 3036 682 3069 Franc.
718 3035 889 3068 Connanus

30 3077 186 3106 Commenz.
212 3075 287 3115 Jur.
313 3078 380 3108 Civ.
405 3078 433 3110 L
457 3078 527 3110 VII.
552 3079 576 3110 C
598 3076 656 3109 XI.
680 3087 710 3107 η,
734 3087 758 3107 1.
784 3077 886 3117 &jam

29 3117 176 3157 Cujacius
195 3118 320 3155 Obfierv.
345 3118 383 3150 L.
396 3118 450 3151 III.
477 3120 501 3150 C
523 3129 551 3151 2.
575 3118 686 3158 locaffez
703 3118 889 3150 mutandum

28 3157 149 3190 censuit
166 3159 196 3190 in
221 3159 355 3199 locaffn,
402 3169 442 3191 uo
465 3161 502 3192 ad
525 3161 684 3192 vectorem
707 3159 860 3191 referatur
876 3183 887 3198 ,

28 3199 181 3242 probante
210 3201 241 3233 id
272 3201 345 3234 Ant.
406 3201 481 3234 abro
504 3201 536 3234 in
560 3202 714 3234 Rational.
735 3201 772 3232 ad
793 3202 820 3234 Le.
846 3201 885 3233 L.

943 869 972 901 ὅ(
1003 868 1264 911 applaudentibus
1295 869 1420 911 prolixe
1451 868 1530 900 aliis.
1581 868 1661 900 Sane
1684 876 1747 900 non
1770 865 1818 899 est

941 911 1009 942 haec
1039 909 1238 949 emendatio,
1272 910 1323 942 sed
1354 910 1448 942 lectio
1471 909 1553 951 apud
1576 909 1817 948 Haloandrum‚

941 951 1026 992 quod
1049 950 1242 982 admonuiss'e
1267 950 1451 991 suffecerat,
1476 953 1507 984 ὃς
1530 961 1570 983 ne
1593 951 1720 992 quidem
1735 950 1817 991 ejus-

940 993 1027 1025 modi
1059 991 1154 1024 lectio
1173 1015 1183 1031 ‚
1214 1002 1284 1033 quae
1314 992 1485 1025 necess'ario
1517 993 1662 1025 obtineat
1704 999 1819 1023 contra

940 1034 1162 1065 auctoritatem
1185 1031 1274 1065 Libri
1298 1033 1476 1066 Florentini
1494 1058 1503 1073 ,
1528 1043 1717 1076 quamquam
1735 1032 1758 1065 fi
1779 1034 1818 1064 lo-

941 1074 1029 1115 criffes
1053 1075 1229 1116 legeretur,
1255 1075 1413 1115 legeretur
1437 1085 1501 1106 non
1526 1075 1629 1114 male,
1654 1083 1740 1107 nunc
1763 1084 1816 1106 au-

938 1126 1002 1148 tem
1027 1123 1147 1148 contra.
1194 1116 1302 1148 Miror
1325 1125 1389 1147 non
1414 1115 1526 1155 fuiffe,
1553 1116 1606 1157 qui
1631 1116 1746 1157 loceffet
1771 1117 1819 1148 in-

938 1157 1101 1199 terpretati
1127 1156 1199 1188 sunt
1222 1167 1281 1199 pro
1306 1157 1511 1198 conduxffic,
1536 1166 1683 1198 tanquam
1709 1157 1816 1190 secun-

935 1199 1011 1231 dum
1034 1202 1054 1230 t.
1076 1209 1124 1230 20.
1143 1198 1182 1239 ff.
1208 1205 1242 1230 cce
1266 1199 1378 1231 Athon
1412 1206 1499 1240 empt.
1523 1198 1574 1230 sed
1587 1199 1649 1231 hoc
1667 1209 1731 1231 non
1748 1200 1814 1240 pla-

936 1249 998 1273 cet.
1052 1240 1100 1272 Ita
1131 1241 1240 1281 potius
1271 1241 1438 1273 dicamus:
1474 1248 1587 1280 nauta,
1613 1240 1666 1282 qui
1691 1250 1815 1272 merces

937 1281 1165 1315 transferendas
1195 1282 1367 1322 conducit,
1401 1282 1492 1315 fimul
1521 1283 1610 1314 locat
1640 1291 1754 1314 navem
1778 1292 1816 1314 o-

937 1333 1106 1367 peramque
1139 1322 1223 1355 suam
1243 1348 1253 1363 ,
1284 1334 1355 1356 nam
1388 1324 1569 1366 promittit,
1595 1333 1716 1355 merces
1739 1333 1815 1356 cum

938 1366 1033 1405 navi,
1060 1373 1128 1397 tum
1158 1374 1253 1406 opera
1287 1365 1339 1398 sua
1361 1366 1547 1405 deveffiun,
1573 1366 1603 1398 δε
1627 1365 1721 1405 loco,
1747 1374 1815 1406 quo

937 1407 1091 1439 convenit
1110 1431 1120 1446 ‚
1152 1407 1332 1449 expolitum
1369 1408 1417 1440 iri.
1464 1407 1556 1440 Unde
1595 1407 1691 1439 variis
1732 1407 1815 1439 locis

937 1449 1009 1490 JCti
1034 1452 1085 1481 hoc
1108 1448 1169 1480 Tz's.
1192 1458 1296 1482 nautae
1321 1450 1516 1482 locationem
1534 1449 1695 1488 tribuunt,
1722 1449 1753 1482 &
1769 1448 1813 1482 fic

936 1491 990 1525 hic
1015 1500 1142 1533 quoque
1166 1490 1249 1522 recle
1272 1490 1399 1532 lucu-[seen

979 1533 1054 1573 Ait,
1079 1543 1132 1565 πει·
1152 1540 1205 1573 per
1227 1542 1291 1565 eum
1305 1534 1427 1573 staret,
1452 1534 1608 1575 quominus
1629 1530 1816 1574 remr'ffufibi

937 1585 970 1606 ea
991 1583 1079 1617 paena
1094 1575 1255 1615 speciant.
1300 1575 1353 1608 De
1378 1574 1532 1608 sententia
1555 1575 1622 1616 eius
1645 1574 1709 1607 loci
1735 1584 1813 1608 con-

937 1615 1014 1658 stat,
1045 1618 1084 1650 de
1117 1617 1223 1649 verbis
1254 1627 1319 1650 non
1354 1627 1462 1659 aeque3
1488 1617 1550 1648 hoc
1575 1617 1665 1649 vult:
1690 1623 1814 1655 nauta,

938 1660 993 1701 qui
1017 1668 1137 1691 merces
1159 1659 1233 1691 navi
1257 1658 1310 1691 sua
1332 1658 1501 1701 portandas
1525 1657 1704 1698 conduxit,
1728 1657 1814 1690 addi-

937 1708 969 1732 ta
990 1710 1104 1742 poena,
1129 1700 1185 1733 nisi
1201 1709 1251 1732 eas
1275 1708 1348 1732 ante
1372 1707 1495 1732 cei-tum
1518 1700 1602 1731 diem
1619 1698 1816 1741 exposuiffec

936 1742 1011 1774 loco
1028 1741 1223 1781 constituto,
1249 1742 1320 1782 hic,
1346 1743 1492 1783 inquam,
1516 1741 1728 1775 nautanescio
1747 1749 1815 1782 quo

933 1782 1025 1824 fato,
1057 1793 1145 1816 certe
1174 1783 1236 1815 fine
1267 1785 1361 1825 culpa
1392 1782 1445 1815 sua
1469 1782 1640 1825 impeditus
1662 1783 1813 1825 navigare

934 1835 999 1858 non
1023 1827 1140 1868 potuit.
1187 1825 1316 1857 Poenam
1339 1825 1437 1867 igitur
1460 1823 1614 1857 remiffam
1639 1825 1750 1867 cupit,
1777 1833 1814 1857 tu

935 1876 1047 1910 negas3
1071 1867 1147 1909 quid
1169 1866 1294 1899 faciat?
1319 1875 1463 1899 metuens
1485 1865 1628 1907 scilicet,
1653 1876 1694 1898 ne
1716 1875 1813 1907 poena

935 1910 1177 1948 committatur,
1203 1908 1295 1940 aliam
1319 1918 1433 1940 navem
1456 1907 1628 1948 conducit,
1653 1907 1705 1940 sed
1723 1907 1810 1939 dete-

935 1952 1069 1990 riorem,
1096 1960 1168 1982 cum
1193 1959 1281 1991 aeque
1304 1949 1419 1981 bonam
1442 1958 1506 1981 non
1530 1948 1644 1989 posset.
1680 1950 1811 1982 Merces

937 1998 1017 2032 tuae,
1035 1993 1065 2024 in
1090 1992 1169 2024 hanc
1195 1991 1620 2032 translatae,eanavigatione
1636 1991 1812 2033 perierunt3

934 2032 965 2066 id
990 2042 1093 2066 nantae
1119 2033 1221 2065 fraudi
1246 2042 1309 2064 non
1334 2033 1416 2073 ess'e,
1442 2032 1499 2064 hac
1523 2034 1716 2074 exceptione
1731 2032 1809 2065 Pau-

935 2076 984 2108 lus
1007 2076 1151 2114 notavit,
1179 2076 1208 2106 oc
1233 2074 1326 2106 habet
1345 2075 1511 2106 rationem.
1557 2074 1616 2106 Sed
1640 2075 1678 2106 de
1702 2074 1810 2106 verbis

932 2118 1121 2157 laboratur,
1154 2116 1184 2148 ὅ(
1215 2116 1283 2147 haec
1316 2116 1442 2157 quidem
1472 2115 1503 2146 in
1534 2115 1640 2148 Libris
1670 2115 1810 2158 antiquis

933 2161 1019 2191 varie
1050 2159 1223 2200 leguntur,
1254 2158 1340 2199 quod
1368 2157 1437 2189 fere
1467 2157 1530 2189 loci
1561 2158 1705 2200 corrupti
1729 2157 1810 2190 indi-

934 2202 1019 2233 cium
1042 2200 1097 2233 est.
1144 2200 1305 2232 Robertus
1336 2199 1512 2241 Stephanus
1546 2207 1638 2241 1527.
1668 2201 1713 2231 ita
1743 2199 1808 2231 edi-

933 2244 996 2276 dit:
1021 2253 1074 2273 nec
1099 2249 1154 2283 per
1185 2252 1250 2273 eum
1272 2241 1395 2282 staret,
1424 2244 1582 2282 quominus
1606 2252 1716 2273 merces
1738 2248 1810 2272 tuas

934 2297 963 2318 eo
986 2285 1040 2316 loci
1064 2282 1255 2325 exposuifflt,
1277 2286 1308 2315 in
1331 2293 1415 2325 quem
1435 2285 1586 2315 ducendas
1617 2294 1667 2315 eas
1698 2293 1810 2314 merces

934 2326 1105 2367 loc-avrffes,
1134 2325 1281 2365 reinzffum
1304 2325 1359 2364 fiiri
1386 2335 1449 2357 eam
1469 2333 1584 2365 poenam
1609 2334 1808 2365 SPERARET,

932 2380 1001 2412 quae
1026 2378 1110 2400 mera
1132 2367 1288 2399 balbuties
1311 2367 1378 2406 est3
1405 2367 1434 2399 &
1457 2367 1542 2407 haec,
1568 2377 1678 2400 merces
1699 2374 1767 2398 lucis
1777 2377 1808 2399 eo

933 2413 986 2444 loci
1008 2409 1201 2451 equsufiffec,
1222 2411 1254 2440 in
1277 2420 1361 2450 quem
1383 2411 1534 2440 ducendas
1557 2420 1606 2441 eus
1627 2419 1739 2440 merces
1767 2410 1806 2440 lo-

932 2453 1078 2494 caviffes‚
1101 2462 1171 2492 quae
1203 2451 1232 2483 ἃ
1265 2451 1295 2482 in
1331 2451 1402 2483 MS.
1428 2460 1501 2482 meo
1526 2449 1620 2491 sunt,
1646 2451 1726 2483 bene
1749 2450 1805 2482 ob-

933 2494 1071 2527 servavit
1099 2492 1349 2526 Blaublommius
1380 2492 1417 2523 ad
1447 2493 1618 2534 marginem
1649 2491 1808 2525 Editionis

934 2536 1015 2576 suae,
1047 2537 1078 2568 in
1109 2534 1233 2575 scriptis
1266 2534 1371 2565 Libris
1395 2534 1505 2575 utique
1528 2534 1672 2576 plurimis
1695 2558 1704 2573 ,
1741 2542 1806 2565 non

934 2578 1083 2619 reperiri,
1109 2576 1139 2608 ὅ(
1162 2575 1262 2608 videri
1287 2574 1437 2616 gloffema
1459 2574 1529 2607 ess'e.
1575 2575 1668 2617 Apud
1691 2577 1806 2608 Senne-

936 2619 1042 2652 tonios
1059 2628 1148 2661 1549.
1176 2629 1228 2649 mc
1256 2624 1310 2658 per
1341 2628 1406 2648 eum
1435 2616 1535 2658 staret
1552 2641 1561 2656 ,
1593 2619 1750 2658 quominus
1773 2616 1806 2646 id

926 2663 1065 2702 faceres,
1089 2658 1233 2700 remiffarn
1248 2658 1307 2698 fibi
1327 2669 1391 2691 eam
1410 2665 1529 2700 poenam
1550 2667 1735 2691 SPERARET.
1760 2656 1806 2688 Et

933 2704 978 2736 ita
1001 2704 1098 2735 ctiam
1120 2703 1151 2733 in
1176 2702 1267 2740 aliis;
1301 2701 1434 2742 speraret
1457 2708 1561 2732 autern
1584 2709 1644 2741 pro
1657 2699 1804 2739 speciant

932 2745 1074 2787 plerique
1094 2744 1227 2775 Veteres
1250 2743 1483 2781 exhibuerunt,
1517 2741 1568 2773 sed
1586 2749 1750 2781 perperam
1768 2749 1804 2771 o-

932 2787 1066 2825 mnino,
1103 2793 1199 2817 nauta
1228 2785 1314 2816 enim
1346 2785 1378 2816 in
1411 2784 1503 2815 aliam
1538 2789 1650 2813 navem
1682 2791 1804 2814 merces

932 2827 1110 2868 transtulit,
1136 2836 1200 2858 non
1223 2826 1297 2867 quia
1319 2824 1460 2866 sperabat
1482 2831 1607 2864 poenam
1631 2822 1802 2863 remissum,

932 2868 983 2901 sed
1007 2869 1079 2911 quia
1103 2867 1263 2900 metuebat
1287 2865 1484 2897 commissum
1509 2863 1556 2894 iri.
1603 2862 1689 2904 Ipse,
1707 2873 1802 2911 quern

930 2911 1017 2949 dixi,
1050 2907 1299 2942 Blaublommius
1329 2905 1450 2938 Parisiis
1480 2914 1570 2946 1523.
1603 2904 1646 2936 sic
1675 2904 1800 2938 edidit:

930 2963 982 2983 nec
1007 2960 1061 2992 per
1090 2962 1155 2982 eum
1176 2950 1275 2989 staret
1291 2972 1299 2987 ‚
1321 2950 1476 2988 quominus
1499 2945 1644 2985 remiffum
1664 2944 1716 2983 filu·
1736 2958 1800 2979 eam

930 3001 1046 3035 poenam
1069 2999 1292 3028 ercTARET,
1323 2988 1472 3033 sequutus
1490 3010 1499 3026 ,
1530 2996 1565 3019 ut
1598 2987 1630 3020 in
1660 2988 1802 3030 margine

931 3035 1076 3073 notavit,
1109 3034 1304 3072 Exemplarz'a
1328 3029 1499 3069 &semum
1519 3027 1697 3069 ipfiffimum.
1742 3029 1800 3062 At-

932 3085 993 3117 que
1024 3076 1091 3106 haec
1118 3073 1183 3116 ipsa
1213 3072 1275 3112 est,
1301 3081 1392 3112 quam
1416 3070 1469 3103 fibi
1495 3070 1652 3110 vindicat,
1678 3070 1802 3111 Cujacii

932 3116 1110 3149 emendatio
1144 3116 1179 3146 Ι,-
1206 3114 1262 3146 111.
1297 3114 1423 3148 observ,
1461 3113 1491 3144 Cr
1511 3121 1539 3143 2.
1585 3111 1661 3144 Hoc
1685 3111 1802 3151 sensu;

930 3167 989 3189 nec
1012 3166 1067 3198 per
1089 3166 1161 3188 eum
1185 3155 1296 3194 staret,
1322 3155 1492 3195 quominus
1513 3163 1642 3185 munere
1665 3153 1800 3185 vehendi

930 3197 1191 3241 perfungeretur,
1215 3205 1310 3240 atque
1333 3198 1378 3229 ita
1385 3205 1436 3271 I:ea
1459 3194 1489 3226 se
1511 3204 1604 3237 poena
1620 3194 1802 3280 exsolultum

1436 3246 1455 3269 2
1736 3243 1802 3278 pec·
