2008 3436
188 113 472 166 QUAEST.
524 110 754 161 JUR1S
804 111 1173 156 PRIVATI,
1225 113 1631 156 Liss.1.cxii.xin.

30 208 93 234 non
115 195 192 229 esset
212 196 363 235 Senatus,
395 202 463 227 tum
484 193 569 235 quod
591 193 623 226 in
645 192 731 225 facto
756 191 899 233 quaedam

30 243 178 275 Senatum
194 237 353 277 latebant,
380 246 449 279 quae
467 234 546 267 scire
562 234 685 267 necess'e
704 241 790 272 erat,
802 234 898 274 prius-

29 291 120 324 quam
135 279 174 311 de
190 279 254 311 alio
268 277 343 310 foro
359 278 524 351 &nequam
538 276 669 308 definire
682 274 793 317 posset.
818 276 897 308 Sim-

29 323 156 371 pliciter
175 321 221 353 ait
241 320 272 352 d.
300 320 358 352 Edi
396 330 447 352 uin
470 330 501 361 3.
526 318 597 351 Ost.
621 320 712 358 1656.
735 326 825 356 eum,
849 319 899 363 qui

31 375 63 398 in
77 363 186 396 officio
202 362 358 394 Ordinum
378 360 582 393 Generalium
597 358 775 399 deliquisset
787 382 797 397 ,
820 359 899 399 judi-

28 413 134 438 catum
152 404 189 435 iri
210 403 248 435 ab
267 412 327 441 eo,
348 403 399 444 qui
416 402 516 443 judex
532 401 598 441 ejus
614 408 799 442 competens
813 407 901 439 erat,

33 454 198 487 antequam
219 453 259 476 eo
276 444 385 477 officio
402 443 592 485 fungeretur.

69 487 291 520 Deliberatum
307 496 343 518 ea
358 486 397 517 de
416 494 450 516 re
465 483 517 516 est‘
527 492 599 515 cum
624 483 788 526 Delegatis
809 483 900 515 Ordi-

27 538 102 564 num
121 529 152 561 &
170 527 278 560 Curiae
297 538 347 568 24.
365 527 434 567 Jun.
461 535 551 566 1722.
578 526 607 557 &
625 525 691 564 ita,
715 535 749 557 ut
773 525 865 564 dixi,
884 536 902 557 a

27 570 192 612 Delegatis
214 569 346 601 Senatus
380 566 569 608 responsum.
616 566 768 609 Delegati
795 566 900 599 Curiae

27 613 199 649 dixerunt,
220 610 242 642 fi
260 610 299 642 de
317 608 439 641 summo
459 609 528 649 jure
545 616 719 649 quaeratur,
744 608 775 641 se
798 618 815 640 a
833 608 898 640 De-

27 654 140 696 legatis
155 651 271 684 nostris
288 660 354 683 non
376 649 556 688 diss'entire,
581 650 635 682 fibi
656 658 759 683 tamen
778 650 900 689 videri,

27 702 176 736 oportere
201 693 338 725 Ordines
366 691 527 723 Foedei·ati
552 692 656 733 Belgii
686 693 764 724 lianc
787 701 900 724 contra

28 735 227 781 Quaestorem
257 733 447 766 Generalem
480 732 602 766 causam
632 734 828 766 criminalem
857 734 898 765 de

26 787 114 812 novo
131 776 278 810 mandare
295 774 485 807 Consiliariis
501 775 657 807 Ordintim
672 774 875 807 Generaliuin
886 798 896 814 ‚

27 827 146 852 tantam
161 818 244 850 enim
261 816 323 849 ell'e
338 815 417 848 caus
415 826 439 847 ae
457 817 561 849 civilis
578 816 608 849 δε
625 817 797 849 criminalis
820 826 896 848 con-

27 861 214 898 tinentiam,
247 867 283 890 ut
308 868 416 890 revera
441 857 570 899 separari
600 868 664 890 non
693 858 832 899 pollent,
866 858 896 890 &

28 911 92 934 tam
109 909 307 943 praegnantes
332 908 483 941 praeterea
509 898 571 931 ess'e
596 899 671 931 alias
695 899 895 932 Confiliario-

24 953 96 976 rum
115 943 273 981 rationes,
295 950 330 973 ut
347 942 408 973 hoc
426 942 520 971 ιύοημα
538 940 709 973 suaderent.
759 941 894 982 Delega-

25 986 50 1016 ti
76 984 254 1022 Ordffium,
277 983 330 1025 qui
358 983 430 1015 huic
458 982 680 1015 deliberationi
708 983 895 1020 intererant,

25 1025 191 1059 sententiis
203 1024 419 1066 discrepabunt
430 1048 439 1063 ,
461 1026 566 1065 plures
583 1033 715 1056 numero
728 1023 897 1056 secundum

25 1067 98 1100 illos
122 1066 322 1100 Confiliarios
343 1065 573 1106 respondebant
592 1087 602 1104 ,
636 1064 688 1096 sed
713 1066 764 1098 alii
788 1064 895 1097 secun-

598 1162 957 1199 CAPUT

1736 130 1804 166 327

940 192 1015 224 dum
1038 191 1163 225 nostros
1180 190 1373 234 Delegatos,
1385 196 1515 236 exploso
1531 199 1586 231 illo
1604 199 1729 239 ΑρέμωἹι
1745 198 1810 231 Cu-

940 235 1014 274 riae,
1038 242 1152 276 utpote
1168 234 1206 265 de
1224 243 1288 276 quo
1304 235 1499 277 interrogata
1524 249 1587 272 non
1606 250 1690 280 erat,
1716 241 1811 271 inter-

941 284 1083 317 rogatam
1103 275 1166 307 effe
1183 276 1222 308 de
1239 276 1332 315 jure,
1358 277 1388 308 ἃς
1414 279 1452 309 de
1469 278 1541 317 Jure
1564 281 1810 322 respondendum

944 317 1059 356 finire,
1092 316 1206 350 frustra
1235 317 1288 349 hic
1310 318 1408 359 quaeri
1435 319 1474 350 de
1499 321 1591 353 novis
1615 323 1754 363 legibus,
1778 322 1809 353 dc

945 360 1000 392 has
1016 359 1127 400 utique
1142 358 1258 391 futuris
1274 359 1410 401 negotiis
1429 360 1582 392 duntaxat
1607 362 1740 395 formam
1757 363 1809 393 da-

943 411 1001 440 re,
1024 409 1088 432 non
1115 400 1287 441 praeteritis
1310 401 1362 434 vel
1386 401 1448 442 jam
1476 401 1677 435 exstantibus.
1722 403 1809 435 Poll:-

944 451 1037 484 quam
1056 449 1161 473 autem
1188 443 1299 474 codem
1324 443 1376 474 die
1399 443 1467 475 haec
1482 443 1589 474 onmia
1615 444 1652 475 ad
1678 445 1811 476 Ordines

944 483 1126 517 Hollandiae
1155 483 1254 515 ess‘ent
1276 484 1390 522 relata,
1422 483 1569 525 Delegati
1595 484 1749 523 Urbium,
1771 494 1813 517 ex

945 526 1058 567 quibus
1081 525 1237 557 Ordinum
1265 524 1444 566 Collegium
1468 524 1609 564 constat,
1642 526 1813 558 noluerunt

944 567 1130 602 sententiam
1158 567 1282 605 dicere,
1312 568 1368 600 nili
1397 566 1552 600 consultis
1568 567 1653 608 prius
1676 567 1810 598 Urbium

941 609 1063 643 suarum
1082 607 1336 649 Magistratibus,
1360 617 1456 650 atque
1478 609 1522 640 ita
1543 609 1621 641 nihil
1639 617 1715 640 tunc
1736 607 1811 639 defi-

940 652 1040 683 nitum
1058 648 1123 689 est,
1149 659 1207 681 nec
1223 651 1381 692 comperi,
1405 651 1573 692 quicquam
1593 651 1688 681 etiam
1706 648 1811 691 postea

940 691 1104 724 definitum
1121 690 1194 722 esse.
1238 691 1390 734 Quaestor
1401 701 1507 724 autem
1521 716 1530 732 ,
1555 699 1661 730 rarus,
1683 691 1712 725 se
1728 690 1809 722 mol-

939 734 1036 766 liores
1067 732 1181 765 deinde
1207 732 1411 766 Conliliarios
1435 733 1498 765 ell'e
1531 733 1655 765 natium
1672 755 1681 771 ,
1712 731 1812 764 facilc

940 774 1041 816 paffus
1061 773 1106 806 est
1119 797 1129 813 ,
1151 774 1304 813 judicium
1322 775 1403 816 apud
1423 775 1494 808 illos
1515 774 1717 807 Conliliarios
1741 782 1810 815 age-

940 823 1044 854 retur,
1071 816 1101 848 &
1128 816 1230 848 aetum
1253 815 1297 848 est
1315 826 1355 848 eo
1381 825 1518 854 eventu,
1544 825 1579 848 ut
1602 815 1751 890 (ssuaestor
1773 815 1813 846 ab

940 858 1001 890 illis
1017 856 1212 890 Confiliariis
1231 856 1328 890 fuerit
1351 858 1510 890 absolutus
1542 867 1587 895 19.
1643 868 1690 899 pr.
1718 866 1808 897 1724.

940 899 1055 938 Recte,
1080 908 1118 930 an
1138 897 1245 936 secus,
1270 908 1334 931 non
1361 899 1424 938 est,
1449 908 1484 930 ut
1505 899 1619 931 dicam.
1664 899 1715 930 De
1741 897 1809 930 solo

938 940 1014 972 foro
1035 939 1116 981 apud
1141 940 1277 972 Ordines
1305 949 1371 972 erat
1391 940 1521 981 qiiaestio
1540 965 1550 980 ,
1586 942 1616 972 dc
1635 940 1708 982 quid
1731 939 1811 977 tibi,

941 981 1057 1014 Lestor
1070 1006 1078 1020 ‚
1103 981 1142 1012 de
1160 991 1195 1012 ea
1214 982 1378 1020 videatur,
1400 982 1533 1014 decerne
1546 991 1587 1015 ex
1603 982 1640 1014 iis
1653 1005 1664 1021 ,
1687 990 1758 1023 quae
1777 980 1809 1012 in

942 1031 1105 1064 utramque
1118 1032 1241 1063 partem
1258 1023 1412 1064 disputata
1428 1023 1509 1056 sunt.

1058 1163 1234 1202 XIII.

583 1251 641 1287 De
668 1251 745 1287 Foro
771 1251 921 1287 Militum
948 1252 981 1286 in
1006 1250 1102 1304 causa
1129 1252 1246 1287 delmi.

120 1359 260 1392 uousque
275 1348 421 1390 Judicum
431 1348 616 1381 militarium
633 1349 810 1389 jui·isdi‹5tio
828 1359 899 1392 por-

28 1352 255 1453 Qrigatur
276 1414 287 1429 ,
319 1399 381 1422 tam
409 1392 441 1423 in
470 1389 560 1421 causa
585 1391 768 1430 criminali,
802 1401 897 1432 quam

136 1434 248 1472 civili,
272 1432 412 1465 difficilis
440 1431 510 1463 sane
529 1430 573 1463 est
603 1432 772 1473 inspectio,
795 1443 897 1474 eoque

25 1478 209 1515 difficilior,
235 1474 320 1516 quod
345 1473 430 1505 aliud
453 1473 504 1504 lex
531 1474 562 1505 δε
587 1474 796 1512 ratim-aliud
825 1474 896 1507 usus

24 1521 168 1554 videatur
181 1517 335 1559 probare,
361 1516 393 1547 in
415 1515 575 1547 nonnullis
594 1515 702 1555 utique
717 1515 833 1555 cauli-Q
857 1517 896 1548 de

24 1562 138 1604 quibus
170 1559 284 1591 deinde
311 1557 436 1598 plenius
465 1556 526 1587 erit
553 1556 715 1597 agendum.
774 1557 897 1590 Interea

24 1604 88 1637 hoc
111 1608 218 1644 putem
248 1598 320 1631 satis
347 1597 490 1630 constare
509 1621 518 1636 ,
552 1607 679 1629 omnem
703 1598 892 1637 jurisdictio-

25 1654 98 1679 nem
124 1643 294 1676 militarem
311 1664 320 1680 ,
351 1648 549 1681 quzecunque
573 1639 654 1680 apud
678 1649 737 1672 nos
765 1650 893 1673 exerce-

25 1695 78 1720 tur
97 1708 110 1725 ,
139 1684 203 1716 five
225 1693 242 1715 a
266 1682 372 1723 judice
400 1680 544 1712 inferiori
566 1704 576 1719 ‚
612 1680 675 1713 five
696 1691 714 1712 a
742 1682 895 1724 Supremo

24 1729 142 1762 Senatu
157 1724 307 1761 militari,
332 1723 397 1755 five
421 1722 459 1753 ab
484 1721 555 1763 ipsis
580 1722 774 1756 Consiliariis
800 1723 894 1757 Ordi-

23 1778 100 1804 num
124 1766 331 1799 Generalium
352 1787 362 1804 ,
386 1764 408 1797 fi
429 1774 446 1795 a
469 1763 542 1804 Jure
570 1763 716 1796 Romano
742 1766 891 1806 recedat,

24 1819 90 1844 non
116 1807 179 1841 effe
210 1806 382 1839 habendam
406 1805 463 1837 nisi
487 1815 546 1845 pro
576 1805 794 1845 jurisdictione
818 1808 894 1840 dele-

24 1858 121 1896 gata,
145 1859 240 1891 utque
256 1847 479 1889 jurisdictionis
493 1847 646 1888 delegatae
661 1849 822 1889 proprium
838 1849 896 1888 est,

24 1903 65 1927 ne
82 1892 152 1934 quis
165 1891 226 1924 alia
247 1897 371 1927 utatur,
398 1898 489 1929 quam
508 1898 580 1929 quae
600 1887 774 1930 specialiter
797 1891 830 1923 in
848 1891 896 1923 his

23 1935 132 1969 illisve
155 1931 252 1965 causis
277 1930 423 1962 concess'a
445 1929 490 1961 est
508 1952 519 1968 ,
541 1931 625 1961 reete
649 1930 854 1965 desideramus
880 1942 897 1964 a

25 1976 154 2018 judice,
179 1973 232 2015 qui
259 1971 412 2013 eiusmodi
436 1971 579 2012 delegata
597 1971 814 2011 jin-isdittione
836 1974 896 2006 uti-

27 2027 101 2056 tur,
126 2025 163 2048 ut
185 2015 319 2056 probare
339 2013 441 2051 velit,
464 2013 540 2053 quid
565 2012 724 2045 ordinario
747 2015 848 2055 Judici
868 2025 897 2047 a·

25 2059 187 2100 demptum
206 2056 237 2088 &
254 2055 308 2094 sibi
331 2055 437 2086 datum
456 2054 511 2093 ὗες
534 2054 650 2094 absque
668 2064 704 2086 ea
722 2057 807 2088 eniin
824 2066 895 2098 pro-

25 2100 152 2133 batione
167 2098 271 2130 omnis
294 2096 467 2137 jurisdictio
484 2095 656 2136 pertinebit
671 2097 708 2127 ad
724 2107 796 2130 cum
808 2121 819 2136 ,
842 2099 896 2139 qui

26 2141 169 2182 alioquin
196 2149 214 2171 a
243 2138 391 2179 Principe
415 2137 509 2169 habet
533 2137 746 2171 omnimodam
771 2140 895 2180 jurisdi-

26 2183 186 2218 ctionem,
211 2181 242 2213 ἀ
258 2179 302 2212 fic
319 2181 414 2210 etiam
430 2178 571 2221 express'e
587 2187 712 2211 cautum
732 2180 778 2213 est
799 2180 826 2222 §.
841 2190 894 2221 50.

24 2223 132 2256 Form.
158 2221 320 2254 Consiliar.
342 2220 464 2252 Foeder.
490 2221 568 2262 Belg
595 2223 688 2260 1651.
713 2231 748 2254 ut
773 2224 897 2264 plenius

26 2265 91 2297 dixi
111 2265 150 2296 ad
160 2262 254 2303 finem
275 2263 389 2302 Capitis
400 2264 541 2303 proximi.

69 2305 117 2338 Ut
132 2315 150 2337 a
166 2302 256 2336 causa
272 2303 378 2335 delifti
395 2303 529 2344 primum
544 2304 721 2345 ordiamur,
745 2305 818 2346 Jure
833 2306 896 2339 Ro-

26 2357 121 2380 mano
135 2346 262 2388 quidem
278 2344 394 2376 delicta
408 2345 543 2378 militum
564 2345 709 2378 bifariam
726 2347 896 2389 distingue-

29 2389 160 2427 bantur,
184 2397 256 2419 nam
283 2392 335 2417 aut
348 2387 471 2427 propria
497 2393 601 2426 erant,
625 2395 677 2419 ant
702 2398 766 2420 cuin
791 2390 896 2421 ceteris

27 2431 211 2467 communia,
233 2435 268 2460 ut
287 2427 396 2459 Arrius
414 2427 590 2460 Menander
611 2428 680 2461 haec
697 2431 845 2471 express'it
862 2431 894 2463 in

28 2473 50 2505 l.
75 2481 104 2504 2.
123 2477 173 2512 pr.
198 2469 240 2511 ff.
270 2470 304 2500 de
331 2469 379 2500 Re
404 2469 494 2501 vizilit.
519 2471 550 2502 &
572 2471 728 2512 proprium
758 2473 894 2504 militare

27 2512 175 2548 deliCtum
199 2520 277 2542 mox
304 2510 413 2542 definit
427 2533 438 2548 ,
460 2512 532 2552 qnod
546 2513 609 2553 quis
624 2514 669 2543 uti
687 2513 770 2544 miles
784 2515 891 2544 admit-

27 2557 84 2595 tit,
109 2553 140 2585 δε
166 2552 238 2584 inde
261 2551 431 2589 discimus,
454 2562 622 2594 commune
648 2553 797 2586 delistum
820 2564 892 2586 cen-

27 2596 88 2630 seri
103 2618 113 2633 ,
137 2594 222 2636 quod
245 2594 336 2625 miles
361 2593 502 2625 admittit
524 2594 586 2626 sine
606 2595 672 2627 ullo
697 2596 822 2628 militiae
847 2606 893 2627 re-

27 2637 144 2679 spectu.
191 2634 356 2676 Postquam
375 2642 481 2666 autem
495 2635 603 2667 Arrius
626 2637 764 2669 militum
783 2637 895 2669 delicta

27 2676 219 2712 distinxisset
242 2677 276 2708 in
299 2678 327 2708 d.
352 2676 372 2708 l.
398 2686 426 2708 2.
445 2683 492 2717 pr.
518 2687 593 2710 mox
622 2678 707 2710 addit
725 2703 735 2718 ,
759 2680 833 2710 uncie
859 2679 895 2714 δ”

23 2720 185 2763 persecutio
208 2723 260 2749 aut
276 2719 399 2758 propria
421 2725 473 2749 aut
500 2722 658 2751 communis
680 2717 721 2760 est
739 2744 747 2759 ,
772 2721 803 2752 id
827 2720 893 2759 est,

26 2770 81 2796 aut
106 2760 244 2803 pertinet
269 2759 307 2791 ad
329 2759 466 2799 judicem
492 2761 681 2800 militarem,
704 2762 725 2794 fi
746 2762 895 2794 delissum

25 2804 65 2838 fit
85 2803 239 2838 militare,
264 2808 319 2831 aut
341 2801 377 2832 ad
394 2800 529 2841 judicem
550 2812 774 2843 communem,
796 2804 817 2836 fi
843 2803 896 2835 de-

26 2845 138 2879 lictum
156 2843 192 2875 fit
207 2850 384 2888 commune.
430 2842 635 2877 Desertorem
656 2845 752 2886 igitur
771 2845 895 2877 militiae

27 2885 148 2919 Praeses
171 2884 348 2916 Provinciae
369 2892 440 2915 cum
465 2885 572 2926 elogio
591 2888 734 2919 remittet
750 2887 788 2918 ad
808 2886 897 2919 suum

17 2926 155 2960 Ducem
166 2950 177 2965 ‚
201 2924 257 2971 nili
274 2923 331 2970 ille
349 2923 488 2956 desertor
503 2928 630 2967 gravius
646 2928 794 2961 deliCtum
808 2937 896 2959 com-

28 2977 122 3001 mune
139 2965 297 3001 admiserit
315 2974 348 2997 in
364 2974 401 2997 ea
418 2965 609 3008 Provincia,
636 2977 711 3003 tunc
728 2971 813 3003 enim
830 2968 897 3010 ipse

70 3100 130 3138 (1)
150 3099 400 3139 Quemadmodum
426 3100 507 3129 Voet
534 3100 564 3130 de
583 3102 646 3140 jure
674 3103 753 3134 milit.
781 3103 813 3134 C.
833 3104 898 3134 V11.

26 3150 57 3177 ss·
79 3143 106 3170 8.

69 3177 137 3254 {³²³³
151 3175 363 3255 {zsssffiss‘fs‘iffa
382 3185 427 3251 {iz
448 3186 475 3207 ⁷¹·
491 3185 538 3214 ²4·

943 1347 1061 1382 Praeses
1085 1349 1116 1381 in
1134 1359 1206 1382 eum
1230 1349 1461 1382 animadvertet
1482 1350 1502 1382 l.
1526 1360 1556 1392 3.
1577 1356 1627 1391 pr.
1646 1349 1687 1391 ff.
1711 1350 1744 1381 de
1761 1349 1808 1382 Re

940 1392 1028 1423 milit.
1075 1391 1182 1438 Quare
1203 1392 1327 1431 prolixe
1353 1391 1531 1430 falluntur,
1565 1393 1618 1433 qui
1642 1392 1723 1433 apud
1746 1392 1810 1424 Ro-

940 1442 1047 1465 manos
1070 1433 1177 1464 omnia
1211 1433 1350 1464 militum
1381 1433 1514 1465 crimina
1541 1443 1557 1465 a
1588 1433 1655 1466 solo
1679 1433 1810 1465 militari

938 1475 1044 1516 judice
1070 1474 1255 1506 vindicanda
1275 1473 1403 1506 censent
1428 1475 1521 1516 (Ι),
1547 1473 1597 1506 sed
1620 1475 1682 1508 illis
1709 1475 1810 1507 homi-

940 1517 1035 1556 nibus
1059 1526 1096 1548 os
1123 1516 1272 1548 obturare
1290 1515 1367 1548 effet
1397 1517 1469 1548 otio
1483 1517 1592 1556 abuti,
1618 1517 1649 1549 ἀ
1666 1516 1728 1548 hoc
1746 1517 1810 1557 jam

939 1558 1153 1600 non‘agimus.

980 1599 1133 1632 Dicamus
1156 1599 1228 1640 Jure
1252 1600 1396 1632 Romano
1423 1600 1564 1633 constare
1580 1625 1590 1641 ,
1614 1600 1750 1634 militem
1776 1600 1810 1634 in

936 1641 1059 1677 delitiis
1090 1641 1280 1673 militaribus
1315 1651 1332 1673 a
1358 1642 1568 1680 militaribus,
1600 1644 1632 1675 in
1664 1651 1808 1674 commu-

938 1682 1028 1715 nibus
1048 1692 1065 1714 a
1085 1683 1235 1715 civilibus
1253 1683 1410 1723 iudicibus
1426 1682 1488 1714 effe
1505 1684 1705 1723 iudicandum
1723 1706 1734 1722 ,
1757 1682 1810 1716 sed

938 1734 1006 1756 eam
1027 1723 1260 1756 distinetionem
1295 1725 1509 1757 communiter
1541 1725 1603 1757 ess‘e
1635 1725 1811 1759 obsoletam

939 1765 1068 1800 testatur
1088 1765 1188 1806 julius
1218 1765 1330 1798 Clarus
1358 1765 1458 1807 (2),
1484 1767 1513 1799 ὅ(
1541 1775 1701 1808 receptum
1718 1790 1730 1807 ,
1771 1776 1809 1799 ut

938 1808 1090 1840 militares
1111 1807 1231 1847 judices
1254 1807 1293 1839 de
1317 1808 1558 1849 quibuscunque
1575 1809 1713 1840 militum
1731 1808 1809 1841 deli·

938 1849 996 1882 &is
1014 1849 1177 1890 iudicent,
1200 1849 1275 1890 quin
1294 1849 1346 1887 dc,
1370 1856 1405 1881 ut
1426 1849 1457 1881 in
1475 1850 1637 1882 communi
1657 1850 1775 1883 delicio
1792 1861 1811 1883 a

938 1891 1026 1922 civili
1049 1890 1155 1931 judice
1179 1890 1377 1932 deprehensi,
1402 1891 1440 1923 ad
1465 1891 1632 1924 militarem
1650 1893 1810 1924 transmit-

940 1940 1056 1965 tantur.
1101 1931 1161 1964 Sed
1186 1932 1219 1964 in
1246 1932 1358 1973 Belgio
1384 1931 1552 1964 Foederato
1578 1933 1609 1964 id
1637 1942 1812 1975 usquequa-

940 1983 1001 2014 que
1022 1983 1132 2005 verum
1148 1972 1229 2011 esse,
1255 1976 1318 2006 non
1337 1974 1427 2014 potui
1451 1974 1711 2007 animadvertere.
1758 1975 1810 2009 Ex

939 2016 970 2057 §.
992 2019 1045 2050 68.
1070 2015 1173 2047 Edic‘ti
1195 2015 1234 2046 de
1259 2014 1454 2048 Criminibus
1481 2025 1513 2056 5.
1547 2016 1607 2056 Jul.
1647 2026 1739 2057 1570.
1770 2017 1811 2049 de

939 2056 1126 2089 militaribus
1152 2056 1291 2089 militum
1318 2057 1458 2096 delic‘tis,
1480 2065 1533 2089 aut
1562 2058 1653 2096 aliis,
1676 2068 1746 2100 quae
1774 2058 1809 2091 in

937 2097 1055 2131 Castris
1072 2097 1302 2136 admittuntur,
1325 2098 1377 2130 vel
1396 2098 1416 2130 si
1435 2108 1485 2130 res
1505 2099 1542 2131 fit
1559 2099 1642 2131 inter
1656 2099 1737 2132 duos
1753 2101 1813 2132 mi·

937 2141 1031 2179 lites,
1055 2140 1188 2172 Senatus
1216 2140 1370 2172 Militaris
1397 2139 1585 2182 cognoscit,
1607 2140 1645 2172 de
1671 2141 1811 2174 crimini-

937 2182 993 2214 bus
1019 2190 1124 2213 autern
1149 2181 1371 2213 communibus
1404 2181 1571 2223 cognoscit
1595 2181 1694 2222 Judex
1722 2192 1810 2214 corn-

940 2224 1054 2256 munis.
1099 2223 1152 2255 Sic
1183 2222 1227 2254 ibi
1251 2223 1436 2264 generaliter
1452 2247 1462 2263 ‚
1496 2223 1526 2255 ἃ
1551 2223 1592 2255 fic
1616 2224 1694 2254 olim
1722 2224 1811 2256 curia

939 2264 1122 2297 Hollandiae
1137 2263 1176 2296 de
1196 2264 1415 2297 communibus
1434 2265 1571 2296 militum
1587 2264 1710 2296 dehetis
1726 2265 1809 2305 judi-

939 2307 1028 2338 cavit
1044 2306 1062 2347 (
1072 2305 1129 2348 3).
1155 2306 1215 2339 Sed
1243 2307 1325 2347 quod
1349 2306 1387 2338 ad
1414 2306 1533 2339 milites
1550 2305 1760 2338 Praetorianos
1778 2307 1810 2339 &

940 2348 1038 2380 Cives
1054 2347 1275 2380 Bruxellenses
1292 2347 1423 2380 Carolus
1449 2347 1489 2380 V.
1514 2357 1563 2384 29.
1588 2347 1689 2379 Mart.
1717 2352 1810 2388 1548.

937 2389 1013 2431 (4)
1039 2388 1215 2432 specialiter
1251 2389 1419 2421 constituit
1436 2412 1446 2428 ,
1484 2397 1519 2419 ut
1547 2389 1691 2421 militaris
1715 2389 1812 2428 judex

936 2433 1042 2463 civem
1051 2438 1176 2471 captum
1193 2430 1230 2462 ad
1245 2429 1656 2472 Magistratumremitteret
1667 2452 1676 2467 ,
1690 2430 1721 2461 ὃς
1737 2430 1807 2462 Ma-

937 2472 1082 2515 gistratus
1121 2472 1254 2503 militem
1289 2471 1589 2512 quomodocumque
1621 2470 1804 2513 delinquen·

940 2523 1024 2552 tem,
1045 2513 1082 2545 ad
1097 2513 1266 2545 militarem
1284 2512 1432 2552 judicem.
1470 2510 1584 2555 'Quam
1601 2510 1808 2544 constitutio-

938 2564 1010 2587 nem
1042 2554 1246 2586 confirmavit
1275 2554 1306 2585 ὅς
1333 2553 1420 2585 auxit
1442 2552 1606 2599 Philippus
1628 2552 1668 2585 II.
1699 2553 1730 2585 in
1758 2553 1807 2596 §§.

937 2600 989 2634 69.
1014 2604 1065 2637 70.
1081 2596 1111 2627 ἃ
1130 2603 1182 2636 71.
1205 2595 1234 2626 d.
1254 2594 1355 2626 Edist.
1380 2594 1419 2626 de
1435 2593 1568 2627 Crimin.
1615 2594 1709 2626 Anno
1727 2605 1807 2636 quo—¹

938 2647 999 2677 que
1019 2641 1110 2679 1632.
1137 2645 1163 2668 1.
1189 2636 1268 2677 Maj.
1294 2635 1370 2678 (5)
1395 2636 1478 2668 inter
1495 2635 1668 2677 Orangium
1697 2635 1807 2678 Dyna-

938 2679 1014 2711 stam
1032 2680 1062 2712 ὃς
1078 2676 1301 2719 Magistratum
1319 2677 1484 2720 Haganum
1499 2678 1670 2716 convenit,
1696 2685 1731 2709 ut
1747 2678 1804 2709 mi-

938 2721 1003 2760 les,
1029 2722 1170 2762 quamvis
1193 2721 1224 2751 in
1243 2720 1405 2751 communi
1431 2719 1548 2751 deliclo
1575 2728 1592 2750 a
1615 2717 1807 2759 Magistratu

938 2760 1163 2804 apprehensus,
1187 2761 1312 2793 militari
1329 2760 1425 2800 iudici
1443 2761 1634 2798 traderetur,
1661 2760 1690 2791 ἀ
1705 2760 1806 2799 civis,

939 2813 956 2835 a
984 2803 1172 2835 militaribus
1195 2811 1325 2845 captus,
1350 2802 1526 2833 traderetur
1555 2800 1657 2841 =ludici
1680 2799 1806 2840 vCivili3

939 2845 1032 2887 idque
1050 2845 1098 2886 jus
1117 2845 1179 2877 effe
1205 2853 1374 2876 commune
1397 2843 1566 2884 stipi-emus
1589 2841 1722 2873 Senatus
1749 2842 1806 2874 mi-

940 2887 1038 2918 litaris
1073 2895 1150 2918 tunc
1183 2885 1228 2917 est
1263 2883 1392 2917 testatus
1421 2884 1504 2925 (6).
1541 2883 1637 2915 Curia
1669 2881 1774 2929 Frifiae
1794 2906 1807 2922 ,

939 2928 1080 2969 quamvis
1104 2936 1188 2959 anno
1217 2929 1308 2958 1606.
1331 2926 1464 2958 militem
1480 2949 1489 2963 ‚
1524 2925 1556 2956 in
1571 2933 1732 2956 communi
1751 2924 1803 2955 de-

939 2970 1016 3002 licto
1032 2979 1049 3001 a
1065 2968 1165 3002 Civili
1190 2968 1300 3009 Judice
1322 2964 1564 3009 apprehensum,
1594 2965 1689 2997 etiam
1709 2965 1747 2996 ab
1761 2975 1804 3014 eo

1758 3016 1805 3049 lu·

979 3101 1042 3140 (4)
1063 3086 1146 3138 Apud
1166 3101 1307 3130 Leeuwen
1326 3098 1380 3137 post
1400 3100 1425 3136 ς.
1439 3107 1482 3135 71.
1504 3099 1590 3129 Edz'ft.
1607 3099 1638 3128 de
1654 3099 1768 3129 Crimin.

957 3143 1041 3200 pff)
1062 3142 1125 3169 Van
1153 3139 1245 3169 Dalen
1276 3141 1362 3169 nezab.
1391 3137 1622 3178 Krygs-hefhign.
1643 3147 1671 3177 p.
1694 3142 1739 3175 ΠΖ
1761 3140 1806 3174 78.

981 3187 1046 3254 (7695
1063 3216 1144 3247 ldein
1163 3215 1259 3247 ibidem
1277 3224 1305 3253 p.
1321 3217 1365 3251 78.
