2008 3436
453 101 848 138 CORNELII

202 194 265 219 non
282 185 334 218 diu
355 188 422 219 hae'e
439 184 524 220 stetit
538 189 657 230 integra
673 188 850 228 illibataque
861 210 871 226 ,
883 188 959 219 adeo
978 188 1061 219 enim

203 238 271 261 eam
299 230 547 262 incrustaverunt
577 230 761 271 posteriores
790 229 961 260 Pontifices
978 253 987 267 ‚
1026 236 1062 259 ut

205 278 326 302 tantum
356 280 418 302 non
446 272 527 303 vires
553 271 618 303 suas
645 269 823 311 perdiderit.
869 269 946 302 Non
970 270 1062 300 aliter

202 312 316 352 quippe
332 313 445 352 regulae
467 313 573 344 locum
595 311 757 347 fecerunt,
777 320 870 351 quam
888 311 928 348 fi,
950 318 1062 350 praeter

201 352 404 391 adulterium,
428 361 537 384 contra
555 353 691 393 priorem
715 352 882 392 conjugem
906 352 979 392 quid
999 360 1061 382 ma-

201 394 361 425 chinatum
385 394 441 431 fit,
463 402 516 425 aut
534 403 573 424 eo
593 393 670 423 vivo
688 392 766 423 alter
783 393 870 423 alteri
887 392 979 424 fidem
998 401 1060 423 ma-

203 434 342 466 trimonii
372 435 505 472 dederit,
529 436 558 466 &
585 433 625 465 sic
646 442 663 464 a
683 433 776 465 variis
793 433 999 465 Pontificibus
1013 442 1061 463 re-

201 474 351 516 scriptum
384 477 414 506 in
438 476 469 506 C.
498 485 524 506 1.
549 485 578 516 3.
601 483 633 513 5.
664 473 700 508 ὅ)
731 477 762 505 6.
794 474 837 506 X.
866 475 899 504 de
923 484 952 504 eo
970 496 980 511 ,
1013 475 1061 515 qui

202 518 288 547 duxit
307 519 339 548 in
359 518 561 553 matrimonio,
583 525 670 557 quam
683 515 790 555 polluit
803 521 857 555 per
872 516 1057 546 adulterium.

199 558 301 598 Atque
324 558 344 590 si
369 566 480 597 nempe
504 557 581 588 nihil
606 556 688 588 aliud
713 556 826 597 regulae
846 556 950 588 locum
964 555 1062 587 dedis-

199 597 243 630 set
257 622 266 637 ‚
291 600 320 631 ὅ(
340 609 403 630 non
426 598 485 629 alia
505 607 629 639 quoque
655 596 753 629 essent
777 598 940 629 metuenda
958 620 969 636 ‚
991 606 1059 638 quae

199 639 359 671 recensere
374 641 501 679 longum
521 638 606 670 esset.
641 636 811 670 Incrustata
826 646 928 670 tamen
945 648 979 669 ea
995 638 1062 679 opi-

197 681 251 712 nio
268 681 345 711 adeo
362 680 493 712 invaluit
505 703 513 718 ,
539 688 572 711 ut
588 680 720 711 relatum
738 679 775 711 fit
794 702 804 718 ,
827 679 991 712 inferiores
1009 679 1060 719 Ju-

200 722 285 752 dices
303 745 312 760 ‚
343 722 372 753 δε
397 729 562 762 utrumque
588 721 758 759 Senatum,
791 721 821 753 ὅ(
849 730 890 752 ex
915 721 1059 761 Supremi

197 763 328 794 Senatus
343 762 491 801 consilio,
515 761 670 794 Ordinum
689 760 888 794 Generalium
908 761 1058 794 Consilia-

197 805 261 835 rios
285 803 434 834 censuisse
456 803 473 843 (
489 803 553 842 1),
581 811 658 835 tunc
683 802 809 835 demum
836 803 917 835 inter
942 802 1058 835 adulte-

199 854 268 875 rum
297 845 326 876 &
353 844 521 876 adulteram
543 846 667 886 nuptias
691 853 755 876 non
779 843 865 883 effe,
901 844 922 876 fi
950 852 1061 876 contra

198 886 309 927 prioris
327 886 470 927 conjugis
486 886 585 917 vitam
603 885 676 927 quid
695 885 905 918 machinatum
920 885 958 918 s1t
975 909 985 925 ,
1007 894 1061 917 aut

198 926 350 966 sponsalia
361 949 371 965 ,
395 927 527 958 durante
544 927 647 967 priore
662 927 865 958 matrimonio
882 948 893 965 ,
913 925 1059 959 interces-

198 968 291 1000 serint
310 991 318 1001 .
351 969 380 1000 ὅ(
404 967 446 999 ita
477 976 559 999 anno
592 972 684 1000 1611.
715 967 752 1000 ab
776 977 838 1000 uno
863 968 1061 1009 Pragmatico

197 1008 306 1049 respon
313 1008 375 1040 sum
386 1008 430 1040 est
442 1007 543 1047 Confil.
554 1008 599 1040 H.
613 1009 647 1041 T.
660 1009 712 1041 IV.
727 1008 831 1047 Confil.
840 1015 913 1044 282.
924 1009 1015 1049 infin.
1026 1008 1062 1043 &³

200 1054 292 1091 1638.
308 1060 324 1081 a
340 1050 447 1083 multis
457 1050 525 1082 aliis
538 1049 640 1088 Confil.
655 1050 738 1082 Holl.
763 1050 797 1081 T.
817 1050 872 1082 III.
896 1050 1058 1090 Confil.7-1.

197 1091 330 1126 A.&B.
357 1092 387 1123 ὅ(
413 1090 515 1130 Constl.
540 1101 591 1132 72.
614 1101 684 1133 quae
707 1092 736 1123 &
756 1091 876 1124 exstant
896 1091 998 1131 Constl.
1014 1091 1057 1122 H.

201 1132 310 1164 31111.
335 1131 482 1173 Ainsterd.
508 1131 611 1171 Corzsz'l.
633 1141 687 1172 52.
706 1142 759 1174 53.
784 1132 820 1167 ἐπ’)
840 1140 892 1172 54.
911 1134 941 1165 &
958 1131 1061 1164 rursus

198 1173 236 1204 ab
264 1174 333 1205 aliis
362 1174 448 1206 annis
477 1177 565 1214 1649.
591 1175 621 1206 ἃ
649 1177 737 1207 1688.
766 1173 868 1211 Confil.
894 1174 929 1204 B.
959 1173 992 1204 Τ.
1018 1172 1058 1204 11.

199 1224 268 1255 174.
295 1214 330 1249 &²
356 1224 424 1255 175.
469 1215 572 1256 Atque
592 1214 660 1245 haec
675 1213 830 1245 sententia
845 1222 921 1245 tunc
939 1222 1058 1255 tempo-

196 1257 238 1293 ris
256 1257 288 1288 in
305 1255 479 1287 Hollandia
503 1256 601 1296 vulgo
624 1261 751 1295 recepta
764 1255 827 1286 dici
847 1254 970 1295 potest,
996 1264 1059 1287 non

194 1297 271 1329 item
295 1307 356 1333 ea,
385 1306 475 1337 quam
499 1296 616 1327 addunt
642 1295 787 1329 nonnulli
817 1295 1002 1337 Pragmatici
1028 1297 1057 1328 d.

198 1334 303 1376 Coizfil.
328 1337 374 1368 H.
402 1336 500 1369 T.111.
525 1335 629 1376 Constl.
649 1346 702 1378 72.
727 1337 757 1369 &
783 1336 886 1369 Τ.ΙΙΙ.
913 1336 1056 1378 Amfterd.

198 1377 301 1417 Confil.
310 1388 360 1418 54.
386 1378 517 1418 simplex
531 1378 735 1417 adulterium,
760 1378 839 1410 citra
853 1379 1058 1411 machinatio-

195 1429 267 1452 nem
286 1420 337 1450 vel
350 1418 503 1459 sponsalia
515 1445 524 1459 ,
539 1418 601 1452 effe
612 1419 740 1461 quidem
754 1420 990 1460 impedimentum
1005 1422 1058 1452 im-

190 1462 330 1502 pediens,
353 1460 405 1492 sed
421 1461 506 1502 quod
530 1461 656 1493 tolleret
675 1459 838 1493 consensus
855 1460 1058 1503 Magistratus

196 1502 329 1540 loci,de
344 1511 408 1544 quo
421 1502 534 1544 agitur.
558 1502 590 1534 Si
604 1503 688 1534 enim
706 1502 830 1534 licitum
840 1501 897 1542 fit,
910 1503 960 1535 cui
973 1503 1058 1535 bono

194 1542 396 1584 Magistratus
413 1543 602 1577 consensus?
624 1544 655 1576 Si
672 1543 843 1583 illicitum,
859 1545 1058 1587 privilegium

195 1585 287 1617 dandi
306 1594 345 1616 ea
362 1585 393 1616 in
411 1594 444 1616 re
467 1584 666 1627 Magistratui
685 1585 769 1618 nulla
786 1584 933 1627 potestas.

236 1626 296 1659 Sed
313 1626 438 1666 pessime
462 1625 580 1659 fastum
598 1626 721 1658 videtur
736 1627 871 1668 regulam
882 1649 893 1666 ,
913 1637 982 1669 quae
1004 1636 1060 1669 per

193 1667 225 1700 se
252 1667 367 1700 sufficit
384 1690 393 1705 ,
430 1667 686 1700 circumscribere
708 1675 759 1700 tot
785 1667 1033 1701 restrictionibus
1047 1692 1057 1708 ,

194 1709 319 1750 quando
336 1709 419 1741 enim
440 1709 485 1740 ita
502 1709 587 1742 utilis
604 1709 689 1741 erit?
712 1709 808 1742 Mille
822 1731 833 1748 ,
854 1718 955 1752 pnto,
973 1711 1058 1744 adul-

195 1751 274 1782 teria
302 1751 546 1783 committuntur
565 1775 574 1790 ,
608 1760 649 1783 ex
675 1751 785 1791 quibus
811 1752 868 1783 vix
891 1753 1058 1792 puniuntur

191 1792 321 1830 decem,
344 1791 411 1824 sunt
430 1793 513 1824 enim
554 1792 723 1825 robationis
740 1792 833 1834 longe
847 1793 1057 1832 difficillimae,

193 1841 228 1865 ut
247 1843 321 1864 vere
342 1833 459 1866 dicitur
479 1834 513 1865 in
567 1841 675 1866 ecreto
699 1833 854 1866 Ordinum
877 1833 1056 1867 Hollandiae

193 1884 245 1912 29.
267 1874 328 1914 Jul.
357 1879 444 1916 1679.
470 1875 543 1917 (2)
567 1885 629 1917 quo
653 1875 691 1906 de
712 1875 868 1907 adulterio
893 1875 1058 1917 transigere

194 1915 384 1956 permissum.
429 1916 504 1949 Hoc
520 1925 624 1949 autem
639 1917 733 1948 etiam
750 1917 905 1957 probato,
928 1926 1057 1958 quomo—

192 1957 235 1988 do
247 1958 423 1997 nuptiarum
445 1959 604 2000 promiffio
620 1958 828 1999 probabitur?
848 1967 951 2000 neque
973 1959 1057 1991 enim

192 1997 537 2032 facileinstrumentum
549 2000 711 2041 publicum
727 2009 762 2031 ea
779 1999 818 2031 de
834 2009 866 2032 re
879 1999 1057 2032 confecturi

192 2038 284 2076 sunt,
308 2041 337 2082 ὅ(
353 2049 582 2082 quotaquaeque
593 2040 769 2073 Messalinae
786 2050 849 2072 non
863 2041 979 2072 ridebit
988 2041 1056 2073 fim-

192 2080 368 2120 plicitatem
382 2103 391 2119 ‚
416 2090 486 2122 quae
505 2082 534 2113 ὅ(
553 2082 631 2113 vivo
653 2080 695 2113 D.
716 2081 867 2120 ClaudiO,
889 2091 982 2122 quum
993 2092 1055 2114 non

192 2120 249 2152 11111
268 2121 408 2161 legitime
428 2122 525 2154 vellet
544 2122 680 2160 nubere,
705 2122 829 2163 pastum
848 2124 877 2154 ἃ
895 2122 1057 2163 sponsalia,

192 2162 269 2201 quin
297 2164 327 2193 ὅ(
351 2163 476 2203 nuptias
496 2164 597 2203 palam
622 2163 772 2203 parabat,
804 2173 844 2195 ne
870 2164 945 2205 quid
971 2164 1054 2196 clan-

178 2202 346 2235 ‚uestinum
367 2204 470 2235 moliri
491 2205 658 2236 videretur.
704 2203 776 2236 Nec
800 2204 895 2236 etiam
919 2205 1055 2237 animad-

190 2253 303 2282 verto,
324 2245 481 2285 promiffio
494 2246 673 2286 nuptiarum
690 2245 915 2284 intercesserit,
927 2256 986 2278 nec
1003 2256 1055 2284 ne,

190 2285 267 2326 quid
290 2286 328 2317 ad
346 2295 410 2317 rein
435 2285 560 2318 faciat?
584 2286 731 2327 Denique
747 2287 825 2318 illud
843 2286 881 2318 de
902 2287 1056 2319 machina-

191 2328 281 2358 tione
310 2327 404 2358 etiam
431 2327 473 2359 fic
500 2326 569 2359 satis
594 2328 734 2369 ineptum
753 2327 816 2366 est,
841 2327 1011 2360 desiderant
1027 2338 1057 2359 e-

191 2368 257 2399 nim
281 2377 370 2407 eam,
403 2378 472 2409 quae
499 2369 627 2408 majoris
651 2369 803 2400 momenti
823 2368 868 2400 est
885 2393 895 2408 ‚
935 2370 964 2401 &
987 2379 1055 2410 quae

190 2408 343 2452 probetur
356 2433 365 2448 ,
390 2410 419 2441 ἀ
440 2419 510 2450 quae
532 2410 665 2450 capitale
690 2418 842 2441 mereatur
860 2409 1055 2451 supplicium.

190 2450 253 2482 Fac
273 2451 370 2491 igitur
386 2452 546 2492 probatam
565 2452 595 2483 ὅ(
613 2450 756 2491 punitam
776 2450 855 2489 esse,
878 2452 979 2483 adhuc
991 2461 1054 2484 me-

191 2491 273 2530 tuis,
298 2501 337 2522 ne
356 2490 440 2524 forte
460 2491 530 2533 post
544 2500 679 2523 mortem
699 2493 820 2533 nuptias
843 2492 986 2525 faciant?
1011 2492 1054 2524 U-

192 2532 279 2571 tique
293 2533 410 2563 nuilam
428 2534 518 2564 aliam
536 2532 691 2564 interdifiti
708 2534 791 2564 inter
814 2533 970 2566 adulteros
992 2543 1054 2565 ma-

193 2573 334 2604 trimonii
357 2574 511 2605 rationem
528 2574 643 2611 video,
667 2573 719 2604 nisi
740 2573 837 2614 ipsum
858 2574 1056 2613 adulterium,

189 2614 284 2654 idque
302 2613 403 2645 solum
420 2614 597 2654 exprimunt
615 2613 733 2654 Leges,
758 2624 830 2655 quas
847 2624 921 2647 mox
940 2625 1056 2647 memo-

190 2655 284 2693 rabo,
309 2655 339 2686 ὅ(
363 2664 416 2695 per
434 2665 506 2695 quas
523 2677 534 2692 ,
570 2655 684 2695 opinor
702 2676 714 2692 ,
745 2655 894 2686 recess'um
918 2655 962 2687 est
980 2666 996 2686 a
1012 2665 1056 2687 re-

190 2694 419 2734 strictionibus,
443 2696 520 2727 olim
537 2703 699 2737 perperam
723 2696 870 2735 receptis.
917 2696 1054 2737 Legem,

189 2734 371 2777 iimplicitei·
401 2738 494 2769 latam
511 2759 522 2775 ,
553 2746 573 2767 o
598 2736 707 2767 timum
726 2735 771 2767 est
797 2735 977 2776 simpliciter
1005 2747 1053 2769 ac-

188 2777 303 2817 cepisse
321 2801 330 2816 ‚
361 2778 530 2819 praesertim
555 2746 606 2808 ussi
633 2776 685 2808 sua
709 2777 830 2808 ratione
852 2777 906 2808 fibi
930 2777 1055 2810 sufficit.

190 2820 283 2849 l‘lune
313 2829 422 2851 verum
453 2818 525 2856 est,
558 2818 710 2850 rationem
741 2817 874 2858 aliquam
897 2817 985 2857 esse,
1014 2829 1053 2850 ne

190 2859 263 2899 quid
282 2859 401 2891 adulter
423 2860 471 2890 vel
487 2860 623 2891 adultera
644 2860 673 2890 in
690 2859 819 2890 alterius
837 2858 989 2900 Conjugis
1008 2861 1052 2891 vi-

190 2910 252 2931 tum
278 2901 443 2942 moliatur,
468 2900 518 2933 scd
542 2899 655 2933 sufficit
680 2900 833 2942 generalis
848 2900 1050 2942 prael'umtio,

201 105 270 144 360
924 113 980 137 vA
1006 111 1031 137 Ν

227 3025 286 3062 (r)
307 3027 399 3066 Consti,
415 3027 454 3059 H.
480 3030 571 3059 T.111.
589 3029 680 3069 Coiifil.
699 3038 742 3067 71.
763 3030 844 3069 infin.
861 3030 994 3070 &ConfiL
1005 3030 1045 3061 H.

190 3063 221 3092 T.
244 3067 290 3093 111.
311 3067 397 3103 Amst.
419 3069 510 3106 Corzfil.
532 3078 576 3104 52.
596 3071 624 3097 in
637 3070 689 3107 fitz.

224 3102 284 3138 (2)
305 3104 416 3133 Furmnl.
440 3107 470 3135 T.
492 3108 528 3135 11.
549 3116 575 3144 p.
599 3116 662 3143 523.

220 3139 281 3176 (3)
304 3142 529 3180 lz‘th-r'eglenzent.
552 3147 628 3174 Plac.
650 3147 686 3176 11.
709 3147 829 3183 Append.
851 3157 878 3186 p-
902 3154 988 3182 243⁰·

218 3180 279 3214 (4)
300 3179 377 3210 l’tac.
398 3183 439 3210 lll
468 3193 495 3218 4.
521 3191 545 3213 1.
570 3187 612 3213 113.
677 3207 680 3212 .

1105 86 1709 140 BYNKERSHOEK

1103 195 1140 219 ut
1162 188 1213 220 vel
1239 188 1281 219 ita
1311 189 1464 220 adulterio
1481 211 1490 226 ‚
1517 190 1663 231 quamdiu
1688 190 1765 222 alter
1785 184 1961 234 Conjugum³
2002 198 2005 207 ¹

1104 229 1213 268 vivit,
1238 228 1489 268 absterreantur-3
1521 231 1603 262 recte
1627 233 1860 264 matrimonium
1885 245 1956 267 con·
1997 240 2000 250 '

1105 269 1230 301 traCturi
1248 294 1258 308 ‚
1296 271 1316 302 11
1339 271 1463 302 alterius
1487 281 1621 302 mortem
1643 271 1857 311 exspectarim.
1902 275 1957 308 Ca-

1105 311 1172 342 toni
1201 312 1303 343 omnis
1334 313 1470 343 adultera
1508 312 1649 344 venefica
1686 314 1763 353 apud
1795 314 1960 360 Quintilia-

1104 360 1178 382 num
1204 352 1242 383 L.
1270 352 1307 383 V.
1331 352 1429 393 Instit.
1455 354 1543 385 Orat.
1568 354 1600 384 C.
1627 353 1667 384 ll.
1691 356 1721 386 est
1746 355 1776 385 in
1797 354 1876 387 hanc
1893 355 1959 390 fei-e
2006 381 2008 386 2

1099 391 1285 473 {ententiam
1304 393 1541 435 philosophatur
1558 394 1625 427 Leo
1645 395 1765 426 Novem.
1788 395 1901 429 XXX.
1922 399 1956 431 in

1127 443 1155 464 n.

1146 473 1228 520 Haec
1252 483 1355 507 autem
1381 477 1507 509 consilia
1532 477 1562 507 &
1589 477 1752 516 resionsa,
1782 488 1851 519 quae
1873 477 1958 522 supra

1105 515 1218 554 attuli,
1249 516 1321 547 data
1348 516 1418 548 sunt
1443 528 1514 550 ante
1537 518 1613 550 latas
1635 488 1734 560 seges
1760 520 1896 558 patrias,
1915 521 1956 555 J&

1103 565 1185 587 nunc
1202 556 1334 596 cessare,
1358 558 1483 597 nescio,
1505 570 1542 591 an
1558 561 1625 600 quis
1647 560 1793 600 dubitet,
1816 570 1874 602 ego
1895 571 1957 594 cer-

1105 605 1136 627 te
1154 606 1216 628 non
1240 598 1401 636 dubitem,
1427 600 1456 631 ὅ(
1482 600 1554 631 inde
1578 602 1672 632 etiam
1700 602 1871 643 abi-egem,
1891 594 1956 644 quae

1103 638 1142 668 de
1176 639 1316 670 moribus
1342 639 1474 678 nostris,
1511 650 1583 673 ante
1616 642 1669 673 has
1698 644 1801 681 leg-cs,
1843 642 1956 684 scripsit

1105 678 1343 720 Groenewegen
1360 681 1397 712 ad
1417 682 1437 713 l.
1456 691 1506 721 27.
1532 684 1562 713 C.
1588 684 1625 714 acl
1648 683 1686 715 L.
1712 684 1778 724 Jul.
1805 686 1838 716 cie
1853 685 1955 718 Aclult.

1105 720 1134 751 ὅ(
1150 726 1204 760 per
1224 720 1276 751 has
1302 722 1401 762 Leges
1428 722 1541 754 Patrias
1558 724 1650 755 etiam
1671 726 1738 755 voti
1764 725 1803 757 sui
1832 735 1957 768 compos

1103 761 1162 792 erit
1181 761 1332 793 Brouwer
1359 765 1392 793 de
1416 764 1492 804 Jure
1517 765 1643 796 Comum.
1673 766 1710 796 L.
1732 765 1769 797 11.
1797 768 1827 798 C.
1859 771 1902 801 18.
1924 777 1954 800 n.

1107 811 1155 834 10.
1178 804 1211 833 in
1223 801 1280 842 fin.
1312 804 1439 844 Signum
1468 807 1651 837 extulerunt
1676 807 1808 840 Ordines
1826 806 1957 840 Genera-

1103 843 1148 875 le's
1165 867 1175 881 ‚
1197 853 1266 874 nam
1285 844 1314 875 111
1336 845 1362 886 §.
1389 850 1438 888 83.
1465 846 1537 878 LL.
1563 847 1658 887 Nape.
1687 853 1733 881 18.
1751 849 1847 880 hslart.
1870 852 1957 890 1656.

1102 884 1161 926 (3)
1182 885 1224 915 ita
1243 883 1430 918 statuerunt:
1455 897 1493 918 ne
1510 888 1628 920 adulter
1647 889 1825 920 adulterare
1839 899 1909 920 cum
1919 899 1958 922 eo

1102 935 1177 957 eave
1199 926 1322 966 nuptias
1350 929 1539 967 contrahat,
1573 939 1645 961 cum
1677 939 1742 969 quo
1765 940 1863 972 quave
1889 939 1959 962 ante

1102 974 1236 999 mortem
1249 988 1260 1005 ,
1285 975 1337 999 aut
1353 969 1475 1011 nuptias
1492 971 1668 1002 innocentis
1687 970 1838 1013 Conjugis
1857 972 1960 1004 secun-

1103 1007 1175 1046 das,
1198 1008 1451 1042 consuetudinem
1466 1011 1580 1044 habuit.
1625 1012 1752 1052 Sequuti
1772 1012 1960 1046 suntZelan-

1103 1049 1164 1080 diae
1183 1049 1334 1088 Ordines,
1359 1051 1390 1082 hi
1407 1052 1490 1084 enim
1508 1052 1534 1094 §.
1561 1062 1607 1084 12.
1633 1063 1694 1085 van
1717 1055 1750 1084 ci‘e
1774 1055 1877 1095 Ampl.
1900 1063 1962 1086 van

1103 1091 1136 1120 de
1159 1090 1306 1131 Politique
1336 1091 1468 1136 Orclonn.
1503 1098 1551 1128 18.
1575 1094 1673 1126 λίπε.
1714 1098 1802 1126 1666.
1829 1095 1887 1136 (4)
1917 1096 1963 1127 ita

1124 1139 1227 1176 uoque
1245 1130 1494 1172 constituerunt,
1518 1144 1557 1166 ne
1568 1135 1688 1167 scilicet
1707 1137 1898 1168 connubium
1915 1146 1961 1168 es-

1118 1179 1149 1202 et
1167 1180 1246 1202 inter
1261 1172 1436 1216 adulterum
1461 1175 1491 1207 ὅτ.
1513 1175 1705 1215 adulteram,
1730 1185 1784 1208 aut
1807 1187 1878 1209 cum
1902 1187 1967 1218 qua

1104 1220 1175 1243 ante
1191 1220 1332 1252 nuptias,
1354 1213 1406 1245 etsi
1427 1214 1489 1253 J'am
1511 1216 1624 1247 obierit
1648 1217 1765 1257 conjux
1790 1218 1964 1258 innocens,

1103 1261 1155 1284 aut
1170 1252 1243 1285 alias
1259 1253 1382 1294 nuptias
1399 1256 1598 1287 contraxerit.
1638 1256 1740 1298 Atque
1755 1258 1820 1289 haec
1839 1260 1962 1292 tandem

1103 1293 1245 1326 somnum
1258 1294 1461 1327 excusserunt
1479 1295 1665 1336 Hollandis,
1688 1299 1738 1340 qui
1751 1299 1860 1330 eodem
1881 1309 1966 1332 anno

1105 1338 1195 1367 1666.
1220 1336 1349 1376 25.Jun.
1363 1335 1422 1377 (5)
1443 1336 1673 1376 decreverunt,
1694 1348 1734 1370 ne
1754 1340 1785 1371 in
1804 1339 1961 1380 posterum

1101 1377 1221 1418 nuptiae
1237 1378 1493 1410 contraherentur
1510 1379 1591 1410 inter
1606 1379 1780 1412 adulterum
1799 1382 1829 1413 ὅ(
1844 1381 1959 1414 adulte-

1100 1428 1184 1458 ram,
1210 1418 1273 1451 five
1296 1418 1446 1451 alteruter
1467 1419 1504 1451 fit
1521 1420 1634 1452 caelebs
1649 1443 1659 1459 ‚
1689 1421 1752 1453 sive
1779 1430 1906 1464 uterque
1929 1424 1962 1456 in

1101 1460 1231 1492 alterius
1251 1460 1471 1500 matrimonio,
1497 1468 1595 1503 utque
1620 1461 1713 1494 Curia
1728 1462 1906 1496 Hollandiae
1929 1463 1961 1496 id

1101 1501 1273 1534 Decretum
1292 1501 1323 1532 in
1342 1500 1488 1535 Edictum
1505 1511 1626 1534 mutare
1644 1503 1760 1543 vellet,
1785 1514 1847 1545 quo
1863 1505 1962 1546 publi-

1080 1554 1082 1558 ⁴
1100 1550 1224 1574 caretur
1238 1544 1272 1575 ὅ(
1288 1541 1477 1583 affigeretur.
1502 1543 1600 1589 Quod
1616 1551 1691 1576 tunc
1705 1545 1828 1586 quidem
1845 1545 1960 1579 fastum

1101 1593 1165 1616 non
1182 1584 1329 1623 invenio,
1353 1583 1404 1617 sed
1433 1588 1481 1619 18.
1505 1585 1564 1626 Jul.
1594 1588 1682 1626 1674.
1709 1586 1762 1628 ipsi
1786 1586 1845 1628 (6)
1867 1587 1960 1620 Ordi-

1100 1635 1156 1658 nes
1180 1625 1362 1658 Hollandiae
1386 1625 1533 1658 Edictum
1564 1626 1808 1667 composuerunt
1836 1629 1865 1660 6(
1889 1637 1959 1670 pro-

1100 1667 1298 1708 mulgarunt,
1320 1675 1382 1708 quo
1407 1668 1520 1699 iterum
1540 1668 1660 1708 nuptiis
1688 1668 1769 1700 inter
1791 1669 1961 1702 adulterum

1101 1709 1131 1741 ὅ(
1153 1708 1322 1740 adulteram
1350 1707 1583 1740 interdixerunt
1600 1731 1611 1748 ‚
1647 1708 1807 1741 arbitraria
1840 1711 1957 1750 etiam,

1099 1757 1213 1791 praeter
1237 1749 1318 1790 Juris
1340 1748 1447 1790 scripti
1467 1758 1612 1791 poenam,
1644 1749 1763 1783 statuta.
1810 1750 1890 1795 Quae
1909 1761 1959 1785 au-

1101 1799 1165 1823 tem
1191 1791 1280 1832 Juris
1286 1791 1396 1832 scripti
1423 1800 1514 1831 poena
1543 1789 1668 1831 fuerit,
1715 1792 1848 1825 Ordines
1875 1791 1960 1826 forte

1099 1832 1275 1871 sciverunt,
1299 1842 1358 1874 ego
1381 1831 1497 1866 nesciO.

1142 1873 1250 1917 Apage
1269 1874 1364 1915 igitur
1381 1883 1490 1906 omnes
1510 1875 1578 1907 illas
1598 1873 1822 1916 restructiones,
1846 1886 1863 1908 a
1878 1875 1958 1910 Pon-

1101 1915 1239 1947 tificibus
1254 1915 1416 1954 inventas,
1441 1916 1470 1947 &
1492 1917 1588 1957 vulgo
1604 1917 1782 1960 adoptatas,
1799 1918 1959 1957 &solum

1100 1955 1201 1988 solum
1215 1979 1225 1995 ,
1249 1956 1396 1997 inquam,
1417 1957 1603 1989 adulterium
1622 1959 1761 1991 dicamus
1779 1958 1898 1991 causam
1916 1958 1958 1991 sa-

1101 1998 1141 2029 tis
1167 1997 1311 2029 idoneam
1331 1997 1491 2038 praebere,
1520 2007 1560 2030 ne
1584 1999 1667 2031 inter
1683 2000 1838 2033 adulteros
1860 1999 1958 2032 licitae

1098 2039 1158 2071 fint
1169 2038 1301 2079 nuptiae.
1345 2038 1422 2070 Inde
1437 2048 1514 2070 vero
1529 2039 1588 2071 alia
1606 2040 1743 2073 nascitur
1754 2039 1900 2082 quaestio,
1918 2050 1957 2072 an

1099 2079 1225 2111 scilicet
1251 2088 1323 2111 cum
1349 2088 1392 2110 eo
1407 2103 1416 2119 ,
1451 2080 1505 2120 qui
1529 2080 1673 2113 adulterii
1697 2082 1856 2114 damnatus
1887 2081 1930 2113 est
1945 2104 1957 2120 ,

1099 2120 1292 2153 connubium
1309 2120 1371 2152 esse
1386 2121 1502 2161 possit?
1525 2121 1556 2154 Si
1574 2131 1614 2153 ex
1630 2122 1700 2162 Jure
1715 2122 1831 2161 Civili,
1856 2132 1894 2156 ex
1927 2131 1959 2154 u-

1098 2172 1132 2194 re
1152 2161 1318 2194 Canonum
1332 2185 1341 2200 ,
1363 2171 1401 2194 ex
1418 2161 1582 2194 sententiis
1597 2162 1836 2205 Theologorum
1860 2164 1890 2196 &
1925 2173 1957 2195 u-

1098 2202 1356 2236 risconsultorum
1377 2204 1409 2235 in
1429 2203 1491 2235 hoc
1512 2213 1694 2245 argumento
1715 2204 1868 2241 versarer.
1891 2213 1958 2236 rem

1083 2245 1256 2283 facerem,
1274 2244 1357 2276 taedii
1369 2245 1512 2285 plenam,
1531 2246 1560 2277 ὅ(
1577 2245 1778 2278 obtunderem
1793 2245 1958 2279 Lectorem

1098 2285 1267 2318 innumeris
1283 2284 1543 2318 distinetionibus.
1570 2286 1746 2319 Tentemus
1762 2287 1886 2328 potius,
1899 2295 1958 2324 an,

1099 2326 1169 2368 post
1188 2325 1397 2358 constitutum
1415 2327 1464 2367 jus
1481 2327 1614 2367 patrium
1626 2349 1636 2366 ,
1661 2327 1724 2368 ipse
1740 2328 1814 2367 quid
1836 2326 1957 2359 adferre

1099 2368 1228 2410 poffim,
1250 2367 1334 2408 quod
1350 2368 1447 2408 magis
1469 2368 1605 2408 placeat,
1629 2378 1721 2409 quam
1742 2369 1870 2400 aliorum
1894 2367 1956 2399 far-

1099 2409 1220 2451 ragines
1236 2407 1304 2449 (7).
1349 2409 1446 2446 Sunt,
1470 2409 1521 2449 qui
1533 2409 1678 2440 illicitum
1695 2408 1820 2440 censent
1835 2408 1866 2440 in
1885 2417 1956 2440 cau-

1098 2451 1130 2483 sa
1147 2450 1372 2482 matrimoniali
1388 2472 1399 2487 ,
1421 2450 1506 2490 quod
1527 2448 1664 2491 expresse
1681 2449 1873 2489 prohibitum
1892 2459 1958 2480 non

1098 2491 1277 2529 invenitur,
1301 2490 1353 2523 sed
1376 2490 1432 2523 nifi
1459 2498 1624 2522 convertas
1643 2489 1798 2530 regulam,
1833 2491 1864 2522 &
1889 2491 1958 2522 lici-

1098 2541 1164 2565 tum
1186 2532 1372 2574 pronuncies
1387 2555 1396 2570 ,
1427 2530 1512 2572 quod
1537 2529 1730 2575 prohibitum
1753 2540 1815 2563 non
1836 2531 1957 2563 inveni-

1100 2582 1168 2612 tur,
1188 2582 1238 2606 me
1251 2572 1495 2604 consentientem
1510 2580 1572 2601 non
1591 2569 1725 2602 habebis.
1763 2570 1852 2603 Cedo
1872 2580 1958 2604 nunc

1098 2616 1218 2656 legem,
1252 2623 1298 2644 uae
1315 2612 1454 2644 adulterii
1472 2611 1618 2642 damnato
1634 2612 1756 2683 nuptias
1771 2620 1881 2654 negat,
1897 2621 1958 2654 ego

1098 2665 1166 2687 eam
1183 2654 1248 2686 frui
1266 2662 1297 2684 ra
1317 2652 1452 2693 quaesivi.
1507 2650 1613 2683 Varias
1637 2651 1673 2683 ha
1699 2662 1785 2685 emus
1814 2653 1957 2686 adulterii

1097 2705 1222 2738 poenas,
1247 2693 1298 2726 sed
1317 2695 1397 2725 inter
1416 2692 1468 2723 has
1486 2692 1573 2723 nulla
1589 2692 1652 2730 est,
1676 2702 1715 2725 ne
1733 2694 1873 2726 adultero
1884 2703 1956 2726 cum

1098 2737 1206 2779 quavis
1233 2743 1331 2766 uxore
1349 2734 1396 2774 jus
1424 2733 1571 2763 connubii
1603 2734 1650 2764 iit.
1695 2734 1808 2766 Soluto
1834 2736 1957 2776 penitus

1097 2775 1313 2814 matrimonio,
1338 2782 1521 2814 quacunque
1535 2774 1661 2806 demum
1684 2784 1722 2807 ex
1744 2774 1851 2814 causa,
1875 2785 1956 2808 uter-

1095 2827 1156 2860 que
1173 2817 1300 2856 Conjux
1317 2814 1435 2846 solutus
1451 2815 1517 2855 lege
1542 2816 1749 2855 matrimonii,
1776 2816 1796 2848 fi
1816 2817 1894 2849 alter
1912 2817 1954 2849 ob

1095 2859 1233 2895 crimen,
1254 2858 1408 2898 plectatur
1425 2855 1467 2885 ob
1491 2865 1557 2886 eam
1582 2856 1726 2894 causam,
1750 2856 1800 2887 sed
1824 2866 1862 2888 ne
1885 2868 1954 2899 pro-

1094 2908 1175 2933 voca
1204 2898 1242 2931 ad
1273 2899 1356 2939 leges
1390 2896 1605 2935 matrimonii,
1638 2898 1700 2938 jam
1725 2896 1826 2930 soluti.
1874 2899 1952 2941 Audi

1849 2942 1946 2980 flung·

1121 3026 1189 3065 ‘(5)
1210 3026 1357 3064 Refialutt‘en
1377 3032 1420 3054 ten
1439 3024 1497 3062 tyde
1516 3033 1568 3053 van
1587 3023 1617 3052 de
1636 3023 1692 3052 Wit
1715 3031 1743 3060 p.
1764 3025 1828 3058 789.

1125 3069 1184 3102 (6)
1204 3066 1279 3095 Ptac.
1301 3067 1348 3094 111.
1373 3073 1398 3100 3.
1421 3073 1446 3092 2.
1468 3067 1495 3092 6.

1090 3105 1187 3173 0.(178).
1211 3105 1303 3134 Etiam
1327 3103 1400 3141 apud
1420 3103 1557 3131 Brouwer
1577 3101 1607 3130 de
1625 3099 1700 3139 Jure
1728 3098 1842 3128 Comiub.
1864 3098 1896 3127 L.
1914 3097 1952 3128 11.
