2008 3436
455 114 857 153 CORNELII

205 200 316 231 ritates
335 221 344 237 ,
368 195 506 229 diversas
529 195 656 229 diversis
681 195 884 226 denunciavit
912 192 1063 231 G1·otius;

202 239 255 272 sed
273 238 325 271 seu
341 248 539 270 numeremus
555 238 742 275 sententias;
765 235 817 267 seu
836 235 1062 277 ponderemus,

202 281 323 321 semper
340 280 388 312 illi
411 280 561 319 vincent,
585 279 638 320 qui
656 278 747 309 maris
773 277 947 308 dominium
969 284 1062 315 agno-

205 321 309 354 scunt.
353 321 428 353 Non
452 321 537 362 quod
563 321 691 361 opiner,
725 328 760 350 ea
786 318 881 349 maria
909 318 1063 348 continuo

204 362 327 395 subdita
355 362 467 400 fuisse,
490 362 528 392 de
545 362 678 402 quibus,
704 368 739 390 ut
757 359 905 396 subditis,
931 358 1062 388 recitan-

203 412 256 436 tur
279 404 468 441 tistimonia,
494 402 544 434 sed
562 402 666 442 quod,
693 401 855 432 Oceanum
873 399 893 430 si
911 398 1060 438 excipias,

202 444 313 485 subjici
334 445 516 486 potuerint;
541 442 662 474 subdita
678 451 755 472 vero
772 441 911 478 fuerint,
937 448 994 471 nee
1010 448 1064 476 ne,

203 486 423 527 occupationis
450 485 479 516 ἀ
501 483 693 524 poffcffionis
717 481 808 513 causa
832 481 977 512 docuerit
994 503 1002 518 ,
1028 489 1064 510 ut

203 528 273 560 haec
289 526 408 559 affatim
426 525 636 567 probavimus.
683 524 732 555 Ex
755 533 789 554 ea
810 524 839 554 ἅ
861 531 959 569 porro
974 519 1063 551 disci-

201 576 289 607 mus3
312 567 386 607 quid
409 566 596 597 censendum
623 565 659 597 sit
686 565 724 595 de
747 564 867 605 vulgari
894 563 951 594 illo
977 562 1062 593 dieto

204 609 351 651 Dionysii
379 606 670 645 Hcharnaffenfis,
695 606 745 637 ubi
768 605 919 646 populum
950 604 1061 635 Roma-

204 650 279 682 mim
309 650 353 681 ait
375 654 459 680 νι-ιῖσης
485 652 585 686 nequ-(iv
610 649 767 684 &maican-z,
791 649 809 676 ἐ
836 646 905 682 μόνον
930 650 971 676 τίς
995 647 1062 675 εἰτὲς

203 691 356 729 Ἡρακλείων
373 695 470 728 ςηλᾶν,
487 689 551 718 dmi
567 694 590 728 a}
608 689 836 719 ’ἦςὨιιεαΛῘ-ηδῶ
851 708 860 724 3
875 689 916 718 ἴση
938 687 1063 719 &deficat

204 734 242 770 μή
264 733 387 762 damma}
413 732 467 767 ἐπ,
486 732 576 761 maris
601 731 753 770 imperium
780 730 901 766 hahere,
923 738 978 759 72071
1004 728 1064 768 ejus

203 777 371 810 duntaxat,
396 773 468 814 quod
493 773 571 802 inter
595 771 736 802 Herculis
764 771 909 801 columnas
931 767 994 809 est,
1009 769 1063 808 sed

202 815 238 850 ἐξ
264 815 378 845 Oceani
387 836 396 852 ,
419 815 452 844 in
480 819 618 854 quantum
644 814 817 854 navigatur.
864 810 919 842 Est
947 810 977 841 id
1005 811 1062 841 fal-

202 856 268 888 sum
287 856 326 887 de
342 856 493 893 Oceano,
515 863 575 895 qua
600 854 765 894 navigatur
784 853 834 884 vel
847 860 922 883 tunc
938 852 1060 892 naviga—

201 906 269 928 tum
285 895 348 935 est,
367 905 526 936 nunquam
544 895 676 926 Romani
694 904 755 925 tam
772 895 834 926 late
849 893 1062 934 possederunt,

200 939 276 979 quin
297 946 388 969 extra
409 937 572 968 columnas
598 934 748 966 Herculis
773 935 852 967 nihil
871 936 1058 975 quicquam,

199 987 315 1021 praeter
340 988 423 1010 mare
457 977 692 1015 Britannicum,
717 977 798 1008 intra
818 976 979 1007 columnas
1006 985 1057 1006 au-

202 1029 267 1052 tem
295 1028 398 1051 totum
429 1019 720 1056 Mediterraneum,
752 1017 793 1049 sie
822 1017 938 1048 Oceano
963 1018 1060 1047 termi-

201 1068 307 1094 nantes
331 1062 504 1102 imperium,
528 1067 563 1090 ut
592 1059 704 1090 melius
730 1060 758 1090 ὅ(
786 1059 891 1089 verius
914 1057 1061 1089 dixerunt

202 1102 357 1141 Romani,
382 1110 517 1142 quorum
544 1100 741 1132 meminimus
770 1100 840 1140 Cap.
865 1099 937 1130 Vll.
964 1100 1061 1130 immo

201 1154 242 1176 ne
271 1143 396 1185 quidem
434 1141 533 1183 ipsum
567 1141 837 1174 Mediterraneum
863 1140 1062 1181 possederunt

200 1185 349 1226 semper,
387 1192 481 1224 atque
504 1183 581 1214 adeo
607 1183 673 1222 ejus
703 1191 761 1213 nee
789 1180 909 1222 semper
930 1181 1061 1212 domini.

200 1227 304 1259 Simus
321 1234 474 1257 memores
501 1224 587 1264 eius,
610 1223 695 1264 quod
722 1223 818 1254 modo
835 1222 1000 1253 retulimus
1023 1222 1062 1253 de

201 1267 342 1300 claffium
364 1265 507 1297 excubiis
526 1273 588 1295 tam
606 1265 637 1295 in
654 1264 732 1302 illo,
757 1273 850 1304 quam
864 1263 1059 1301 Britannico,

201 1310 232 1341 ὅς
258 1308 423 1339 habeamus
448 1304 624 1347 persuasum
642 1328 651 1344 ,
683 1304 843 1336 Romanos
873 1313 937 1342 eo,
959 1313 1061 1344 neque

199 1350 264 1382 alio
283 1357 444 1389 tempore,
470 1347 545 1378 mari
564 1346 644 1378 ultra
658 1346 875 1377 continentem
895 1343 988 1376 fuisse
1006 1346 1059 1376 do-

199 1392 358 1427 minatos,
382 1390 412 1421 &
437 1387 571 1428 denique
595 1387 763 1418 secundum
784 1387 850 1418 haec
870 1386 1060 1427 accipiamus

199 1431 397 1469 testimonia,
423 1439 493 1471 quae
519 1429 558 1460 de
585 1429 744 1460 maritimo
767 1428 981 1459 Romanorum
1005 1427 1060 1459 im-

198 1473 290 1514 perio
315 1478 511 1503 occurrunt:
543 1470 683 1510 alioquin
702 1493 711 1509 ,
743 1469 787 1501 fin
818 1469 880 1500 hoc
914 1468 980 1500 fieri
1006 1478 1058 1500 ne-

199 1523 294 1555 queat
312 1535 323 1551 ,
357 1512 499 1554 profeda
526 1511 689 1547 credamus
720 1511 773 1542 vel
798 1512 836 1541 ab
861 1510 1057 1551 ignorantia,

197 1556 249 1587 vel
271 1554 429 1594 superbia,
453 1553 527 1592 vel,
551 1562 620 1594 quae
646 1552 816 1584 Poetarum
832 1552 968 1583 maxime
985 1560 1056 1592 pro-

196 1597 264 1638 pria
281 1595 347 1634 est,
370 1594 559 1627 adulatione.

242 1637 277 1669 In
293 1637 448 1678 exemplis
465 1634 616 1667 Gentium
627 1658 636 1674 ,
654 1644 723 1676 quae
739 1635 832 1667 maris
848 1635 961 1676 potitae
975 1633 1059 1673 sunt,

196 1678 320 1710 constat
344 1679 414 1719 plus
445 1676 508 1708 effe
538 1677 711 1718 ponderis:
746 1686 816 1708 nam
841 1677 863 1709 fi
890 1677 1057 1714 vincatur,

196 1730 281 1752 mare
295 1730 312 1752 a
328 1718 488 1751 nonnullis
508 1718 568 1749 rite
587 1725 794 1758 occupatum,
817 1718 878 1749 rite
893 1716 1059 1758 possessum

200 1761 281 1800 effe,
305 1761 344 1792 de
365 1760 508 1792 dominio
525 1759 592 1799 ejus
610 1769 673 1790 non
692 1757 736 1789 est
755 1759 838 1799 quod
856 1759 989 1800 amplius
1005 1758 1059 1789 du—

196 1802 341 1834 bitemus.
367 1801 409 1834 Et
431 1801 556 1843 quidem
574 1799 685 1832 Castor
700 1799 842 1832 Rhodius
859 1800 976 1841 primus
991 1809 1058 1841 per—

199 1844 326 1875 hibetur
345 1842 457 1881 fuiss‘e,
483 1842 536 1883 qui
555 1840 673 1882 scripsit
694 1843 748 1872 ω’ὲὲ
771 1842 1056 1879 θηλασπκρφτέιπως

197 1895 237 1916 ex
256 1891 319 1926 quo
338 1892 434 1926 opere
451 1882 540 1920 sunt,
556 1883 610 1923 qui
626 1883 712 1923 ajunt
729 1881 896 1914 Eusebium
916 1882 1059 1923 deprom-

197 1926 285 1965 fiffe,
310 1936 381 1966 quae
400 1925 430 1956 in
452 1925 590 1956 Chronico
612 1932 763 1955 memorat
779 1924 816 1955 de
843 1923 909 1962 his,
934 1924 985 1964 qui
1005 1933 1060 1964 per

196 1967 297 1998 varias
319 1966 427 1998 mundi
453 1974 561 1997 aetates
586 1965 752 2006 imperium
768 1965 862 1996 maris
880 1964 1058 1997 obtinuere.

197 2008 316 2040 Sei-iem
341 2006 467 2039 Eusebii
493 2006 622 2037 exhibet
653 2005 721 2037 fere
753 2006 903 2038 Seldenus
931 2006 1001 2037 Lib.
1034 2005 1058 2037 I.

200 2049 284 2080 Ilffar.
309 2049 346 2079 cl.
373 2049 405 2079 C.
430 2057 478 2079 10.
500 2046 661 2078 recensens
678 2047 787 2078 ordine
804 2047 897 2078 maris
913 2047 1059 2078 dominos

198 2089 364 2122 Cretenses
381 2112 390 2128 ‚
424 2088 531 2130 Lydos
547 2111 556 2126 ,
590 2087 734 2128 Pelasgos
749 2111 759 2127 ,
791 2087 953 2125 Thraces,
976 2087 1058 2119 Rho-

195 2131 285 2169 dios,
310 2130 469 2172 Phryges,
495 2129 647 2170 Cyprios,
667 2129 853 2166 Phoenices,
867 2129 1056 2170 AEgyptios,

196 2171 360 2209 Milesios,
384 2171 499 2209 Cares,
527 2170 676 2209 Lesbios,
703 2169 925 2207 Phocaeenses,
949 2169 1058 2201 Corin-

199 2213 303 2251 thios,
330 2212 439 2250 lenes,
462 2211 608 2249 Naxios,
629 2210 820 2243 Eretrienses
837 2212 867 2242 ὅ(
887 2211 1056 2252 AEginetas.

196 2253 251 2286 De
283 2253 477 2285 Cretensium
500 2253 633 2292 imperio
660 2252 820 2283 maritimo
849 2252 938 2292 plura
966 2252 1058 2283 habet

198 2294 357 2327 Meursius
376 2295 408 2326 in
428 2295 513 2325 Creta
529 2294 601 2325 Lib.
620 2292 677 2325 ΙΙΙ.
697 2294 729 2325 C.
754 2304 785 2334 3.
809 2293 847 2324 de
867 2292 1058 2334 Cypriorum

197 2338 231 2368 in
253 2337 343 2376 Cypro
361 2335 431 2367 Lib.
456 2335 495 2366 Il.
522 2335 552 2366 C.
579 2345 628 2376 23.
648 2334 687 2365 de
704 2334 901 2366 Rhodiorum
926 2335 956 2366 in
979 2333 1057 2365 Rho-

200 2379 233 2408 do
253 2378 324 2409 Lib.
347 2376 368 2408 Ι.
398 2377 430 2408 C.
458 2386 504 2416 17.
530 2376 654 2407 Exinde
678 2375 828 2408 Seldenus
851 2376 910 2406 eod.
928 2375 997 2406 Lib.
1025 2376 1057 2407 C.

197 2418 258 2451 XI.
284 2417 360 2450 ΧΠ.
378 2418 413 2452 &²
427 2418 508 2459 seqq.
532 2416 864 2454 Lacedaemoniorum,
887 2417 1058 2448 Athenien-

197 2459 294 2498 sium,
318 2459 516 2499 aliorumque
534 2458 675 2489 exercita
692 2458 767 2489 mari
787 2457 915 2498 imperia
932 2467 1059 2498 percen-

198 2500 263 2538 set,
289 2499 474 2530 testantibus
499 2500 532 2530 id
558 2499 653 2540 prisci
688 2499 748 2529 aevi
774 2499 962 2530 auctoribus.
1008 2498 1058 2529 De

198 2540 451 2573 Lacedaemoniis
480 2540 548 2570 addi
581 2538 711 2579 potest,
744 2540 829 2580 quod
854 2540 953 2570 refert
986 2539 1057 2571 Plu-

199 2581 325 2612 tarehus
345 2580 538 2624 Apophtegm.
564 2580 676 2611 Lacon.
691 2585 724 2618 p.
737 2589 773 2610 m.
793 2589 867 2620 414.
885 2582 914 2612 ἃ
926 2582 960 2611 cle
977 2580 1056 2612 Ani-

200 2624 241 2653 mi
260 2622 438 2662 tranquilla.
460 2627 492 2661 p.
516 2631 553 2652 m.
574 2629 646 2660 254.
672 2619 707 2654 ἐξ
726 2623 797 2660 264.
816 2619 867 2651 sed
885 2621 960 2662 quid
978 2631 1057 2662 opus

200 2662 248 2695 est
274 2663 442 2703 quicquam
464 2661 594 2700 addere,
620 2669 692 2691 cum
711 2660 862 2692 Seldenus
878 2661 1060 2702 Burgusque

200 2713 257 2745 per
274 2704 363 2735 mille
387 2711 514 2734 currant
537 2702 681 2743 exempla
698 2701 728 2732 &
746 2701 967 2741 auctoritates,
992 2702 1059 2743 qui-

199 2746 259 2777 bus
274 2754 314 2776 ex
340 2744 426 2775 omni
455 2744 603 2775 memoria
629 2741 846 2775 confirmatum
867 2751 943 2774 eunt
960 2743 1059 2775 domi-

199 2786 288 2817 nium
305 2785 399 2817 maris
416 2794 509 2825 penes
538 2783 669 2816 Graecos
688 2783 929 2824 Romanosque3
954 2793 1058 2815 recen-

199 2827 289 2858 tioris
317 2826 377 2858 aevi
405 2826 550 2866 exempla
579 2834 637 2858 nec
662 2832 790 2861 moror,
814 2833 873 2855 nec
900 2825 1060 2865 Burgum,

199 2867 263 2899 late
279 2877 315 2899 ea
334 2867 615 2908 depraedicantem‚
639 2865 742 2897 audio.
787 2865 868 2896 Satis
888 2865 979 2896 nobis
999 2865 1059 2896 esse

200 2909 321 2950 negotii
350 2907 475 2939 vzdctur
499 2918 570 2940 cum
593 2907 663 2949 ipsis
689 2906 860 2944 Romanis,
883 2915 962 2948 quos
983 2907 1057 2938 mari

203 121 273 166 136
927 123 1035 149 vAN

1108 110 1706 149 BYNKERSHOEK

1107 192 1271 234 aliquando
1287 190 1426 233 perfecte
1440 191 1601 233 imperaffe
1618 191 1838 234 probavimus,
1856 194 1962 236 utique

1107 232 1177 265 satis
1201 243 1272 264 eum
1300 232 1442 271 Graecis,
1464 233 1486 265 fi
1510 234 1700 265 vocabulum
1717 236 1958 276 Samara-angant„

1106 284 1170 315 quo
1197 275 1371 315 Scriptores
1389 272 1494 305 Graeci
1513 274 1696 316 plerumque
1719 282 1851 307 utuntur
1869 277 1900 308 in
1917 286 1961 309 re-

1106 315 1163 347 bus
1189 325 1260 346 cum
1283 315 1344 347 suis
1371 322 1437 346 tum
1463 315 1677 347 Romanorum
1703 316 1875 356 tradendis,
1899 327 1960 352 non

1993 0 2007 36 «i

1988 53 2008 85 (Ὗ

1997 168 2000 178 i

1993 185 2008 219 ,i

1105 356 1256 397 significet
1273 358 1363 387 maris
1387 357 1513 387 obtinere
1542 358 1710 397 imperium,
1737 356 1787 388 sed
1810 357 1961 393 duntaxat
2001 353 2003 357 ¹

1099 395 1236 443 proestare
1255 399 1342 438 copiis
1359 398 1536 435 navalibus,
1559 399 1635 429 mari
1647 397 1868 439 potentiffimum
1886 399 1957 441 effe,
2003 398 2005 400 ’

1106 447 1149 469 ita
1165 446 1275 470 contra
1303 439 1433 479 vulgum
1454 438 1593 479 disputat
1610 439 1813 471 Casaubonus
1833 440 1870 471 ad
1888 442 1958 475 Lib.

1107 479 1131 512 Ι.
1156 479 1282 521 Polybii
1300 485 1333 520 p.
1357 489 1426 516 209·
1473 479 1516 511 Et
1540 479 1611 512 sane
1639 490 1749 512 verum
1771 479 1834 520 est,
1857 484 1962 514 saza,-
2003 498 2006 523 3

1107 525 1234 558 ‹mea-115⁹
1244 520 1431 561 quandoque
1443 530 1506 553 non
1522 521 1606 553 aliud
1621 521 1683 553 esse
1697 531 1788 562 quam
1802 527 1962 562 ιοωακςᾳπῒο

1102 560 1237 602 praejsare
1259 563 1401 600 navibus,
1426 571 1487 592 nec
1504 569 1608 595 tamen
1625 564 1727 595 minus
1743 573 1872 603 verum,
1895 573 1962 598 eam

1107 612 1219 633 vocem
1249 601 1360 643 saepius
1393 600 1531 643 usurpari
1563 604 1599 635 ad
1632 605 1840 636 denotandum
1871 607 1962 640 maris

1107 644 1272 684 imperium
1291 665 1302 680 ,
1326 651 1361 674 ut
1387 643 1541 689 optimum
1563 646 1733 677 maximum
1756 646 1801 678 est
1824 646 1874 678 vel
1902 645 1962 679 esse

1105 684 1218 725 potest.
1266 684 1369 724 Hujus
1392 693 1437 715 rei
1463 694 1681 725 argumentum
1705 687 1749 719 est
1769 688 1800 719 in
1817 688 1914 729 pactis
1932 689 1981 721 &.

1105 725 1297 763 foederibus,
1319 725 1431 765 quibus
1454 728 1741 764 θιηασστκρφπῖπωπς
1763 738 1803 760 ex
1825 728 1962 762 formula

1106 767 1227 808 imperii
1245 769 1395 812 yetabant
1413 766 1473 797 huc
1489 767 1541 798 vel
1561 768 1638 799 illue
1651 769 1811 810 navigare,
1835 769 1892 800 hac
1911 770 1962 803 vel

1105 809 1159 839 illa
1178 817 1272 847 navi,
1299 808 1329 839 δι
1347 817 1416 848 quae
1444 807 1563 848 reliqua
1593 809 1663 841 sunt
1682 810 1811 850 perfecti
1833 810 1965 844 dominii

1104 849 1237 887 indicia3
1261 849 1349 888 pasta
1373 849 1526 888 ejusmodi
1545 850 1574 881 ὃς
1593 849 1712 882 foedera
1739 850 1857 883 Grotio
1869 873 1880 889 ,
1902 852 1963 884 Sel-

1102 891 1184 922 deno
1203 914 1212 929 ,
1243 891 1348 931 Burgo
1377 891 1523 921 certatim
1555 891 1637 923 dicta
1667 891 1745 924 sunt.

1103 932 1188 974 quod
1213 932 1343 963 verbum
1370 934 1595 971 &azae-augam
1611 955 1622 971 ,
1658 941 1692 964 ut
1721 940 1757 965 ut
1780 934 1910 975 vulgare
1930 934 1963 967 in

1101 976 1164 1006 hoc
1180 980 1384 1015 argumento,
1394 982 1458 1004 non
1475 981 1576 1005 tamen
1591 973 1711 1015 semper
1726 974 1961 1017 frequentetur,

1102 1016 1268 1056 aliquando
1285 1017 1370 1053 ἅρχων
1390 1016 1431 1044 τῆς
1448 1015 1583 1046 θαλάσσης
1597 1038 1606 1054 ,
1618 1019 1741 1050 zamam
1759 1021 1800 1048 τῆς
1812 1019 1961 1058 Suadeam,

1102 1060 1191 1092 κύωον
1206 1058 1289 1093 γίυειῧζ
1305 1059 1343 1087 ’ὣς
1359 1056 1441 1094 ἵξχῆς
1457 1058 1498 1090 τῆς
1515 1059 1547 1092 »65
1562 1059 1705 1087 &sizaram
1716 1081 1725 1095 ,
1748 1058 1778 1090 &
1794 1068 1863 1099 quae
1883 1057 1962 1091 fimi-

1103 1099 1144 1131 lia
1161 1097 1343 1135 observavi,
1357 1096 1449 1127 unice
1465 1098 1623 1137 arguendo
1639 1099 1731 1130 maris
1748 1099 1881 1140 imperio
1898 1099 1964 1132 ido-

1104 1149 1173 1171 nea.
1227 1139 1372 1178 Denique
1396 1137 1530 1168 Romani
1564 1138 1705 1172 Romane
1737 1140 1905 1181 loquentes
1933 1141 1964 1174 &

1105 1180 1193 1212 suum
1221 1181 1251 1211 &
1275 1179 1408 1210 aliorum
1433 1185 1505 1210 ante
1533 1178 1616 1219 ipsos
1645 1180 1675 1212 in
1697 1181 1773 1212 mari
1798 1181 1965 1222 imperium

1105 1231 1168 1253 non
1186 1220 1277 1252 semel
1292 1219 1426 1251 rotunde
1445 1220 1523 1250 adeo
1543 1220 1776 1261 expresserunt,
1799 1231 1835 1253 ut
1850 1232 1891 1254 ex
1907 1232 1964 1255 vo-

1105 1263 1218 1294 cabulo
1235 1262 1386 1302 ambiguae
1404 1260 1486 1301 apud
1503 1258 1636 1292 Graecos
1648 1261 1882 1303 significationis
1893 1263 1964 1296 haec

1103 1302 1284 1345 subvertere
1303 1303 1341 1335 sit
1361 1301 1459 1334 nefas.
1501 1305 1504 1309 '

1146 1344 1303 1376 Cae'teruin
1322 1344 1362 1376 de
1377 1343 1425 1375 his
1442 1342 1594 1376 Gentium
1612 1344 1814 1386 exemplisita
1830 1345 1963 1380 habeto:

1101 1385 1147 1415 ἐπ
1173 1387 1279 1424 m'v7ae,
1302 1386 1346 1414 ἕτε
1371 1386 1501 1424 ‘miii-ww,
1524 1386 1568 1414 ἔτι
1593 1388 1669 1425 w&
1691 1386 1798 1418 πάντων.
1844 1387 1966 1422 Verofi-

1101 1427 1176 1459 mile
1191 1426 1256 1465 est,
1270 1428 1334 1458 imo
1351 1435 1460 1458 verum
1471 1451 1481 1466 ,
1492 1427 1675 1467 quibusdam
1691 1428 1816 1469 populis
1832 1427 1962 1471 adscrip-

1102 1477 1170 1500 tum
1186 1468 1247 1500 effe
1258 1468 1348 1500 maris
1365 1468 1557 1507 dominium,
1568 1469 1619 1510 qui
1634 1469 1713 1501 illud
1730 1469 1782 1501 vel
1795 1479 1963 1512 nunquam,

1101 1511 1153 1542 vel
1177 1520 1240 1542 non
1264 1519 1326 1541 tam
1352 1509 1425 1555 diu,
1450 1519 1541 1550 quain
1561 1510 1659 1552 vulgo
1679 1510 1801 1550 fertur,
1821 1510 1964 1544 obtinue-

1102 1559 1185 1583 runt.
1231 1552 1320 1592 Saepe
1336 1550 1490 1582 creditum
1507 1549 1552 1582 est
1564 1575 1574 1590 ,
1597 1552 1771 1592 potentiam
1791 1552 1932 1585 navalem
1946 1563 1965 1592 a

1102 1593 1244 1624 dominio
1268 1592 1360 1624 maris
1386 1601 1449 1623 non
1466 1591 1613 1631 differre,
1637 1601 1732 1634 atque
1750 1593 1829 1625 adeo
1844 1602 1904 1626 nec
1920 1594 1962 1627 la-

1104 1641 1208 1665 trones
1233 1633 1407 1665 maritimos
1422 1642 1439 1664 a
1463 1633 1555 1665 maris
1573 1634 1728 1666 dominis:
1753 1644 1848 1675 quare
1868 1635 1966 1668 habiti

1102 1674 1174 1707 sunt
1190 1674 1357 1716 aliquando
1371 1678 1459 1709 κάμοι
1474 1678 1514 1705 τῆς
1535 1677 1692 1714 θαλάσσης,
1713 1676 1766 1717 qui
1785 1685 1824 1708 ne
1839 1676 1964 1717 quidem

1102 1726 1186 1748 mare
1207 1722 1414 1757 occuparant,
1440 1715 1502 1747 hoc
1524 1715 1591 1755 est,
1621 1717 1726 1749 animo
1752 1716 1804 1750 fibi
1831 1717 1964 1750 habendi

1101 1766 1189 1789 erant
1217 1756 1361 1798 ingrefli,
1391 1757 1444 1789 vel
1470 1758 1523 1799 qui
1552 1768 1616 1790 non
1645 1758 1725 1798 juste
1750 1767 1963 1798 occuparant,

1101 1798 1152 1830 sed
1169 1799 1200 1830 vi
1223 1799 1332 1838 majori
1359 1798 1492 1830 turbatis
1514 1799 1687 1839 depulsisve
1704 1799 1782 1831 aliis.
1825 1799 1962 1840 Rursus,

1101 1840 1166 1872 sola
1184 1840 1373 1881 occupatio,
1388 1839 1450 1871 fine
1465 1839 1649 1881 possessione
1663 1841 1828 1879 continua,
1845 1840 1963 1872 &olim

1104 1882 1134 1913 &
1156 1890 1238 1913 nunc
1264 1882 1357 1912 etiam
1383 1882 1502 1922 magnis
1527 1881 1611 1914 Viris
1630 1882 1749 1913 credita
1763 1881 1805 1913 est
1823 1880 1964 1914 sufficere

1102 1923 1139 1953 ad
1158 1922 1248 1953 maris
1266 1922 1430 1963 imperium
1445 1921 1645 1954 adserendum
1656 1945 1666 1960 ,
1680 1922 1730 1954 vel
1747 1921 1964 1964 poffeffionem

1102 1963 1124 1996 fi
1141 1963 1331 2002 desiderent,
1345 1962 1413 1995 solo
1430 1973 1497 1994 eam
1515 1973 1620 1995 ammo
1638 1963 1747 1995 solove
1764 1972 1898 2004 corpore
1914 1971 1962 1995 tu-

1103 2012 1218 2036 tantur.
1242 2003 1328 2035 Hinc
1344 2011 1406 2035 tam
1426 2003 1514 2044 spissa
1533 2004 1726 2043 testimonia,
1744 2014 1814 2045 quae
1825 2013 1884 2045 pro
1893 2013 1963 2046 cap·

1103 2053 1138 2077 tu
1153 2045 1281 2086 quisque
1297 2043 1352 2075 suo
1367 2044 1544 2084 depromsit.
1580 2044 1694 2086 Neque
1714 2053 1816 2077 tamen
1836 2045 1910 2076 licet
1925 2054 1962 2077 ea

1102 2094 1219 2117 temere
1233 2085 1298 2117 falsi
1319 2085 1494 2126 postulare,
1520 2095 1592 2117 curn
1619 2086 1648 2117 in
1667 2093 1751 2118 tanta
1770 2085 1963 2118 obscuritate

1102 2127 1218 2159 veteris
1237 2127 1294 2158 aevi
1311 2125 1504 2164 nesciamus,
1527 2125 1711 2163 Cretenses,
1736 2126 1839 2168 Lydi,
1861 2126 1962 2160 Pelas-

1102 2169 1133 2215 gi
1151 2169 1180 2200 ὃ(
1200 2168 1252 2209 qui
1269 2167 1417 2208 deinceps
1435 2176 1760 2206 memorantur-‚mare
1775 2177 1885 2200 revera
1915 2178 1962 2203 os-

1103 2209 1236 2242 sederint
1252 2218 1290 2239 eo
1306 2217 1467 2249 tempore,
1490 2218 1553 2249 quo
1579 2208 1648 2250 ipsis
1663 2209 1836 2240 dominium
1853 2210 1892 2241 tri
1917 2209 1961 2241 ui-

1103 2261 1172 2289 tur,
1197 2259 1256 2281 nec
1271 2259 1321 2281 ne.
1342 2250 1463 2281 Scimus
1480 2249 1640 2281 Romanos
1655 2259 1729 2281 vere
1745 2249 1906 2291 possedisse
1925 2259 1961 2282 ac

1101 2293 1169 2333 jure
1188 2290 1243 2322 suo
1260 2289 1398 2322 habuisse
1416 2300 1500 2322 mare
1515 2291 1784 2323 Mediterraneum
1801 2293 1829 2322 &
1844 2291 1964 2324 Britan-

1101 2333 1206 2366 nicum
1216 2355 1226 2370 ,
1236 2331 1286 2363 sed
1303 2332 1465 2373 ecquando
1482 2331 1610 2372 praecise
1624 2331 1774 2374 possidere
1789 2332 1960 2372 coeperint,

1102 2373 1357 2416 poss'effionemve
1383 2371 1577 2412 remiserint,
1600 2382 1692 2405 nemo
1714 2371 1808 2403 facile
1825 2372 1960 2412 dixerit,

1102 2424 1203 2455 neque
1216 2414 1294 2445 adeo
1311 2413 1440 2454 praecise
1458 2414 1666 2445 vindicaverit
1686 2412 1736 2443 vel
1755 2411 1962 2451 refutaverit,

1103 2457 1154 2498 qui
1177 2465 1247 2487 cum
1268 2454 1432 2487 Cassandra
1457 2454 1537 2496 apud
1558 2452 1801 2495 Lycophronem
1817 2453 1856 2485 iis
1875 2454 1961 2485 occi-

1100 2505 1198 2536 nunt,

1182 2543 1228 2568 Γνᾷς
1250 2541 1272 2576 ιςὲ
1295 2536 1427 2568 &andum
1445 2539 1560 2574 oum&
1581 2539 1604 2574 νς
1625 2537 1774 2573 μοιαςχὶασ.

1100 2578 1230 2620 quaestio
1255 2578 1320 2618 ejus
1346 2577 1389 2608 rei
1418 2576 1554 2608 vertitur
1580 2576 1610 2607 in
1630 2575 1725 2607 fatto.
1772 2575 1805 2608 ld
1835 2584 1959 2617 autem,

1102 2619 1361 2660 quemadmodum
1375 2627 1432 2649 nos
1449 2616 1529 2689 saeffe
1548 2616 1625 2648 latet
1642 2617 1672 2648 in
1694 2616 1822 2648 historia
1842 2625 1960 2659 tempo-

1102 2662 1144 2692 ris
1158 2660 1299 2700 antiqui,
1323 2658 1364 2691 sic
1380 2667 1443 2689 non
1464 2666 1481 2688 e
1518 2679 1529 2696 ‚
1551 2667 1587 2688 ut
1606 2666 1698 2689 aetate
1715 2657 1819 2690 nostra
1834 2659 1961 2700 aliquod

1102 2703 1195 2734 maris
1216 2700 1317 2731 exteri
1341 2698 1514 2730 dominium
1537 2699 1628 2730 nobis
1647 2699 1772 2730 obtrudi
1788 2700 1962 2741 patiamur,

1103 2750 1218 2783 utpote
1234 2741 1347 2782 quibus
1360 2740 1460 2779 palam
1478 2739 1620 2777 constat,
1631 2740 1752 2771 nullum
1769 2740 1862 2772 hodie
1877 2750 1961 2773 mare

1102 2783 1140 2814 ab
1158 2783 1224 2814 ullo
1241 2781 1382 2822 possideri
1394 2788 1501 2819 ,certe
1539 2789 1575 2812 ro
1591 2781 1776 2821 poffeffione
1789 2781 1960 2818 habendum

1102 2833 1166 2855 non
1190 2822 1272 2861 esse,
1295 2821 1380 2863 quod
1404 2821 1442 2853 ad
1466 2821 1498 2854 in
1529 2831 1560 2853 ar
1584 2821 1650 2862 ejus
1668 2821 1827 2855 nonnullis
1845 2821 1975 2865 fingere*

1101 2864 1229 2905 placuit.

1856 3221 1954 3260 CA-

2003 536 2006 552 1

1800 893 1935 925 Accedit
1950 916 1962 933 ‚
1981 910 1988 930 χ
