2008 3436
473 106 873 145 CORNELII

219 190 262 221 rit
275 210 285 227 ,
307 188 378 220 satis
395 187 590 220 manifestum
606 188 650 220 est
661 213 670 228 ,
687 190 717 220 id
734 188 826 220 fuisse
842 187 1071 228 iniquissimum.

219 230 282 263 His
299 229 442 261 omnibus
454 253 463 269 ,
489 240 557 271 quae
578 230 657 269 dixi,
675 230 795 262 accedit
807 230 909 270 ‚quod
926 230 957 260 in
977 230 1003 260 d.
1024 228 1069 269 ἓξ.

226 280 274 312 13.
304 280 352 302 10.
369 270 404 305 {5⁹
426 280 470 308 19.
489 271 568 302 nibil
585 272 667 303 aliud
684 271 888 308 convenerit,
912 280 1002 311 quani
1020 268 1072 299 vel

221 322 315 344 unam
331 321 435 343 navem
459 313 590 343 bellicam
608 313 702 353 Regis
724 312 842 352 Angliae
861 321 878 342 a
894 311 1005 344 nostris
1025 319 1074 341 na-

221 353 314 384 vibus
333 352 363 385 in
382 354 455 385 mari
468 354 650 386 Britannico
663 352 724 384 esse
742 352 926 384 salutandam
938 375 947 390 ,
961 360 1074 383 navem

221 402 325 426 autem
347 394 430 426 illam
449 394 595 426 lusoriam
612 403 668 435 pro
684 394 787 424 bellica
801 393 863 425 effe
886 393 1074 432 habendam,

221 445 287 467 non
303 435 374 467 satis
399 435 500 467 adhuc
527 436 602 466 mihi
627 435 768 473 constat,
798 443 885 466 certe
901 444 1005 466 earum
1020 444 1072 465 na-

220 477 330 515 vium,
352 486 424 517 quas
444 477 574 517 Jacbzen
592 485 761 513 vocamus,
785 476 884 507 ullum
909 476 941 507 in
957 475 1074 515 praeliis

219 518 382 563 navalibus
398 517 459 549 effe
479 515 565 549 usum
576 539 586 556 ,
609 525 668 548 nec
687 516 809 558 legere,
831 526 891 549 nec
905 516 1010 548 audire
1024 525 1074 548 me

218 568 359 591 memini.

261 599 558 641 Quomodocunque
580 605 685 630 autem
708 598 763 630 illa
779 599 870 631 Pacta
887 598 1073 639 interprete-

217 640 279 677 ris,
303 649 357 677 ea,
381 650 472 681 quam
496 641 583 678 dixi,
606 639 695 672 causa
721 640 839 672 bellurn
867 640 1004 671 indicere
1032 639 1073 671 fic

218 680 292 712 satis
320 680 364 712 est
388 681 548 721 iniquum,
572 680 744 722 praesertim
769 690 865 721 quum
883 681 1017 713 Ordines
1040 680 1072 712 id

217 720 325 753 Claffis
351 721 410 754 suae
427 721 543 754 fadum
559 731 621 754 non
638 730 757 754 tantum
774 731 837 753 non
852 722 1071 762 probaverint,

215 771 326 793 verum
348 764 378 794 &
399 763 519 803 Legato
543 763 654 804 Regis,
677 763 716 794 ad
732 762 761 796 se
777 772 845 794 eam
862 763 904 794 ob
919 772 985 794 rem
1001 763 1073 793 mis-

215 802 268 849 so,
292 803 531 844 iignificaverint
547 804 658 845 (12),
683 804 714 835 in
731 803 908 845 posterum,
924 803 946 835 fi
961 804 1005 834 ita
1018 803 1075 834 Re-

215 854 248 885 gi
264 845 443 884 videretur,
469 854 552 877 totas
571 845 726 877 Ordinum
749 844 865 877 Claffes
883 845 934 876 vel
953 844 1004 876 uni
1021 854 1072 876 na-

217 886 250 916 vi
279 885 385 925 Regiae
412 886 482 917 vela
502 887 532 918 ὅ(
553 886 681 927 insignia
703 885 755 917 sua
779 885 841 917 effe
859 885 1071 918 submiffuras:

214 926 415 959 invitiffimos
436 927 551 968 quippe
578 927 712 959 Ordines
736 927 768 958 in
787 927 818 958 id
842 926 958 959 bellum
975 927 1073 958 traxit

214 966 309 1006 Rex,
333 967 402 1008 ipiis
430 968 557 1010 Anglis,
580 968 633 1009 qui
658 967 851 1000 cordatiores
868 975 978 1006 erant,
1002 977 1072 999 cau·

214 1008 278 1040 sam
299 1009 374 1041 belli
393 1009 575 1041 ridentibus.
601 1009 748 1042 Ceterum
765 1008 939 1049 composito
956 1018 995 1039 eo
1009 1009 1073 1040 bel-

214 1050 265 1089 10,
291 1051 392 1082 omnis
409 1050 581 1091 disputandi
605 1050 694 1082 causa
718 1051 750 1082 in
776 1049 930 1090 posterum
968 1048 1073 1081 raecisa

216 1091 283 1130 est,
306 1092 423 1124 namin
443 1092 469 1133 ᾗ.
502 1102 532 1132 4.
557 1091 646 1123 Pacis
668 1092 749 1122 inter
777 1090 924 1123 Carolurn
944 1059 1071 1122 111111-

215 1132 288 1172 gliae
301 1133 419 1173 Regem
433 1135 462 1165 ὅ(
481 1133 615 1165 Ordines
633 1131 801 1164 Generales
821 1141 868 1169 19.
881 1131 971 1162 Febr.
983 1135 1071 1172 1674.

215 1173 233 1214 (
247 1174 312 1216 13)
329 1174 502 1211 convenit,
526 1181 681 1214 quotquot
699 1173 853 1205 Ordinum
877 1171 939 1204 five
958 1171 1074 1213 separa-

217 1223 260 1246 tae
284 1216 346 1247 five
377 1215 552 1255 conjunt'tae
576 1224 687 1253 naves,
713 1214 833 1246 bellicae
859 1213 989 1250 aliaeve,
1012 1212 1074 1243 Re-

214 1256 264 1296 gis
285 1256 457 1297 Anglorum
477 1257 527 1287 vel
546 1256 599 1287 uni
621 1256 712 1293 navi,
735 1264 803 1294 quae
821 1254 954 1293 Regium
970 1253 1077 1284 velum

214 1297 233 1336 (
244 1297 322 1338 acle)
336 1305 389 1328 aut
403 1295 537 1337 aplustre
549 1296 694 1333 haberet,
712 1295 839 1326 obviam
856 1294 947 1326 fatrae
966 1292 1078 1331 effent,

213 1307 380 1379 sgpparum
395 1338 412 1377 ζ
428 1337 507 1377 Top-
518 1337 600 1377 zeil)
619 1338 649 1369 &
664 1335 817 1368 summum
831 1333 991 1375 aplustre(
1005 1333 1076 1374 Τορ-

215 1380 336 1419 winipel
359 1388 419 1409 van
446 1379 479 1408 de
501 1383 583 1419 grate
602 1375 702 1418 mast)
733 1375 953 1408 submitterent
977 1375 1006 1406 ὅ(
1026 1375 1076 1405 de-

213 1428 355 1458 merent,
378 1419 471 1459 idque
488 1419 573 1450 omni
593 1418 625 1450 in
645 1417 742 1456 mari,
766 1417 851 1458 quod
870 1416 1076 1456 Septemtrio-

215 1469 271 1493 nes
289 1460 307 1500 (
319 1463 339 1491 'c
359 1461 475 1491 midden
500 1469 562 1491 vam
592 1462 613 1490 ’t
627 1464 722 1500 punt,
746 1458 864 1500 gesegt,
897 1458 943 1489 het
973 1457 1077 1488 scaren

206 1503 286 1533 -lcmd
302 1503 334 1532 in
351 1500 569 1543 Noorwegen)
587 1500 616 1532 ὅ(
632 1500 907 1538 promontorium,
933 1498 1018 1539 quod
1033 1498 1077 1529 di-

214 1543 298 1575 citur
317 1540 400 1573 Finis
424 1542 534 1580 Terrae,
559 1541 734 1581 interjacet.
780 1540 883 1581 Atque
905 1539 936 1571 id
954 1539 1002 1579 jus
1018 1539 1076 1570 Re-

213 1584 245 1625 gi
262 1591 444 1625 competere
460 1583 594 1615 Ordines
609 1583 640 1614 in
657 1584 685 1613 d.
712 1581 739 1623 §.
764 1591 794 1622 4.
811 1580 962 1612 testantur
983 1578 1013 1611 se
1027 1589 1075 1620 ag-

212 1623 354 1657 noscere.
400 1623 465 1656 Usu
491 1623 613 1656 scilicet
638 1624 731 1654 maris
758 1624 788 1654 ὅ(
809 1622 913 1654 frustu
930 1621 1076 1652 contenti

214 1666 368 1703 Ordines,
392 1666 525 1697 aliorum
541 1664 726 1702 ambitioni,
748 1663 803 1696 sibi
823 1672 888 1695 non
906 1662 1073 1701 damnosae‚

214 1708 297 1739 haud
315 1706 489 1738 difficulter
507 1706 632 1738 cedunt.

258 1747 329 1779 Hac
346 1747 509 1780 occasione
532 1756 659 1788 quaero,
681 1746 702 1779 fi
719 1756 778 1788 qua
796 1746 883 1778 navis
895 1768 906 1784 ,
930 1745 972 1777 ob
989 1754 1076 1777 reve-

212 1790 346 1821 rentiam
369 1789 422 1821 alii
438 1799 503 1821 non
526 1787 692 1829 praestitam
705 1811 714 1826 ,
748 1787 904 1820 hostiliter
922 1795 1078 1828 excepta,

213 1831 352 1872 patiatur
375 1830 540 1867 damnum,
563 1839 600 1861 an
623 1829 655 1860 id
670 1829 814 1860 damnum
835 1828 871 1860 fit
888 1837 1075 1867 commune,

214 1879 308 1912 atque
331 1871 353 1903 fi
375 1871 473 1911 1361113
497 1871 573 1902 ess‘et
598 1869 698 1913 1361113
708 1870 724 1902 22
747 1870 790 1901 Et
811 1868 909 1901 refert
930 1868 1078 1901 Weitsen

214 1914 248 1944 de
270 1913 399 1944 Avariis
423 1911 451 1953 §.
475 1917 570 1944 voorts
598 1921 644 1942 200
664 1912 712 1942 bel)
729 1912 759 1943 ik
776 1920 827 1947 29.
851 1909 892 1942 fic
911 1909 1078 1942 obtinuisse

214 1964 297 1986 anno
316 1962 406 1994 1545.
431 1963 504 1986 cum
519 1952 607 1985 navis
623 1952 741 1984 Bellica
758 1952 852 1993 Regis
870 1950 1008 1982 Franciae
1029 1960 1079 1983 na-

212 1996 245 2027 vi
269 1995 466 2033 Zelandicae,
489 1994 574 2036 quod
599 1992 734 2034 aplustre
751 1991 838 2024 suum
854 2001 918 2023 non
937 1991 1079 2024 submise-

213 2045 281 2075 rat,
306 2037 414 2077 ingens
438 2036 585 2067 damnum
611 2034 759 2073 dedisset,
785 2034 815 2066 &
830 2034 872 2066 sic
890 2032 1076 2071 obtinuisse,

214 2078 286 2118 quia
301 2077 331 2108 id
348 2077 495 2108 damnum
522 2074 705 2107 censebatur
722 2082 888 2115 acceptum
907 2083 964 2115 pro
981 2073 1080 2106 salute

212 2118 315 2151 navis
328 2118 358 2150 &
376 2118 497 2155 oneris;
521 2116 625 2158 quod,
649 2117 750 2156 inquit
777 2114 922 2147 Weitsen
933 2137 945 2153 ,
966 2114 1078 2146 deinde

211 2160 258 2191 ita
271 2166 397 2190 cautum
414 2156 459 2189 est
476 2157 502 2198 §.
530 2162 579 2192 28.
625 2157 744 2197 Legum
763 2155 968 2188 Nauticarum
986 2154 1079 2187 Caro-

214 2201 239 2232 li
254 2200 295 2232 V.
324 2209 370 2236 19.
395 2199 453 2239 ]ul.
482 2207 574 2240 1551.
597 2198 699 2239 (14).
746 2197 806 2229 Sed
828 2206 888 2238 ego
904 2205 939 2227 ea
958 2195 1078 2229 senten-

214 2242 258 2273 tia
273 2250 337 2276 non
347 2248 437 2278 utor,
459 2249 560 2280 neque
575 2239 658 2271 enim
675 2238 821 2270 damnum
839 2247 1008 2270 commune
1022 2236 1078 2276 est,

212 2282 269 2315 nifi
287 2281 372 2323 quod
388 2281 543 2322 accipitur
557 2289 615 2321 pro
633 2278 731 2311 salute
746 2279 927 2317 communi,
951 2279 980 2310 ὅ(
994 2279 1078 2321 quod

204 2323 390 2364 -accipitur,
412 2321 433 2353 fi
449 2321 608 2354 neceffitas
625 2328 750 2361 urgeat,
773 2318 1008 2361 praesentiffimo
1025 2328 1076 2351 na-

214 2365 265 2396 vis
281 2364 448 2404 onerisque
463 2362 615 2404 periculo.
647 2362 679 2393 Si
693 2360 820 2393 Francis
839 2359 973 2401 aplustre
989 2359 1077 2392 suurn

213 2404 392 2438 submififfet
404 2405 493 2437 navis
507 2403 675 2437 Zelandica
685 2425 696 2442 ,
720 2411 786 2435 non
799 2401 901 2435 minus
909 2422 921 2440 ,
943 2401 1076 2443 opinor,

222 114 292 149 280
943 115 1075 143 VAN*

766 2500 1125 2538 CAPUT

1983 3 1989 27 1

1124 103 1718 141 BYNKERSHOEK
1990 93 2008 164 &j

1985 157 1989 173 l
2006 156 2008 173 l

1116 186 1180 217 imo
1204 185 1299 224 inagis
1321 184 1407 216 navis
1432 184 1575 224 bonaque
1601 183 1681 214 salva
1704 182 1850 222 fuissent,
1880 193 1968 228 atque
1988 175 2008 232 ί

1115 226 1136 259 fi
1151 236 1221 258 cum
1238 224 1364 257 Francis
1382 233 1549 265 pugnatum
1568 224 1654 256 ell'et.
1678 223 1776 256 Dices
1792 225 1892 265 forte,
1934 239 1966 260 ro
1993 248 2004 269 Ἰ.

1116 268 1268 308 dignitate
1306 267 1500 306 Reipublicae
1536 266 1660 297 Francis
1691 265 1831 298 restitum
1855 266 1900 298 fui
1927 279 1966 310 e,
1988 271 2005 309 [Ι

1117 310 1192 349 quin
1210 309 1238 340 δι
1255 308 1316 340 fine
1334 308 1424 347 culpa
1434 306 1568 347 aplustre
1585 306 1722 338 submitti
1743 316 1806 338 non
1825 309 1967 351 potuisse,
2002 302 2008 327 ¹

1116 358 1189 381 611111
1205 349 1235 380 id
1251 357 1394 389 vergeret
1411 349 1442 379 in
1456 348 1660 389 opprobrium
1678 347 1876 388 Reipublicae.
1913 351 1968 384 Sed

1115 400 1151 421 ea
1176 390 1258 422 ratio
1282 391 1388 427 valet,
1413 398 1447 420 ut
1472 389 1607 429 pi·obe:S,
1629 397 1718 426 cuin,
1741 389 1794 429 qui
1816 389 1905 423 aliam
1921 401 1966 425 na·
2006 413 2008 421 2

1116 440 1187 462 vem
1205 430 1357 471 aggressus
1374 429 1417 462 cst
1430 455 1439 469 ,
1463 440 1524 461 non
1546 430 1643 460 teneri
1661 429 1699 460 de
1713 429 1826 461 damno
1844 431 1897 470 iis,
1939 433 1968 466 ui
1996 436 2008 466 ‘2

1116 473 1145 504 &
1168 472 1222 513 ipsi
1249 473 1280 503 in
1309 472 1543 511 oppugnatione
1563 473 1709 502 damnum
1728 470 1798 511 paffi
1816 470 1904 511 sunt,
1919 442 1970 519 Ἢ,
1998 471 2008 489 ”

1116 513 1168 553 0111
1195 512 1347 554 aggressus
1367 512 1434 550 est,
1456 513 1524 553 jure
1549 513 1641 544 licito
1658 510 1808 552 aggressus
1834 513 1887 552 iit,
1910 523 1969 550 non
1996 529 2000 549 ι

1116 562 1220 585 autem
1237 553 1340 591 valet,
1365 562 1399 584 ut
1417 554 1547 593 probes,
1570 553 1606 584 ad
1624 553 1749 584 alterius
1767 553 1909 586 damnum
1923 564 1967 588 re-
1998 554 2008 590 ,¹

1116 595 1281 635 parandum
1296 595 1390 625 etiam
1406 595 1483 626 alios
1498 595 1698 626 contribuere
1714 602 1879 634 oportere,
1899 605 1967 635 cum
1998 594 2008 635 ζ’

1115 645 1179 667 11011
1204 645 1260 676 pro
1286 635 1342 673 iis,
1368 634 1417 666 sed
1442 644 1499 675 pro
1516 636 1670 676 dignitate
1690 634 1842 676 Principis
1858 641 1966 678 pugn*
1998 623 2008 655 '=

1116 685 1182 708 tum
1206 675 1260 708 est.
1303 675 1487 708 Navarchus
1511 677 1595 708 navis
1616 676 1743 708 Bellicae
1770 676 1851 707 recte
1872 678 1967 720 exigit
2007 699 2008 702 =

1115 717 1323 749 reverentiam
1339 717 1477 758 Principi
1495 716 1549 748 suo
1565 727 1604 749 ex
1624 717 1723 748 Facitis
1742 724 1796 748 aut
1810 718 1867 749 alia
1884 720 1970 754 ratio-
2007 724 2008 728 ’

1117 768 1157 791 ne
1179 758 1334 797 debitam,
1361 758 1411 797 &,
1437 757 1493 790 nifi
1519 760 1643 800 exigat,
1668 759 1701 790 in
1723 758 1799 789 dolo
1818 759 1868 790 vel
1882 759 1969 802 culpi
2006 763 2008 803 ,³

1118 799 1172 832 est.
1217 798 1401 831 Navarcbus
1419 808 1521 830 autem
1539 800 1627 831 navis
1646 799 1796 831 onerariae
1816 809 1869 832 aut
1884 801 1971 837 deba
2007 820 2008 823 =

1117 840 1347 877 reverentiam,
1371 849 1462 880 quam
1478 840 1556 872 alius
1573 841 1699 881 exigit,
1722 848 1774 872 aut
1791 850 1852 873 non
1870 841 1908 874 de
1936 839 1937 845 ¹
1959 848 1962 851 ’
2007 845 2008 879 ἶ

1116 883 1149 915 81
1164 882 1276 914 debeat
1287 905 1296 921 ,
1320 882 1350 913 δι
1367 890 1430 913 11011
1446 881 1589 922 praestet,
1615 883 1724 924 utique
1740 882 1806 922 ejus
1821 880 1914 915 solius

1115 925 1280 961 damnum,
1304 922 1388 963 quod
1412 923 1589 964 accipitur,
1612 932 1671 956 nec
1688 924 1789 955 minus
1803 923 1868 963 ejus
1883 923 1971 970 soli&

1115 964 1177 997 effe
1192 971 1319 1005 putem,
1342 963 1363 995 fi
1381 964 1469 996 malit
1482 974 1634 1006 pugnare,
1656 973 1746 1005 quam
1760 964 1907 997 exhibere
1926 969 1971 1004 ffl-

1115 1007 1308 1043 verentiam,
1330 1005 1425 1036 etiam
1440 1014 1503 1038 non
1519 1006 1665 1038 debitam.
1691 1006 1767 1046 Ejus
1781 1015 1843 1038 non
1850 1005 1905 1038 *est
1916 1010 1975 1047 pii*

1112 1047 1267 1088 dignitate
1284 1045 1437 1086 Principis
1452 1046 1497 1077 sui
1512 1056 1669 1087 pugnare,
1685 1046 1736 1078 scd
1754 1057 1811 1088 pro
1827 1046 1972 1093 (161611139-

1115 1098 1155 1120 116
1169 1088 1256 1118 navis
1273 1087 1447 1127 onerisque.
1493 1087 1620 1119 Praestat
1636 1087 1768 1129 aplustre
1784 1087 1975 1129 submittet-q

1114 1138 1205 1170 quarn
1223 1137 1333 1158 navem
1351 1137 1488 1168 onusque
1514 1138 1624 1170 pugnae
1642 1129 1784 1169 periculo
1799 1136 1976 1177 exponere*

1113 1170 1188 1210 quid
1205 1168 1288 1200 enim
1309 1168 1345 1199 ad
1365 1170 1452 1200 navis
1470 1171 1633 1210 onerisque
1652 1170 1796 1202 dominos
1809 1194 1819 1209 ‚
1843 1170 1983 1211 quorum

1119 1210 1211 1241 rebus
1224 1208 1407 1249 praepofitus
1425 1209 1468 1241 est
1483 1210 1683 1250 Navali-chus,
1706 1211 1914 1243 reverentiam
1923 1220 1976 1243 ex-

1119 1250 1245 1287 hibeat,
1270 1258 1308 1280 an
1329 1251 1446 1290 neget?
1472 1251 1501 1281 &
1519 1251 1592 1290 quid
1616 1252 1652 1283 ad
1669 1261 1723 1284 eos
1741 1252 1908 1291 damnum,
1931 1252 1975 1286 ob

1120 1290 1216 1322 solam·
1233 1290 1462 1321 contumaciam
1479 1292 1622 1322 nav-archi
1642 1293 1759 1324 illatum
1770 1293 1787 1324 ’ἒ

1160 1330 1236 1363 Non
1260 1330 1356 1370 igitur
1381 1331 1440 1361 erit
1465 1332 1661 1363 contributio
1688 1334 1888 1373 communis,
1920 1335 1976 1370 nia

1120 1373 1171 1404 lex
1187 1371 1224 1403 fit
1240 1371 1358 1411 aliqua,
1384 1380 1441 1412 qua
1460 1372 1490 1402 id
1507 1371 1734 1412 constitutum,
1759 1383 1812 1406 aut
1829 1376 1871 1407 ob
1887 1385 1973 1409 reve·

1119 1413 1250 1445 rentiam
1273 1411 1441 1452 praestitam
1466 1422 1557 1454 poena
1581 1413 1678 1453 posita
1695 1414 1778 1446 esset.
1824 1415 1868 1448 Ut
1883 1424 1974 1458 puta*

1119 1455 1163 1486 ait
1180 1454 1206 1498 §.
1233 1458 1282 1496 278.
1312 1453 1345 1485 T.
1372 1452 1396 1485 Ι.
1422 1453 1541 1495 Legum
1559 1454 1763 1488 Nauticarum
1780 1455 1918 1500 Philippi
1933 1456 1972 1492 Π.

1120 1496 1178 1527 ult.
1203 1496 1274 1527 Oct.
1303 1498 1392 1536 1563.
1416 1494 1510 1536 (15)
1534 1495 1554 1527 11
1569 1496 1618 1536 0111
1638 1495 1773 1528 fecerint
1790 1507 1900 1530 contra
1915 1508 1974 1541 ea,

1119 1547 1189 1578 quae
1205 1536 1237 1568 in
1251 1536 1500 1577 praecedentibus
1517 1537 1637 1577 aliquot
1653 1536 1700 1578 ᾗς.
1716 1537 1758 1569 ibi
1780 1538 1859 1571 (11613
1874 1542 1972 1582 erant,

1120 1588 1229 1610 eorum
1245 1586 1340 1608 naves
1354 1577 1422 1618 capi
1440 1578 1469 1610 &
1485 1578 1635 1618 publicari
1654 1578 1745 1620 poss'e.
1791 1580 1823 1612 Si
1841 1580 1972 1621 ejusmo-

1117 1619 1149 1650 di
1165 1627 1290 1660 quoque
1306 1618 1430 1650 Sanctio
1451 1618 1604 1657 exstaret,
1626 1628 1697 1660 quae
1714 1619 1858 1661 aplustria
1875 1621 1904 1654 ὅ(
1919 1630 1972 1656 ve*

1117 1661 1147 1692 la
1171 1660 1243 1692 ullis
1268 1659 1402 1691 aliorum
1429 1659 1609 1701 Principum
1636 1660 1767 1693 navibus
1793 1661 1973 1697 submittere

1116 1701 1314 1743 prohiberet,
1340 1699 1383 1732 fin
1398 1705 1502 1732 autem
1513 1724 1521 1739 ,
1547 1710 1658 1740 naves,
1675 1697 1751 1742 'quae
1766 1702 1796 1734 id
1811 1701 1972 1744 fecissent,

1118 1750 1288 1783 earumque
1303 1751 1397 1773 onera
1413 1742 1664 1782 publicarentur,
1688 1743 1748 1784 jam
1765 1743 1888 1776 defendi
1905 1753 1974 1786 pos-

1120 1783 1166 1817 set
1181 1807 1190 1823 ,
1224 1783 1262 1814 ad
1285 1784 1513 1824 reparationem
1542 1784 1669 1822 damni,
1703 1784 1744 1816 ob
1768 1786 1974 1819 reverentiam

1121 1832 1264 1866 negatam
1288 1823 1371 1862 dati,
1396 1824 1434 1856 ab
1455 1825 1600 1856 omnibus
1616 1824 1678 1857 ess‘e
1695 1825 1971 1867 contribuendum,

1119 1868 1190 1907 quia
1217 1865 1257 1897 fic
1277 1874 1335 1905 pro
1354 1864 1452 1897 salute
1471 1867 1558 1898 navis
1581 1866 1798 1908 bonorumque
1817 1868 1975 1901 communi

1119 1914 1292 1949 pugnaturn
1313 1905 1398 1938 effet.
1446 1905 1541 1951 Quod
1562 1915 1666 1939 autem
1692 1907 1833 1940 Weitsen
1858 1908 1887 1940 d.
1919 1909 1973 1942 loo.

1120 1948 1258 1987 addidit,
1282 1947 1333 1987 id,
1357 1947 1440 1989 quod
1465 1947 1527 1990 ipse
1553 1947 1669 1987 sentit,
1691 1947 1796 1990 postea
1819 1947 1879 1981 ess'e
1902 1958 1972 1982 cau·

1123 1997 1190 2021 tum
1213 1991 1242 2020 d.
1266 1988 1292 2030 §.
1320 1993 1368 2023 28.
1395 1988 1467 2020 LL.
1502 1989 1700 2021 Nauticarum
1723 1989 1828 2024 Caroli
1857 1989 1894 2022 V.
1918 1999 1972 2023 ve-

1121 2040 1191 2062 rum
1208 2039 1270 2061 non
1286 2028 1341 2060 est.
1385 2028 1462 2061 Non
1478 2030 1560 2061 aliud
1578 2030 1620 2061 ibi
1644 2030 1860 2070 constituitur,
1883 2040 1973 2072 quam

1121 2072 1267 2103 damnum
1280 2093 1290 2108 ‚
1311 2070 1395 2111 quod
1412 2071 1448 2101 ad
1466 2069 1675 2103 defensionem
1696 2071 1782 2104 navis
1799 2078 1908 2107 contra
1928 2072 1974 2114 pi-

1119 2119 1200 2144 ratas
1222 2110 1388 2152 hostesque
1414 2119 1579 2152 acceptum
1602 2111 1667 2151 est,
1698 2121 1862 2145 commune
1887 2111 1974 2149 futu-

1120 2163 1210 2191 rum,
1233 2153 1317 2194 quod
1333 2151 1431 2194 ipsum
1452 2162 1576 2193 quoque
1595 2154 1763 2193 repetitum
1779 2151 1824 2187 est
1841 2153 1871 2184 in
1890 2152 1917 2195 §.
1942 2163 1974 2188 2.

1126 2195 1160 2227 T.
1175 2194 1235 2227 IV.
1249 2194 1320 2226 LL.
1347 2193 1546 2227 Naucrcarzm
1566 2194 1701 2236 Philippi
1721 2194 1758 2227 11.
1782 2193 1974 2229 &insertum

1122 2235 1260 2277 Legibus
1283 2235 1406 2268 Frificis
1433 2234 1472 2266 L.
1499 2234 1526 2266 I.
1553 2234 1585 2266 T.
1621 2245 1671 2276 24.
1695 2234 1724 2278 §.
1747 2246 1777 2268 2.
1820 2234 1879 2268 Sed
1903 2245 1973 2277 (ηιμ

1122 2277 1166 2309 rei
1184 2278 1277 2318 longe
1291 2277 1350 2308 alia
1365 2276 1446 2307 ratio
1462 2275 1524 2315 est,
1548 2285 1619 2308 nam
1635 2286 1735 2318 pugna
1752 2285 1824 2309 curn
1836 2275 1972 2315 hostib*

1120 2318 1151 2350 <Sc
1179 2318 1288 2365 piratis
1306 2316 1426 2359 semper
1448 2316 1486 2350 fit
1502 2326 1562 2358 pro
1588 2316 1688 2350 salute
1705 2316 1865 2351 communi
1885 2316 1974 2355 navis

1122 2367 1299 2402 onerisque,
1953 2383 1955 2389 .

1222 2500 1404 2537 XXII.

665 2587 767 2625 Varia
791 2589 827 2625 de
851 2590 1006 2635 tributis,
1031 2591 1240 2637 vestigalibus
1265 2586 1307 2629 ὃ)
1325 2586 1519 2635 publicanis.

308 2685 328 2717 d
345 2684 541 2727 Reipublicae
563 2683 866 2719 administrationem
893 2687 1080 2718 cummaxi-

331 2737 380 2758 me
404 2727 542 2769 pertinet
563 2724 654 2757 causa
676 2724 869 2758 tributorum
891 2727 921 2758 ὅ(
945 2726 1077 2769 vectiga-

215 2772 316 2808 lium,
338 2768 411 2810 quia
437 2778 472 2799 ize
493 2777 526 2798 ue
548 2768 627 2808 quies
649 2766 791 2797 Gentium
810 2766 874 2805 fine
893 2768 1005 2805 armis,
1027 2778 1077 2799 we-

214 2821 267 2853 que
286 2820 369 2842 arma
385 2807 449 2847 fine
464 2812 483 2849 J
498 2808 645 2849 ipendiis,
669 2804 920 2880 nequesliz'pendia
933 2807 996 2847 fine
1021 2810 1074 2839 tri-

215 2854 292 2884 butis
319 2851 418 2882 haberi
461 2854 568 2888 neunt,
595 2856 629 2880 ut
654 2857 702 2879 res
726 2848 734 2878 i
773 2858 789 2879 a
816 2849 933 2887 docet,
958 2849 1076 2882 etiamfi

214 2902 280 2926 non
303 2892 424 2923 diceret
482 2891 580 2922 acitus
615 2889 653 2921 L.
697 2888 717 2921 I
752 2914 759 2920 .
800 2888 913 2930 Hzstor.
956 2889 989 2921 C.
1025 2899 1075 2930 74.

252 2933 371 2965 uamvis
393 2939 498 2963 autem
525 2929 715 2962 tributorum
742 2930 771 2961 &
790 2930 987 2971 vectigalium
1010 2929 1076 2961 fere

212 2973 390 3007 indistincta
405 2972 441 3005 fit
456 2972 662 3014 fignificatio,
683 2969 892 3012 distinguendi
911 2978 1013 3003 tamen
1030 2980 1076 3002 er-

213 3026 256 3059 go
272 3016 383 3047 tributa
404 3014 558 3053 dicimus,
590 3023 658 3056 quae
683 3020 805 3052 rerum,
829 3021 904 3054 quas
927 3011 1076 3044 habemus

245 3145 322 3182 (12)
343 3144 452 3183 Sylvius
467 3124 583 3184 Vervolg
601 3154 655 3175 van
667 3145 794 3178 Aitzema
814 3142 852 3178 L.
865 3144 917 3176 ΠΙ.
935 3152 964 3184 p.
981 3151 1046 3175 202.

243 3184 322 3220 (¹3)
341 3183 418 3218 Plac-
434 3185 486 3217 111.
507 3193 533 3217 1.
556 3193 602 3221 13.
618 3193 665 3220 29.

1121 2687 1175 2720 vel
1205 2683 1393 2726 acquirimus
1406 2679 1588 2753 ἔῖ,δε-’01166
1621 2676 1823 2725 personarum
1847 2670 1975 2728 nomiss

1120 2720 1975 2811 {afflarejasssssffin‘ffl‘ssgfffiflffi:zzzihgaff

1118 2817 1206 2847 mus,
1228 2814 1355 2838 nomine
1381 2803 1571 2835 indicuntur.
1619 2801 1704 2833 Inter
1729 2802 1839 2834 tributa
1861 2801 1891 2834 ὅ(
1930 2810 1973 2836 01.

1119 2851 1193 2882 toria
1211 2846 1262 2879 seu
1277 2844 1437 2887 veffigalia
1451 2853 1486 2875 ea
1503 2841 1566 2884 ipsa
1581 2841 1739 2874 distinctio
1755 2840 1801 2873 est
1816 2841 1897 2884 apud
1929 2842 1973 2882 '⁸-

1118 2891 1215 2922 citum
1233 2887 1272 2919 L.
1297 2885 1393 2918 Xlll.
1420 2885 1535 2916 Anrml.
1563 2883 1596 2915 C.
1619 2893 1671 2923 50.

1161 2928 1339 2970 Vegrandes
1367 2927 1396 2957 in
1413 2925 1523 2967 Belgio
1544 2924 1729 2963 Foederato,
1754 2922 1784 2955 ὃ(
1802 2923 1974 2965 praesertim

1118 2969 1288 3004 Houandia
1305 2991 1314 3007 ‚
1347 2967 1599 2999 contributiones
1613 2964 1674 2998 ess'e
1689 2989 1702 3011 ,
1737 2972 1828 2998 vetus
1850 2964 1972 3006 querela

1117 3011 1171 3045 est.
1216 3010 1296 3042 Sunt:
1312 3033 1322 3049 ,
1354 3009 1409 3050 qui
1433 3008 1466 3040 id
1492 3006 1828 3048 Rerumpubhcarum,
1861 3012 1934 3080 quael
1954 3012 1973 3038 ι

1902 3053 1969 3092 1²¹¹·
2000 3072 2003 3073 ν

1145 3138 1227 3177 (14)
1248 3139 1347 3168 Ibidem
1366 3139 1388 3167 Ι.
1409 3147 1437 3167 2.
1460 3146 1485 3173 7.
1507 3146 1532 3167 1.
1554 3146 1580 3167 1.

1147 3179 1230 3218 (15)
1248 3178 1348 3210 Ibidem
1365 3178 1387 3208 1.
1411 3186 1440 3209 2.
1459 3184 1486 3213 7.
1508 3184 1534 3207 1.
1556 3183 1583 3206 2.
