2008 3436
616 145 725 189 Ao
811 140 1326 185 LECTOREM,
1584 190 1585 193 Ἴ
1848 156 1879 199 9

90 246 298 283 Particulam
317 271 326 288 ,
365 254 466 291 quam
489 241 669 289 salutarem
695 247 849 281 vocant,
877 237 1032 281 addere,
1061 237 1230 279 demere,
1265 245 1359 273 totos
1386 238 1577 277 versiculos
1602 240 1733 289 eJ'icere
1749 266 1761 285 ,
1788 242 1876 278 alios

91 296 276 332 rescribere
294 321 306 338 ,
338 305 420 341 quas
448 291 534 328 libet
564 300 663 326 notas
690 289 850 336 fingere,
886 286 1101 323 Gloffemata
1130 286 1302 322 continuo
1330 286 1534 334 increpare,
1572 291 1694 336 quavis
1723 291 1878 339 denique

90 347 229 381 ratione
254 346 347 381 ferro
374 342 582 378 medicinam
600 350 777 387 quaerere,
804 338 839 373 id
863 337 1005 373 demum
1035 336 1121 372 mini
1150 335 1292 371 videtur
1316 338 1481 382 exemplo
1506 350 1615 386 grave
1638 339 1717 376 esse.
1771 342 1879 377 Nun-

91 407 191 443 quam
221 406 288 442 ego
314 393 376 428 hos
397 391 548 426 Criticos
571 388 691 437 sequar
720 388 778 423 via
806 397 877 423 tam
906 386 1060 428 lubrica,
1086 394 1124 421 ut
1153 387 1212 432 qui
1241 383 1367 429 sciam,
1393 388 1437 423 ab
1461 399 1529 423 una
1551 391 1718 434 particula
1732 390 1880 437 salutari

89 444 244 491 pendere
271 441 475 489 quandoque
504 440 648 475 salutem
673 438 844 480 hominis,
871 435 908 472 δε
929 447 971 472 ea
996 435 1115 471 addita
1133 435 1235 471 Titio
1263 435 1409 479 deberi,
1436 438 1527 483 quod
1553 449 1664 480 nunc,
1694 439 1718 474 fi
1738 442 1876 488 Legem

90 485 288 538 sequamur,
314 491 499 526 deberetur
522 488 670 524 Moevio.
725 487 841 522 Audio
864 495 982 522 tamen
1001 486 1074 521 vim
1102 484 1272 531 majorem
1292 484 1469 528 excusari,
1495 488 1575 533 quia
1603 487 1705 523 aliter
1729 500 1875 536 magnas

89 541 308 578 difficultates
332 539 498 588 expedire
524 550 594 574 non
618 538 724 579 licet;
749 536 804 572 scd
836 548 895 571 cur
914 536 946 572 se
975 535 1015 571 iis
1042 535 1239 581 objiciant,
1268 534 1353 572 scire
1377 535 1505 579 velim,
1533 537 1590 584 qui
1615 537 1785 573 remediis
1813 551 1875 585 pa-

88 590 142 627 res
159 601 227 626 non
247 591 334 626 sunt.
387 587 529 624 Praestat
548 589 666 635 utique
683 587 913 633 ignorantiam
935 584 1055 627 fateri,
1084 583 1121 619 δε
1145 582 1362 621 felicioribus
1386 584 1533 631 posthac
1559 586 1711 633 ingeniis
1728 587 1877 633 cedere,

88 652 190 687 quam
211 639 424 685 promiscue,
449 636 487 673 ἃ
511 632 604 673 nulla
628 636 818 683 religione,
844 635 881 671 in
901 634 1042 682 quasvis
1059 634 1175 681 Leges
1203 635 1344 669 irruere.
1398 634 1574 684 Quicquid
1600 637 1676 671 aliis
1697 638 1877 681 videatur,

87 689 175 725 mihi
203 689 338 734 semper
360 687 510 734 placuit,
536 687 628 733 quod
653 684 744 731 apud
768 686 852 720 Ant.
875 682 1106 731 Augustinum
1130 685 1211 729 lego
1239 683 1276 718 L.
1298 684 1329 719 Ι.
1358 685 1495 720 Emend.
1526 686 1559 720 C.
1584 697 1615 732 3*
1644 686 1758 732 infin.
1811 687 1878 722 Hic:

87 738 174 786 ipse,
203 737 336 784 inquit,
361 736 538 785 nestrorum
561 738 740 783 opinionum
759 747 847 770 amor
864 760 875 778 ‚
901 746 993 780 quam
1017 733 1122 768 Graeci
1143 738 1308 778 φιλαυτίαν
1332 735 1520 782 appellant,
1545 736 1603 770 has
1629 745 1739 771 razntas
1760 736 1879 783 discor-

88 790 158 824 dias
181 786 222 828 &³
249 790 427 823 vorletates
450 788 597 822 creavit.-
623 798 691 821 cum
714 797 770 827 ea,
789 797 856 831 quse
883 796 937 818 nos
951 781 1063 830 fateri
1082 783 1178 829 pudet
1203 788 1371 830 ignorare,
1393 784 1540 831 mendosa
1559 784 1618 832 effi:
1642 785 1879 833 exlstimamus.

89 839 140 873 Ut
161 838 268 873 verbo
291 837 426 879 dicam,
452 848 521 871 non
542 835 592 870 est
608 834 900 882 pronuntiandum
920 832 964 868 de
983 832 1312 877 emendationibus,
1339 832 1400 869 nisi
1424 834 1500 869 sero
1521 834 1660 870 demum
1674 863 1683 877 ,
1710 834 1747 871 ἃ
1763 846 1877 872 caute.

87 887 162 923 Ubi
182 899 242 934 par
259 896 316 922 aut
338 887 456 930 potior
481 884 529 921 est
544 885 644 920 causa
662 892 815 928 receptae
834 881 1010 918 Lectionis
1025 909 1033 924 ‚
1063 892 1104 916 ea
1130 882 1265 928 semper
1284 883 1422 926 vincet,
1451 885 1507 920 ubi
1528 885 1622 920 nulla
1641 885 1713 932 ejus
1735 885 1878 921 tuendae

87 937 179 972 ratio
204 936 373 981 superest,
400 936 505 971 etiam
532 944 616 968 tunc
643 932 817 968 abstinere
840 931 948 966 velim
970 931 1140 973 Criticos,
1167 932 1226 967 nisi
1254 931 1323 967 sola
1349 932 1572 970 modestia-se
1598 936 1877 979 commendent,

89 985 127 1021 e&
151 986 327 1020 de‘rebus
357 983 560 1030 graviffimis
585 993 655 1016 non
685 980 899 1023 decernant,
935 978 996 1014 nisi
1026 980 1237 1024 prudenter,
1273 980 1310 1016 ἃ
1341 981 1460 1027 pronis
1485 983 1520 1018 in
1553 995 1686 1020 errores
1712 985 1873 1020 vocibus.

90 1035 161 1085 Qui
183 1036 281 1070 aliter
302 1033 483 1068 instituunt
498 1059 508 1075 ,
534 1040 669 1067 certum
691 1029 762 1071 est,
789 1029 1076 1076 Jurisprudentiae
1100 1029 1211 1075 magis
1233 1030 1350 1066 obess'e
1365 1059 1375 1076 ,
1410 1043 1512 1080 quam
1537 1033 1695 1080 prodess'e
1711 1060 1722 1079 ,
1755 1032 1794 1070 ἃ
1822 1045 1875 1070 ar-

91 1094 187 1128 tem,
210 1095 288 1118 cum
311 1080 532 1118 necessariam
551 1107 564 1126 ‚
591 1090 666 1116 tum
690 1079 810 1115 utilem
833 1089 1011 1126 exponere
1038 1078 1190 1114 ludibrio
1215 1079 1367 1128 publico.

135 1183 188 1219 Ex
210 1183 279 1225 his,
306 1191 410 1227 pute,
437 1181 632 1228 intelliges,
658 1180 729 1216 duo
751 1177 819 1216 esse
839 1179 1018 1215 hominum
1039 1186 1191 1227 genera,
1217 1192 1236 1217 a
1263 1179 1385 1228 quibus
1405 1193 1569 1231 peraeque
1589 1183 1785 1220 cavendum
1809 1184 1872 1222 est.

87 1232 246 1268 Alterum
271 1231 320 1267 est
343 1232 577 1267 truculentum
603 1230 688 1266 illud
707 1258 716 1274 ‚
749 1228 787 1265 ὃ(
810 1229 948 1274 audax,
982 1229 1019 1266 δε
1046 1231 1215 1275 noxium,
1241 1230 1286 1266 de
1311 1242 1381 1279 quo
1404 1234 1566 1278 proxime
1590 1233 1691 1276 dixi,
1724 1235 1875 1271 alterum

89 1283 190 1318 nimis
210 1281 467 1324 verecundum,
496 1279 552 1322 ἃ,
579 1292 679 1327 paene
703 1278 874 1323 dixerim,
900 1278 1193 1324 superstitiosum,
1222 1280 1317 1327 quod
1338 1292 1479 1317 omnem
1503 1282 1689 1325 Criticam‚
1719 1283 1754 1318 ἃ
1777 1285 1874 1329 quic-

88 1332 170 1379 quid
198 1331 247 1366 cst
274 1323 559 1365 emendationum
576 1356 595 1374 „
620 1329 842 1364 infensissime
870 1329 1084 1376 persequitur
1102 1355 1131 1373 ‚·
1152 1328 1188 1364 <Sc
1218 1331 1320 1377 gravi
1348 1331 1534 1377 supercilio
1564 1331 1738 1375 damnat,
1775 1334 1874 1379 quod

88 1381 222 1416 mavult
241 1380 354 1415 aliena
371 1379 407 1414 ἃ
428 1380 573 1415 absurda
591 1390 736 1427 quaeque
755 1378 994 1422 comminisci,
1021 1378 1102 1425 quin
1120 1378 1175 1414 vel
1193 1379 1397 1415 manifestos
1415 1392 1551 1417 errores
1568 1382 1744 1418 mordicus
1763 1384 1876 1425 tueri,

89 1442 191 1477 quam
213 1430 267 1464 vel
289 1430 459 1464 tantillum
479 1438 636 1473 mutare,
662 1427 699 1464 ἃ
719 1427 886 1463 levisiima
905 1439 1010 1463 manu
1028 1438 1193 1474 premere·
1211 1428 1360 1476 vestigia
1378 1430 1510 1466 veteris
1527 1432 1727 1478 Scripturae.
1778 1433 1876 1470 Mihi

88 1480 184 1516 sedet
208 1478 580 1526 luxuriantiajngenia
604 1478 862 1524 comprimere,
889 1475 926 1512 δε
951 1476 1049 1512 fimul
1074 1478 1208 1514 inaneis
1231 1478 1409 1524 scrupulos
1433 1481 1590 1516 eximere
1613 1482 1738 1517 animis
1759 1481 1877 1518 homi-

86 1540 182 1565 num.
231 1528 372 1563 Falleris
397 1538 535 1571 tamen,
561 1527 586 1563 si
610 1528 668 1563 hic
689 1539 709 1563 a
730 1539 786 1563 me
808 1525 991 1572 exspthes
1015 1528 1152 1575 regulas
1173 1528 1404 1572 emendandi,
1432 1540 1501 1565 non
1528 1529 1578 1566 est
1599 1532 1700 1567 unius
1720 1531 1876 1568 hominis

87 1579 149 1613 has
175 1578 396 1625 praescribere
423 1578 458 1614 in
485 1578 609 1625 quavis
634 1588 733 1618 arte3
759 1585 829 1613 tam
852 1577 921 1612 late
947 1585 1047 1623 patet
1070 1576 1249 1622 eruditio,
1284 1587 1355 1614 tam
1382 1578 1535 1615 distineri
1560 1579 1638 1616 sunt
1663 1581 1879 1617 eruditionis

88 1627 254 1675 cujusque
278 1627 384 1671 fines,
409 1637 447 1663 ut
471 1628 680 1675 arrogantiae
705 1626 764 1671 sit,
791 1626 924 1663 docere.
940 1626 1046 1670 artis,
1072 1638 1176 1672 quam
1199 1639 1268 1663 non
1288 1628 1476 1673 didiceris,
1500 1630 1723 1666 reconditam
1741 1631 1879 1678 sapien-

87 1678 182 1714 tiam.
234 1677 351 1713 Facile
369 1676 532 1724 equidem
549 1676 598 1712 est
612 1677 656 1713 de
671 1688 776 1712 omne
795 1687 904 1724 genus
921 1676 1062 1712 Criticis
1078 1677 1194 1723 Leges
1211 1677 1375 1722 quasdam
1393 1690 1612 1726 proponere,
1641 1689 1678 1716 ut
1694 1681 1877 1728 eleganter

87 1725 126 1762 <Sc
141 1737 243 1763 acute
263 1728 439 1774 proposuit
456 1726 569 1773 Justus
586 1726 739 1773 Lipsius,
766 1727 887 1774 Satyra
904 1726 1114 1773 menippaea,
1142 1727 1178 1762 in
1193 1727 1296 1772 SCro,
1323 1727 1416 1775 quod
1439 1730 1476 1764 de
1503 1729 1636 1765 criticis
1656 1729 1876 1775 perscripsit,

85 1777 230 1812 nemine
253 1777 516 1819 intercedente3
545 1777 601 1812 sed
626 1776 790 1820 difficile,
816 1777 892 1812 haec
911 1775 1006 1812 sacra
1025 1775 1176 1812 tra&are
1197 1776 1231 1812 in
1255 1777 1550 1814 reconditioribus
1571 1779 1740 1827 cujusque
1758 1779 1877 1816 Disci-

85 1827 202 1873 plinae.
255 1827 315 1862 Ne
332 1826 471 1874 quidem
491 1826 528 1861 id
551 1825 656 1862 ausim
677 1825 840 1871 praestare
863 1827 898 1862 in
923 1826 995 1872 ipsa
1012 1825 1312 1873 Jurisprudentia,
1340 1838 1442 1874 quam
1464 1828 1570 1864 solam
1586 1829 1775 1875 profiteor3
1801 1828 1876 1865 scio

87 1876 203 1918 enim,
230 1887 331 1922 quam
353 1877 483 1912 lubrica
503 1875 542 1911 sit
558 1877 693 1924 Legum
714 1876 924 1915 Criticarnm
941 1875 1124 1919 definitio,
1150 1887 1253 1923 quam
1271 1876 1552 1924 prudentiffimos
1575 1891 1730 1927 quosque
1750 1879 1876 1922 sallat,

87 1924 126 1961 ἃ
147 1937 247 1972 quarn
272 1927 360 1972 saepe
380 1925 442 1972 ipsi
463 1926 510 1961 illi
539 1925 722 1969 fallantur,
746 1925 805 1970 qui
827 1926 908 1966 has,
933 1923 1025 1972 quasi
1050 1936 1096 1960 ex
1123 1926 1283 1973 tripode,
1310 1926 1455 1963 dietant.
1513 1929 1636 1964 Artem
1660 1928 1875 1964 emendandi·

86 1975 215 2022 regulis
244 1974 281 2010 ἃ
310 1976 493 2023 praeceptis
524 1975 827 2022 comprehendere
852 1974 1094 2011 difficillimum
1124 1974 1197 2018 est,
1230 1975 1287 2010 sed
1318 1976 1370 2010 liis
1399 1977 1505 2020 solis,
1539 1988 1616 2023 quae
1643 1978 1873 2024 praescribas,

87 2035 210 2070 regere
235 2023 271 2060 ἀ
299 2026 461 2060 coercere
489 2024 605 2060 felicia
631 2025 795 2071 ingenia,
822 2024 1069 2066 temerarium,
1098 2033 1133 2058 at
1162 2036 1249 2059 vero
1274 2025 1446 2071 impium,
1472 2027 1534 2061 has
1562 2027 1679 2073 Leges
1703 2027 1870 2072 criticas,

88 2072 159 2109 fine
185 2074 250 2109 ullo
276 2074 398 2120 Populi
421 2074 586 2123 suffragio
603 2100 614 2118 ,
642 2086 705 2110 ceu
738 2083 850 2110 certas
877 2073 914 2110 δε
940 2074 1154 2109 indubitatas
1178 2085 1375 2120 proponere
1392 2101 1402 2117 ‚
1437 2072 1474 2110 ἃ
1504 2086 1549 2110 ex
1578 2076 1619 2111 iis
1647 2075 1708 2123 Jus
1738 2077 1869 2113 dicere.

88 2123 224 2158 Incerta
242 2123 301 2158 hic
316 2124 395 2159 sunt
411 2125 548 2165 omnia3
574 2124 617 2160 de
635 2124 705 2170 ipsa
724 2124 843 2171 regula
863 2124 952 2171 saepe
968 2123 1053 2159 licet
1068 2122 1252 2167 dubitare,
1279 2123 1314 2158 ἃ
1333 2123 1468 2170 semper
1485 2124 1590 2168 licet,
1618 2136 1661 2160 an
1684 2138 1726 2161 ea
1750 2128 1874 2174 regula-

89 2172 277 2208 conveniat
297 2174 399 2218 loco,
426 2185 494 2220 quo
517 2173 563 2208 de
588 2173 714 2220 agitur.
767 2174 886 2209 Nemo
908 2185 969 2214 ea,
998 2184 1074 2220 quae
1097 2173 1133 2208 in
1156 2173 1385 2209 emendandis
1401 2175 1556 2221 Legibus
1579 2175 1756 2221 praestitit,
1787 2187 1874 2212 vera

90 2219 159 2255 esse
177 2221 324 2264 dixerit,
351 2222 386 2258 δι
406 2222 582 2258 modestus
599 2223 686 2264 erit;
712 2222 854 2265 sufficit,
881 2221 904 2257 si
929 2222 994 2257 sint
1016 2222 1138 2257 similia
1157 2222 1252 2265 veri3
1279 2222 1486 2269 conjeciuris
1510 2223 1570 2260 hic
1595 2225 1728 2273 agitur,
1755 2237 1872 2273 neque

88 2269 373 2315 Mathematicis‚
398 2283 480 2318 quas
503 2281 632 2308 vocant
653 2299 663 2316 ,
686 2271 1040 2308 demonstrationibus
1066 2272 1164 2307 locus
1189 2272 1376 2314 ullus‘est3
1411 2273 1468 2320 qui
1493 2274 1616 2310 melius
1645 2275 1869 2322 conjecerit,

87 2318 240 2364 optimus
257 2330 355 2354 vates
371 2320 439 2356 est:
466 2333 509 2356 an
536 2330 718 2367 corruptus
737 2320 870 2356 Aneror
894 2321 962 2357 hoc
981 2322 1036 2356 vel
1059 2321 1117 2356 illo
1135 2321 1241 2357 modo
1260 2322 1450 2368 scripserit,
1479 2324 1597 2369 utique
1617 2322 1699 2359 facii
1724 2324 1870 2371 quaestio

87 2367 157 2410 est,
182 2379 285 2414 quam
303 2369 377 2416 quis
395 2370 522 2405 arbiter
538 2380 614 2405 tuto
628 2370 854 2406 definiverit?
877 2371 983 2406 Addo
1001 2371 1034 2405 in
1049 2382 1088 2405 re
1107 2370 1237 2406 Critica
1255 2371 1427 2418 quandam
1447 2372 1515 2408 ess'e
1531 2371 1622 2419 quasi
1642 2373 1870 2421 ingeniorum.

86 2415 317 2460 felicitatem,
343 2429 442 2464 quae.
469 2419 575 2454 etiarn
600 2420 753 2465 Legibus
777 2419 906 2461 soluta,
935 2421 1115 2466 emergit,
1149 2420 1233 2455 dum
1257 2421 1341 2464 alii,
1376 2421 1482 2457 etiam
1507 2421 1686 2469 profunde
1709 2423 1866 2467 eruditi,

88 2467 214 2514 quique
233 2478 303 2502 non
321 2467 510 2504 emendant
529 2467 593 2504 nisi
612 2480 656 2504 ex
675 2467 845 2513 formula,
873 2469 1009 2518 magnis
1030 2479 1147 2505 tamen
1168 2469 1337 2507 excidunt
1353 2469 1451 2508 aufis.
1731 2474 1734 2478 “

139 2565 242 2617 Quod
274 2578 343 2604 non
377 2580 422 2604 eo
454 2568 587 2605 difiium
615 2569 723 2604 velim
741 2596 750 2612 ‚
790 2577 829 2604 ut
856 2569 1055 2616 promiscue
1084 2571 1309 2618 accingamur
1337 2571 1379 2607 ad
1408 2572 1686 2610 emendationes.
1739 2573 1867 2607 Franc.

88 2615 332 2658 Robortenus‚
359 2618 486 2665 quique
515 2618 574 2654 alii
603 2627 713 2653 artem
742 2619 907 2654 Criticam
934 2620 1154 2666 docuerunt,
1179 2619 1272 2656 recte
1301 2621 1471 2658 monuiffe
1494 2623 1663 2659 videntur
1680 2650 1690 2666 ‚
1725 2633 1769 2657 ne
1792 2621 1872 2667 quis

87 2665 134 2701 de
163 2667 490 2710 emendationibus,
516 2677 575 2703 aut
599 2667 809 2704 emendandi
833 2669 988 2716 Legibus
1012 2669 1202 2714 decernat,
1228 2669 1289 2706 nisi
1319 2670 1513 2707 Amstorum
1529 2699 1538 2715 ‚
1563 2684 1650 2718 quos
1676 2669 1867 2718 emend-are

87 2713 293 2758 constituit,
319 2717 442 2752 Libros
466 2716 716 2761 antiquissimos
733 2744 742 2760 ‚
777 2729 881 2753 manu
908 2719 964 2754 vel
994 2720 1087 2764 typis
1110 2719 1324 2764 descriptos,
1355 2721 1543 2769 diligenter
1570 2719 1804 2762 consuluerit,
1829 2717 1871 2755 &.

85 2762 241 2805 viderit,
275 2775 316 2800 an
346 2777 413 2800 non
438 2778 507 2812 ope
530 2765 566 2801 δε
595 2765 803 2801 auetoritate
836 2767 953 2812 potius
982 2767 1125 2815 alicujus
1153 2769 1281 2812 Libri,
1317 2782 1420 2817 quam
1450 2782 1495 2806 ex
1526 2770 1669 2817 ingenio
1700 2767 1874 2811 mendosa,

85 2811 253 2848 restituat.
308 2814 370 2849 Illa
394 2815 482 2851 ratio
509 2815 637 2850 certior
660 2813 697 2850 &
723 2817 830 2850 tutior
855 2817 1029 2859 estshaec
1052 2818 1164 2865 magis
1190 2819 1341 2863 lubrica,
1364 2819 1564 2866 prcesertim‚
1591 2828 1627 2852 ut
1653 2815 1747 2851 redite
1773 2817 1867 2852 dixit

87 2859 220 2907 Lipsius
250 2863 279 2897 d.
310 2863 420 2909 Satyr.
447 2865 597 2911 Menipp.
624 2876 717 2910 quum
749 2867 783 2900 in
815 2877 884 2901 eam
915 2868 1052 2902 audaces
1076 2866 1117 2908 δέ*
1138 2870 1305 2903 temerarii
1335 2867 1547 2915 adolescentes
1574 2865 1745 2901 inciderint
1763 2892 1774 2909 ,
1806 2874 1867 2902 aut·

88 2909 330 2956 adolescentium
345 2912 466 2959 similes
475 2913 585 2960 senes.
635 2915 675 2948 In
692 2914 775 2960 Jure
792 2914 907 2951 nostro
924 2917 1114 2963 praesertim
1133 2929 1173 2952 ea
1190 2917 1234 2953 de
1249 2918 1362 2953 Libris
1380 2917 1527 2963 antiquis
1544 2914 1660 2950 cautio
1677 2914 1873 2951 necess'aria'

88 2957 162 2994 est:
188 2969 268 2994 nam
294 2960 317 2995 si
340 2963 415 3008 quis
439 2964 487 2999 ibi
510 2975 589 2999 cum
614 2961 726 2998 frusta
753 2964 839 3012 quid
865 2966 987 3001 conari
1013 2967 1097 3001 velit
1123 2966 1159 3002 in
1181 2978 1219 3001 re
1246 2966 1377 3001 Critica
1393 2992 1403 3008 ‚
1434 2973 1576 3009 oportet
1601 2965 1633 2999 ei
1658 2964 1702 2999 ad
1727 2976 1869 3001 manum

88 3006 154 3042 fint
178 3007 328 3044 Codices
348 3012 452 3047 MSS.
479 3022 539 3048 aut
565 3022 662 3048 certe
685 3022 846 3048 veterum
871 3014 1096 3058 Editionum‚
1125 3016 1160 3051 in
1189 3015 1308 3061 primis
1337 3023 1419 3049 ante
1447 3013 1707 3055 Florentium,
1734 3015 1836 3059 copia
1853 3041 1865 3056 ‚

89 3066 166 3102 quae
186 3057 308 3092 haberi
331 3060 464 3104 potest,
490 3062 652 3097 maxima.
703 3062 786 3098 Sine
813 3063 865 3098 his
892 3064 1025 3100 nemini
1050 3066 1181 3111 poterit
1204 3063 1360 3098 constare
1382 3062 1490 3098 solida
1516 3063 1727 3099 emendandi
1751 3063 1868 3107 ratio,

89 3105 170 3150 quia
193 3117 312 3141 verum
340 3107 410 3151 est,
436 3109 478 3145 iis
503 3111 637 3146 auxiliis
663 3111 753 3157 saepe
779 3111 940 3155 restitui,
974 3125 1050 3160 quae
1076 3124 1168 3150 nunc
1197 3112 1288 3158 apud
1316 3112 1427 3158 ipsum
1454 3111 1670 3147 Taurelliurn
1698 3113 1875 3158 corrupta*

87 3153 272 3199 leguntur3
300 3156 383 3201 quin
413 3157 488 3202 haec
516 3159 605 3205 saepe
633 3160 820 3196 Leftiones
848 3161 1060 3210 suggerunt,
1088 3173 1191 3208 quas,
1216 3161 1316 3196 velut
1344 3161 1610 3197 emendationes
1640 3162 1738 3206 suas,
1763 3161 1864 3199 nobis

88 3202 472 3287 obffpditfriticorum
490 3209 608 3253 natio,
634 3210 690 3246 vel
714 3209 876 3257 subdola,
904 3214 958 3248 vel
976 3212 1115 3259 ignava.
1169 3211 1208 3246 In
1230 3209 1303 3293 ilpso
1321 3208 1465 3258 Cujacio
1487 3209 1521 3246 id
1544 3209 1720 3259 saepissime
1737 3211 1867 3295 deig-³53³:

188 3263 231 3286 m.
275 3281 284 3288 .
1771 3275 1773 3277 ·
1805 3270 1863 3296 err·
