2008 3436
263 97 703 140 OBSERVATIONUM
755 95 892 145 JURIS
942 94 1156 133 ROMAN1
1206 97 1388 137 L13.1V.
1445 98 1484 137 C.
1511 97 1596 138 XV..

662 203 690 239 C
743 202 776 237 A
828 204 853 238 P
903 202 938 240 U
986 201 1022 238 T

1762 100 1830 141 117

1121 200 1216 237 XV.

695 290 744 327 De
772 290 851 327 Fato
874 288 1200 337 Juri'sconfiiltorum.

48 387 109 426 Ή11
130 393 214 425 omni
236 393 398 434 disciplina
420 392 568 425 acerrima
595 390 639 423 cst
660 390 690 422 ὃ(
713 388 833 439 semper
850 386 914 420 fuit

111 436 148 467 dc
168 435 243 466 Fato
259 433 446 475 disputatio:
466 433 573 475 quidni
594 433 691 474 igitur
706 431 845 471 &Jctos
862 439 913 461 au-

51 476 196 510 diamus?
219 475 277 507 Sed
317 485 388 507 uum
406 476 450 507 illi
471 475 528 506 hac
546 484 634 515 parte
654 473 807 511 doceant,
828 471 914 512 quod

51 530 69 550 a
88 515 283 557 Philosophis
298 517 477 548 tidicerunt
492 540 502 555 ,
526 516 688 557 praemitto
712 513 780 545 Fati
805 512 913 544 defini-

52 561 189 596 tionem,
214 567 305 598 quam
321 558 407 590 dedit
427 558 560 590 Marcus
581 556 711 589 Tullius
728 554 845 587 Cicero
872 554 913 585 L.

48 601 74 633 Ι.
97 603 131 632 de
151 599 293 630 Divinat.
317 600 349 631 C,
379 609 448 640 1²5·
471 599 599 636 Fatum,
622 598 745 638 inquit,
769 598 800 628 id
818 596 914 636 appel-

48 643 95 679 lo,
115 643 189 682 qaod
210 641 310 672 Graeci
333 643 477 681 εἰμκςμένηι
492 664 502 680 ,
527 643 558 672 ia
574 638 637 681 est,
650 639 915 678 ordinemseriem—

46 692 104 726 que
117 683 300 724 causarum,
324 693 390 714 cum
413 684 503 721 causa
528 684 621 723 causta
639 691 717 713 nexa
742 691 805 712 rem
829 680 914 720 exse

45 728 177 767 gignat:
197 735 232 757 ea
253 724 295 766 est
322 735 360 757 ex
382 726 458 756 omni
483 726 652 756 oeternitate
668 722 769 764 fluens
796 724 914 754 veritas

39 769 237 809 sempiterna.
284 767 372 811 Quod
390 777 456 798 cum
473 764 568 805 itasit
583 789 592 805 ,
616 767 692 796 nibil
717 764 758 805 eft
772 764 891 804 fabium
903 786 913 801 ‚

47 813 124 852 quod
141 820 198 841 nim
209 810 359 850 futurum
372 810 473 849 fuerit
485 832 494 846 ,
516 810 668 848 eodemque
685 809 764 838 modo
777 807 853 837 nibil
872 804 914 847 est

40 853 216 891 futurum,
250 852 338 892 cujus
368 862 426 882 non
453 850 556 889 causus
586 851 617 881 ici
640 851 732 888 ipsum
756 846 914 888 efficientes

48 902 163 925 natura
181 895 348 924 contineat.v
387 892 563 925 Secundum
588 890 667 921 hanc
695 889 912 921 delinitionciii

48 935 157 967 futura
173 944 227 976 per
235 942 374 965 naturam
393 932 460 965 sunt
479 941 565 963 certa
580 932 610 963 ὅ(
629 930 821 968 immobilia,
840 939 911 970 pro-

50 978 144 1008 bante
159 977 188 1007 id
205 984 340 1013 eventu;
364 984 403 1005 ex
420 983 459 1005 co
476 973 560 1004 enim
578 980 703 1013 apparet
719 993 730 1009 ,
753 971 836 1016 quod
861 980 910 1002 ac-

52 1017 130 1050 cidit
143 1040 152 1055 ,
175 1016 317 1047 futurum
334 1014 446 1053 fuiffe,
471 1014 533 1045 hoc
549 1012 595 1044 est
614 1036 623 1051 ,
648 1011 819 1044 necell'ario
845 1011 912 1043 fieri

49 1057 202 1096 debuiss'e,
226 1057 297 1097 quia
315 1056 401 1088 simul
418 1054 526 1087 futura
540 1078 550 1093 ,
576 1055 606 1086 ἃ
628 1063 691 1086 11011
720 1052 827 1084 sutura
851 1052 913 1084 ess'e

49 1109 113 1132 non
128 1105 318 1140 potuerunt,
338 1097 449 1128 horum
464 1096 547 1127 enim
563 1105 665 1137 pugna
683 1094 832 1126 naturalis
854 1093 909 1125 est.

48 1141 153 1181 Atque
169 1139 237 1170 haee
253 1137 297 1169 est
320 1137 453 1169 Diodori
472 1137 624 1169 sententia
640 1160 650 1176 ,
675 1145 767 1177 quam
786 1135 912 1176 prolixe

48 1189 167 1213 enarrat
190 1180 270 1211 idem
288 1179 417 1212 Tullius
436 1182 469 1210 cie
492 1178 564 1210 Fato
587 1178 618 1209 C.
649 1188 695 1220 ¹3·
722 1186 769 1217 17.
791 1176 826 1211 &³
862 1182 912 1211 18.

47 1231 105 1255 nec
120 1221 259 1253 dill'eiitit
270 1221 398 1253 Stoicus
414 1221 531 1253 Seneca
547 1221 606 1261 Epi
606 1218 644 1259 si.
674 1228 743 1261 101.
768 1219 912 1259 quamvis

47 1263 194 1304 Cujacius
219 1263 375 1295 Comment.
398 1263 434 1294 ad
457 1263 477 1293 l.
496 1271 562 1295 100.
580 1263 619 1304 ff
645 1263 679 1293 de
704 1260 746 1292 V.
770 1261 810 1292 O.
832 1260 909 1292 Stoi-

47 1316 94 1340 cus
112 1314 209 1337 omnes
231 1303 409 1336 existimare
433 1303 517 1336 dicat
535 1328 544 1344 ,
578 1303 661 1345 quod
683 1302 827 1334 futurum
847 1301 910 1340 est,

47 1356 112 1378 non
139 1345 200 1377 ess'e
222 1345 343 1377 ncecil'e
365 1345 490 1377 evenire
505 1369 514 1385 ,
539 1355 611 1377 cum
632 1344 724 1386 poliit
744 1344 774 1375 dc
797 1353 860 1375 non
879 1353 908 1374 6-

48 1387 164 1420 venii-e.
210 1387 318 1433 Quum
335 1396 438 1418 autem
458 1387 611 1419 Auctorcs
629 1384 746 1424 nostri,
771 1392 806 1416 ut
826 1384 909 1417 addit

47 1429 92 1462 ibi
118 1427 264 1469 Cujacius
281 1453 290 1467 ,
323 1429 353 1460 ὁ(
383 1428 476 1460 latius
498 1427 680 1469 exsequitur
713 1427 754 1458 L.
782 1425 906 1459 XXVI.

47 1471 178 1511 Observ.
202 1470 233 1502 C.
257 1480 309 1510 40.
335 1469 373 1500 ab
395 1469 512 1502 Stoicis
533 1469 600 1501 fere
625 1468 746 1501 fuerint
772 1467 906 1506 imbuti,

46 1513 143 1545 ctiam
159 1511 216 1544 hac
233 1521 288 1543 eos
309 1519 415 1542 mente
432 1510 523 1543 fuisse
541 1510 649 1543 scribit
664 1533 675 1548 ‚
699 1518 736 1541 iit
753 1508 907 1541 existima-

46 1554 170 1593 verint,
192 1552 354 1595 praesentia
372 1552 497 1593 quidem
515 1553 545 1585 ὅ(
559 1552 720 1593 praeterita
735 1551 796 1583 esse
811 1558 906 1590 certa,

46 1595 98 1629 sed
113 1605 177 1628 non
191 1605 216 1627 ae
240 1603 279 1626 ue
295 1593 412 1626 futura.
430 1593 584 1635 Agnoscit
595 1602 710 1631 tamen,
721 1593 751 1625 &
762 1591 906 1634 agnosce-

44 1647 80 1671 re
96 1636 206 1668 debuit
218 1604 310 1668 ci’auli
326 1657 338 1673 ‚
364 1635 395 1668 in
412 1636 606 1667 contrarium
631 1634 736 1667 euntis
753 1658 763 1674 ,
788 1634 907 1666 senten-

46 1679 123 1710 tiam
145 1679 177 1711 in
208 1677 228 1710 l.
261 1681 311 1712 28.
344 1675 371 1718 §.
402 1677 461 1709 ult.
491 1676 532 1719 ff.
560 1679 595 1710 de
617 1676 725 1718 Jaaic.
748 1676 800 1708 sed
827 1674 909 1707 nihil

43 1729 143 1762 porro
163 1719 307 1751 extricat.
354 1717 461 1761 Digna
479 1728 557 1751 vero
573 1718 618 1751 est
638 1718 705 1750 haec
734 1717 822 1749 Pauli
845 1715 908 1749 sen-

45 1762 167 1801 tentia,
191 1770 284 1802 quam
298 1761 475 1792 accuratius
498 1761 656 1802 explicem
686 1760 716 1792 &
740 1768 812 1790 cum
837 1758 907 1790 reli-

65 1803 112 1835 uis
128 1801 282 1844 JCtorum
300 1801 441 1834 Familiis
459 1811 658 1844 componam.
703 1800 789 1833 Ecce
812 1799 908 1831 verba

68 1844 151 1876 auli:
176 1845 210 1876 Si
223 1843 451 1884 paterfamilias
476 1851 613 1876 mortuus
636 1841 703 1884 effet
719 1865 730 1881 ,
750 1841 854 1874 relicto
873 1851 905 1873 u-

42 1896 79 1918 no
90 1885 159 1926 filio
171 1911 180 1925 ‚
202 1885 239 1921 ἐπ”
253 1895 347 1918 uxore
357 1892 535 1927 praegnante
552 1909 562 1925 ‚
599 1896 658 1917 non
681 1885 760 1917 reite
778 1884 866 1924 filius
887 1894 906 1915 a

41 1929 221 1961 debitoribus
235 1934 353 1969 partem
368 1929 523 1960 dimidiam
545 1929 654 1960 crediti
672 1933 771 1968 petere
783 1923 877 1968 polest
895 1949 906 1966 ,

42 1972 181 2012 quamvis
198 1969 298 2012 postea
329 1979 409 2002 unus
423 1969 511 2011 filias
530 1977 622 2002 nattis
635 1967 678 2009 fic
697 1992 706 2007 ,
728 1970 800 2010 quia
822 1972 902 2008 pote-

41 2019 115 2044 rant
137 2015 240 2053 plures
260 2011 342 2051 nasci
362 2035 371 2051 ‚
396 2021 470 2043 cuM
493 2021 555 2044 PER
580 2020 704 2044 RERUM
727 2018 904 2042 NATURAM

43 2063 186 2086 cER'rUM
209 2063 355 2093 11061111,
381 2063 486 2085 UNUM
510 2063 618 2086 Niiscr.
666 2053 725 2083 Sed
747 2053 902 2089 Sabinas,

43 2093 154 2136 Caffius
170 2119 179 2133 ,
205 2102 322 2135 partem
343 2102 485 2136 quartam
506 2097 569 2136 peti
592 2094 717 2135 debuisse
735 2117 746 2133 ,
766 2096 837 2135 quia
855 2094 900 2124 in-

42 2143 157 2169 certum
176 2137 242 2178 effer
262 2159 272 2175 ,
293 2147 333 2168 an
354 2144 416 2169 tres
431 2144 647 2170 nascerentur:
670 2147 722 2169 nec
738 2145 900 2168 rerumna-

42 2187 145 2210 turam
165 2180 361 2217 intuendam,
391 2188 430 2210 IN
465 2189 536 2221 QUA
570 2188 687 2211 OMNIA
711 2186 826 2210 CERTA
850 2186 900 2209 Es-

43 2230 150 2260 sENT,
175 2230 248 2252 cmi
272 2229 411 2253 FUTURA
434 2230 568 2262 orique
594 2220 833 2260 1³1ERENT,sed
851 2229 900 2250 no-

33 2261 134 2303 stram
160 2263 346 2294 inscientiam
372 2262 463 2302 aspici
481 2264 592 2294 debere.
637 2261 758 2301 Vides,
782 2271 847 2293 non
871 2270 900 2292 a·

40 2303 113 2336 liam
140 2303 202 2335 esse
230 2302 463 2344 Philosophiam
492 2303 580 2335 Pauli
595 2326 606 2342 ,
639 2312 730 2344 quain
747 2302 902 2334 Sabini&

41 2344 149 2384 Caffii,
197 2346 227 2376 ui
241 2344 350 2376 futura
363 2345 450 2385 ajunt
467 2344 528 2376 esse
544 2353 631 2376 certa
643 2351 698 2385 per
721 2355 823 2375 rerum
847 2353 900 2374 na-

41 2394 139 2418 turam
153 2355 250 2425 ,qhoe
266 2385 328 2423 est,
353 2396 408 2428 pei·
423 2396 490 2418 eain
515 2385 674 2417 causarum
700 2384 810 2417 seriem
829 2409 839 2424 ,
864 2385 902 2416 de

41 2437 101 2470 qua
119 2427 248 2460 Tullius
271 2427 354 2459 dixit
378 2428 409 2459 in
433 2427 617 2459 definitione
644 2426 723 2459 Fati.
769 2427 902 2468 joannes

41 2470 205 2502 Mercerus
219 2468 256 2500 ad
268 2469 395 2508 Proefat.
420 2469 602 2510 Harmenop.
625 2477 749 2500 certum
764 2468 826 2500 esse
847 2477 901 2509 pu-

42 2517 108 2550 tat,
131 2520 185 2551 per
197 2521 298 2542 reram
312 2518 456 2543 naturam
478 2510 559 2553 apud
575 2510 706 2542 Paulum
725 2510 902 2551 intelligen-

43 2551 117 2582 dum
138 2551 198 2582 effe
220 2552 338 2590 Deum3
360 2562 418 2585 nec
439 2562 498 2594 ego
522 2551 647 2584 inficior
662 2551 694 2583 id
712 2561 824 2583 verum
841 2550 903 2582 effe

43 2601 83 2624 ex
105 2600 208 2624 mente
222 2594 393 2635 Veterum,
417 2596 470 2636 qui
494 2593 619 2633 fatum,
644 2601 786 2625 naturam
801 2616 812 2632 ,
836 2592 900 2624 De-

43 2642 179 2675 umque,
203 2634 233 2666 &
261 2635 323 2667 hoc
340 2659 349 2675 ‚
374 2636 459 2678 quod
481 2635 568 2667 vides
582 2658 592 2674 ,
617 2634 796 2666 universum
820 2634 902 2666 idem

44 2673 106 2706 effe
119 2675 313 2708 crediderunt
321 2677 602 2718 ,quemadmodum
618 2675 651 2707 id
665 2676 832 2717 aliquoties
846 2685 901 2708 ex-

45 2716 120 2747 tulit
135 2717 266 2756 Seneca,
288 2717 321 2749 in
337 2718 444 2759 primis
466 2719 506 2750 L.
531 2717 586 2750 IV.
611 2719 646 2749 de
668 2717 795 2759 Benefic.
819 2718 851 2749 C.
870 2728 902 2759 7.

47 2755 84 2790 ὅ)
105 2761 134 2792 3.
158 2757 188 2788 &
201 2767 270 2798 quae
289 2758 440 2792 Veterum
457 2758 607 2801 sapientia
622 2760 655 2791 in
677 2758 808 2801 Spinosa
831 2769 903 2801 qua-

47 2797 117 2828 dam
144 2799 292 2844 progenie
321 2801 425 2833 nostra
456 2809 550 2833 aetate
578 2801 793 2842 repullulavit.
844 2801 905 2835 Sed

49 2847 127 2884 vero
141 2839 232 2870 nobis
249 2839 330 2872 idem
345 2841 450 2874 dicere
463 2852 528 2875 non
549 2843 638 2875 licet.

90 2879 167 2917 Ait,
182 2881 269 2926 'quia
289 2888 426 2918 poterant
443 2885 550 2925 plures
574 2885 670 2916 nasci.
716 2884 850 2916 Videtur
876 2884 908 2916 id

47 2921 261 2968 contradicere
280 2921 492 2965 sequentibus,
504 2927 557 2968 qui
572 2926 656 2958 enim
674 2934 822 2968 poterant
837 2925 906 2967 plu-

48 2971 97 2994 l'es
113 2961 212 3001 ssascli
238 2973 303 2994 cum
319 2986 329 2999 ,
348 2974 384 2997 ut
400 2965 543 3007 subjicit,
567 2975 621 3008 per
639 2978 741 2999 rerum
764 2975 907 2999 naturam

47 3009 163 3034 cenum
174 3003 235 3042 fit.
257 3015 349 3037 unum
363 3008 471 3039 nasci?
492 3009 908 3051 Sedloquiturdeeo,quod

49 3054 108 3093 nos
121 3044 216 3093 latet3
237 3053 394 3087 poterant,
409 3047 538 3095 'scilicet
551 3050 636 3092 quod
651 3051 690 3082 ad
707 3050 838 3092 nostram
861 3053 906 3082 in-

40 3087 222 3133 scientiam.
247 3096 282 3119 ut
296 3099 371 3121 mox
389 3097 432 3121 ait
447 3113 458 3129 ,
482 3091 512 3123 &
536 3091 608 3123 inde
631 3099 734 3124 natam
759 3093 908 3125 Praetoris

48 3127 262 3174 prudentiam,
287 3129 348 3170 fic,
373 3131 517 3178 inquam,
538 3140 676 3173 poteram
689 3135 792 3174 plures
807 3136 907 3171 nasci,

48 3178 115 3200 ‘um
127 3192 138 3210 s
162 3169 192 3201 ld
208 3169 270 3210 est,
293 3181 436 3214 quamvls
453 3179 509 3215 per
525 3184 626 3210 rerum
640 3182 782 3210 naturam
795 3183 910 3210 cerium

949 387 1076 429 suerit,
1099 396 1192 420 unum
1206 389 1303 420 nasci.
1350 389 1401 421 De
1420 399 1454 422 ea
1476 390 1641 431 prudentia
1658 389 1830 421 Auctor-iim:

955 430 1036 470 juris
1052 430 1134 462 idem
1149 430 1262 462 Paulus
1277 433 1371 463 eodem
1386 432 1480 463 Libro
1506 431 1647 463 XXVII.
1673 436 1710 462 aa
1737 432 1829 462 Plau--

958 473 1036 503 tium
1059 473 1219 514 eleganter
1238 472 1320 504 dixit
1346 474 1374 505 in
1402 475 1420 504 l.
1446 484 1476 515 3.
1495 474 1536 514 ff.
1577 474 1699 513 δέραν]
1722 474 1830 504 haered.

954 521 1016 554 pec.
1035 514 1141 545 eadem
1160 514 1252 554 plane
1274 514 1478 557 Philosophia
1495 526 1503 553 ;
1529 515 1673 556 quamvis
1692 514 1775 546 enini
1799 524 1832 544 ur-

957 564 1031 586 nuui
1055 555 1209 586 duntaxat
1231 555 1267 587 fit
1290 557 1428 598 paritura
1452 556 1688 588 materfamilias
1703 580 1712 595 ,
1737 564 1832 596 atque

958 596 1036 628 adeo
1053 596 1084 628 id
1100 604 1210 628 natura
1225 601 1347 629 certum
1367 599 1403 630 lit
1420 623 1428 638 ,
1455 607 1558 630 tamen
1578 608 1641 630 non
1664 598 1721 629 iiiii
1741 606 1829 638 quar-

959 645 1022 669 tam
1036 646 1157 679 partem
1176 638 1259 670 retie
1277 639 1340 681 peti
1356 639 1482 681 censet,
1508 642 1578 681 qnia
1594 640 1666 680 sieri
1686 646 1807 681 poterat:
1819 661 1831 677 ,

958 687 991 710 ac
1007 681 1166 721 tergemini
1186 688 1396 713 nasceremur.
1443 681 1560 714 Rursus
1576 682 1661 723 quod
1685 682 1721 713 ad
1741 682 1830 722 igno*

958 721 1092 767 rantiam
1108 722 1244 754 nostram
1261 747 1270 762 ,
1296 733 1365 765 qua:
1389 724 1545 757 incertum
1569 724 1669 763 facit,
1694 723 1780 765 quod
1803 732 1832 753 a-

959 763 1083 805 lioquin
1097 770 1207 794 natura
1224 773 1346 797 certum
1363 764 1416 797 cst.

987 804 1132 840 vScilicet
1151 804 1224 851 JCti
1249 806 1371 846 nostri,
1398 817 1481 839 vcrae
1503 808 1588 841 illius
1614 806 1831 849 Philosophiae

956 844 1160 883 Sacerdotes,
1186 847 1228 877 iic
1252 847 1415 880 versantur
1434 849 1465 881 in
1486 850 1563 882 Arte
1582 874 1592 890 ,
1618 858 1711 891 quam
1734 849 1831 890 profi-

957 893 1063 932 tentur
1078 909 1088 924 ‚
1121 887 1265 928 populari
1286 913 1295 928 ,
1321 898 1355 921 ut
1372 915 1382 929 ,
1407 891 1445 922 dc
1463 901 1648 933 quacunque
1671 901 1704 922 re
1728 891 1831 923 sermo

956 928 1011 965 iit,
1036 936 1103 957 eam
1123 927 1312 961 transferant
1327 932 1365 962 ad
1383 932 1454 972 Jus,
1479 934 1562 974 quod
1589 933 1688 965 horno
1708 932 1833 965 homini

955 966 1099 1012 praestare
1112 967 1224 1013 debet,
1251 972 1416 1013 quodque,
1442 983 1477 1005 ut
1498 975 1553 1007 usu
1569 975 1712 1007 obtineat
1729 998 1739 1015 ,
1764 984 1830 1006 non

955 1008 1047 1054 aliter
1063 1007 1214 1056 aestimare
1237 1012 1335 1051 licet,
1362 1024 1454 1055 quam
1478 1026 1518 1047 cx
1542 1016 1675 1048 humana
1696 1015 1830 1048 scientia

955 1049 1007 1081 vel
1023 1059 1208 1096 ignorantia.
1291 1056 1410 1087 uainvis
1436 1057 1533 1097 igitui-
1557 1058 1739 1098 putaverint
1756 1082 1766 1097 ‚
1791 1065 1829 1089 ut

953 1098 1080 1132 putaVit
1096 1091 1227 1124 Sabinus
1242 1094 1272 1126 ὃ(
1291 1095 1408 1128 Caiii‘us
1421 1121 1430 1137 ,
1456 1100 1595 1139 itemque
1614 1099 1728 1131 Paulus
1744 1124 1753 1139 ,
1778 1098 1830 1130 fu-

956 1140 1026 1163 tura
1041 1141 1096 1174 per
1116 1142 1219 1180 16111111
1241 1144 1384 1168 naturam
1400 1138 1462 1170 effe
1476 1149 1581 1178 certa,
1606 1141 1763 1172 continuo
1782 1148 1827 1172 ta-·

955 1182 1026 1221 nien
1044 1174 1182 1215 docent,
1208 1186 1240 1208 in
1259 1177 1337 1209 Arte
1361 1179 1466 1212 nostra
1480 1191 1538 1213 non
1561 1192 1664 1213 rerum
1683 1190 1829 1214 naturam

956 1219 1132 1263 miza-milam
1151 1240 1159 1255 ‚
1189 1219 1245 1257 jeci
1267 1219 1400 1260 nostram
1421 1225 1574 1262 inscitiam
1599 1226 1692 1265 ulpici
1713 1225 1827 1256 debere.

954 1256 1052 1306 Audis
1064 1257 1154 1305 ‘ipsos
1171 1259 1270 1299 JCtos
1287 1261 1412 1295 nostros
1429 1288 1439 1304 ,
1466 1272 1542 1297 cum·
1564 1266 1651 1298 audis
1677 1266 1828 1299 Senecam

954 1300 982 1330 cl.
1002 1299 1106 1347 iniust.
1142 1309 1214 1333 101.
1259 1303 1411 1337 Volvitur
1430 1329 1439 1345 ‚
1468 1307 1593 1349 inquit,
1619 1315 1734 1350 tempus
1755 1315 1828 1341 rata

954 1344 1072 1382 quidem
1089 1343 1152 1384 lege
1171 1366 1180 1382 ‚
1196 1343 1252 1384 sed
1267 1352 1322 1386 per
1345 1349 1509 1388 obscuram.
1558 1349 1644 1395 Quid
1665 1357 1765 1383 autem
1786 1353 1827 1383 ad

952 1393 997 1414 me
1011 1406 1021 1420 ‚
1058 1394 1097 1415 an
1120 1391 1238 1418 natarae
1259 1389 1434 1433 certumrfic
1451 1415 1460 1430 ‚
1486 1395 1562 1434 quod
1578 1395 1653 1425 mihi
1673 1396 1827 1425 incertam

952 1424 993 1472 ζμ
1006 1425 1023 1457 ἵ)
1045 1425 1159 1467 Neque
1177 1428 1216 1460 ab
1242 1429 1300 1462 hac
1324 1432 1466 1465 doctrina
1488 1433 1610 1466 diffidet
1625 1434 1827 1468 Modestinus

951 1477 983 1512 111
1009 1467 1030 1499 l.
1060 1476 1127 1500 100.
1148 1469 1190 1510 ff.
1204 1472 1248 1518 'de
1270 1472 1312 1504 V.
1340 1474 1379 1505 Ο.
1403 1475 1479 1506 licet
1502 1476 1546 1507 ita
1568 1476 1714 1508 videatur
1733 1477 1827 1518 Cuja-

951 1509 1057 1558 cionad
1081 1512 1110 1541 d.
1133 1511 1154 1543 l.
1178 1512 1230 1544 Sic
1248 1514 1451 1548 Modestinus
1465 1517 1525 1549 ait:
1551 1518 1688 1550 Condicio
1703 1521 1734 1551 in
1747 1525 1826 1561 proe-

952 1557 1080 1599 tertiam
1093 1576 1102 1591 ,
1126 1563 1182 1585 non
1199 1562 1327 1603 'tantum
1338 1560 1468 1599 praesens
1486 1567 1601 1602 tempas
1617 1561 1717 1593 relata
1732 1585 1743 1601 ,
1758 1560 1826 1603 sla-

953 1600 1008 1625 tim
1024 1601 1076 1625 aut
1092 1602 1218 1635 peremit
1233 1599 1460 1641 obligationem,
1481 1609 1536 1633 aut
1556 1605 1672 1635 omnino
1693 1613 1751 1636 non
1765 1604 1828 1643 dif-

944 1635 1026 1684 ferc3
1073 1636 1237 1685 QUPd.²²st
1254 1663 1264 1679 ,
1299 1641 1528 1684 obligationem
1545 1669 1556 1684 ,
1591 1646 1631 1677 dc
1657 1655 1718 1687 qua
1740 1646 1829 1688 agit,

945 1677 1054 1727 statim
1074 1688 1206 1720 perimi,
1231 1689 1285 1713 aut
1300 1692 1365 1715 non
1381 1684 1519 1725 differri,
1546 1688 1590 1718 ita
1610 1687 1777 1729 intelligo,
1803 1688 1828 1720 fi

943 1719 1053 1767 statim
1069 1721 1173 1767 *de-ea
1199 1723 1385 1770 conditione
1412 1726 1555 1759 constare
1579 1728 1721 1770 poterit,
1746 1729 1826 1760 alio-

950 1772 1026 1809 quin
1044 1762 1158 1809 dilatio
1175 1766 1366 1806 requiritur,
1391 1778 1489 1810 usque
1506 1769 1582 1801 dum
1599 1769 1740 1811 constet,
1765 1780 1826 1802 nec

948 1803 1018 1851 ipso
1042 1813 1110 1844 Jure
1125 1828 1135 1844 ,
1161 1814 1294 1853 propter
1315 1808 1526 1850 ignorantiam
1548 1811 1685 1843 nostram
1700 1836 1710 1852 ,
1735 1822 1823 1845 com-

948 1853 1095 1878 mittetur
1111 1846 1277 1894 obhgatio.
1324 1851 1422 1898 Quod
1445 1859 1551 1883 autem
1572 1853 1775 1886 Modestinus
1797 1854 1824 1885 i-

948 1887 1019 1919 dem
1033 1897 1098 1934 non
1111 1887 1229 1920 dixerit
1245 1890 1284 1921 de
1305 1890 1415 1924 futura
1434 1893 1621 1926 conditione
1638 1919 1647 1934 ,
1673 1895 1758 1936 quod
1783 1895 1826 1927 de

947 1927 1094 1970 praesenti
1116 1929 1146 1961 ὅ(
1165 1932 1344 1972 praeterita,
1369 1933 1462 1966 aliani
1486 1935 1514 1966 ei
1532 1959 1542 1974 ,
1568 1946 1662 1978 quam
1684 1937 1823 1976 Sabino,

947 1970 1049 2002 Caffio
1068 1995 1077 2010 ,
1120 1972 1150 2002 &
1177 1971 1275 2004 Paulo
1299 1983 1439 2007 mentem
1465 1975 1558 2008 fuisse
1585 1977 1737 2018 Cujacius
1765 1977 1824 2010 sibi

945 2011 1111 2059 persuasit:
1136 2012 1207 2060 sed,
1233 2015 1265 2046 ni
1281 2015 1378 2048 fallor
1394 2041 1403 2056 ,
1429 2025 1557 2051 temere.
1603 2019 1649 2051 Hi
1672 2020 1728 2060 ipsi
1748 2043 1757 2059 ,
1782 2020 1824 2051 de

945 2057 1054 2086 futura
1074 2054 1261 2087 conditione
1282 2056 1469 2090 sententiam
1491 2061 1620 2102 rogati,
1646 2061 1823 2103 respondis-

945 2095 1032 2135 sent,
1057 2105 1112 2137 per
1125 2104 1268 2143 naturam
1284 2099 1410 2140 quidem
1428 2110 1496 2133 earn
1519 2102 1581 2135 ess'e
1597 2111 1717 2135 certam
1734 2127 1744 2142 ,
1770 2102 1822 2135 sed

969 2138 1031 2169 uod
1047 2138 1086 2184 ad
1101 2147 1159 2169 nos
1181 2148 1354 2180 incertam,
1380 2150 1475 2183 atque
1490 2143 1568 2176 adeo
1590 2145 1822 2186 obligationem

960 2178 1087 2220 uspendi
1107 2203 1117 2219 ,
1150 2179 1252 2226 donec
1275 2181 1313 2213 de
1336 2191 1455 2215 eventu
1479 2185 1630 2226 constet3
1655 2187 1718 2218 hoc
1734 2187 1821 2218 enim

945 2220 1008 2268 est,
1033 2221 1119 2262 quod
1134 2221 1263 2263 dicunt,
1289 2234 1346 2255 non
1363 2231 1507 2259 naturam
1535 2238 1661 2265 rerum,
1683 2228 1740 2268 sed
1771 2229 1820 2259 in·

936 2265 1102 2305 scientiam
1116 2262 1248 2310 nostram
1265 2266 1358 2306 aspici
1371 2269 1484 2300 debere.
1521 2270 1688 2311 Obligatio
1702 2271 1734 2302 in
1747 2279 1815 2301 mo-

945 2305 1020 2336 dum
1037 2304 1248 2352 conditionis,
1273 2308 1312 2338 tle
1323 2310 1488 2349 praeterito
1503 2318 1558 2342 aut
1573 2311 1720 2352 praesenti
1740 2321 1817 2343 con-

945 2355 1052 2388 cepta,
1079 2347 1246 2395 ilatimQfi
1267 2349 1390 2382 constet
1410 2375 1419 2390 ,
1445 2353 1660 2385 committitur
1675 2377 1685 2393 ,
1716 2362 1821 2394 neque

945 2398 1014 2419 eam
1036 2388 1073 2419 ad
1098 2389 1316 2422 conditionem
1334 2391 1521 2425 existentem
1545 2393 1673 2427 differre
1696 2394 1820 2427 necesse

945 2429 990 2461 est
1007 2453 1017 2468 ‚
1042 2439 1138 2470 quum
1162 2440 1272 2462 revera
1295 2433 1439 2465 conditio
1465 2444 1529 2467 non
1547 2435 1585 2468 fit
1607 2436 1627 2468 l.
1657 2446 1704 2469 10.
1731 2436 1759 2478 ἓ.
1789 2445 1816 2467 1.

939 2471 981 2513 ff.
1005 2473 1039 2502 de
1061 2472 1179 2503 Condit.
1203 2471 1275 2513 insi.
1297 2474 1336 2505 de
1356 2476 1519 2516 praeterito
1530 2476 1816 2520 praesentiquece1·-

947 2521 1015 2544 tuin
1032 2520 1209 2554 notumque
1228 2514 1311 2546 idem
1327 2515 1390 2548 effe
1403 2517 1509 2559 potest
1521 2542 1531 2558 ‚
1556 2519 1595 2551 de
1617 2519 1729 2551 futuro
1751 2527 1817 2550 non

947 2564 1045 2601 mque.
1091 2553 1313 2602 Quapropter,
1340 2560 1484 2599 quamvis
1496 2570 1545 2592 res
1564 2560 1673 2593 futura
1693 2568 1816 2593 natura-

947 2596 1026 2642 liter
1038 2604 1124 2627 certa
1139 2597 1177 2628 iit
1197 2597 1227 2629 ὅ(
1245 2599 1468 2640 immutabilis,
1494 2609 1632 2635 attamen
1650 2602 1762 2633 dilatio
1770 2610 1817 2632 re-

947 2644 1083 2684 quiritur
1101 2661 1111 2677 ,
1149 2648 1250 2686 usque
1273 2640 1348 2671 dum
1373 2650 1428 2683 pei·
1451 2651 1603 2675 eventum
1631 2644 1748 2684 liqueat
1763 2642 1818 2680 id,

945 2679 1031 2720 quod
1045 2681 1190 2711 futurum
1204 2679 1278 2713 fuit.
1317 2680 1431 2724 Neque
1448 2684 1486 2716 iis
1505 2685 1612 2724 obest,
1638 2691 1673 2716 ut
1688 2684 1743 2715 ille
1758 2693 1816 2725 pu-

946 2721 1032 2767 tabat
1048 2744 1058 2760 ,
1091 2722 1110 2753 l.
1135 2731 1186 2762 75.
1211 2721 1239 2762 §.
1266 2733 1296 2764 4.
1315 2723 1356 2764 ff.
1380 2727 1419 2756 cle·
1432 2725 1474 2757 V.
1500 2726 1540 2758 Ο.
1565 2735 1635 2757 nam
1660 2725 1745 2766 quod
1770 2724 1817 2756 ibi

945 2760 1128 2803 stipulatum
1144 2770 1211 2794 erat
1223 2787 1232 2803 ,
1246 2764 1268 2796 fi
1284 2774 1426 2798 naturam
1444 2776 1546 2798 rerum
1563 2766 1732 2805 intuearis,
1747 2775 1814 2797 eei·-

948 2810 1014 2850 tum
1031 2805 1176 2850 quidem,
1201 2803 1252 2851 sed
1269 2805 1308 2845 ii,
1335 2814 1403 2848 quae
1421 2809 1563 2839 omnium
1581 2807 1744 2839 hominum
1756 2808 1815 2846 est,

946 2853 1175 2886 ignorantiam,
1201 2854 1356 2878 incertum
1381 2857 1447 2880 erat
1464 2859 1474 2887 3
1498 2857 1593 2890 atque
1612 2849 1657 2880 ita
1672 2848 1704 2880 in
1721 2857 1815 2881 caete-

947 2896 1009 2926 ris,
1034 2895 1104 2927 quae
1124 2895 1268 2932 tanquam
1284 2889 1442 2920 contraria
1463 2889 1595 2931 arripuit
1615 2889 1763 2930 Cujzrcius
1779 2891 1821 2922 ad

948 2930 977 2960 d.
1009 2929 1030 2960 l.
1061 2937 1128 2959 100.
1155 2930 1185 2959 &
1208 2938 1240 2959 in
1265 2929 1368 2959 comm
1396 2931 1433 2961 ad
1456 2931 1475 2961 l.
1505 2934 1551 2963 16.
1570 2930 1611 2972 ff.
1643 2934 1678 2963 de
1699 2931 1813 2973 Injusl.

948 2975 1032 3010 rapi.
1053 2971 1111 3001 irr.
1126 2969 1207 3008 fabi.
1232 2969 1295 3009 zer.
1338 2969 1468 3002 Dixeris
1488 2980 1591 3004 tamen
1606 2972 1704 3005 Paulo
1729 2974 1760 3007 in
1784 2977 1815 3006 d.

950 3014 969 3043 ι.
996 3016 1045 3045 28.
1079 3010 1107 3052 §.
1133 3011 1191 3042 ult.
1221 3013 1254 3042 de
1276 3011 1355 3052 Jud.
1403 3013 1575 3054 Ulpianum
1599 3015 1819 3049 contradicere

950 3054 981 3084 in
1006 3054 1025 3082 l.
1051 3061 1101 3093 30.
1127 3051 1158 3098 §²
1180 3055 1209 3083 6.
1229 3052 1269 3094 ff.
1293 3056 1328 3084 de
1346 3053 1406 3095 Aq.
1431 3056 1480 3086 vel
1502 3058 1597 3087 omitt.
1619 3058 1724 3089 liaered.
1752 3067 1818 3099 quo

949 3093 1037 3125 forte
1058 3095 1088 3124 o‘c
1105 3096 1221 3139 reterns
1242 3095 1402 3135 vulgatam
1417 3096 1456 3127 dc
1477 3097 1640 3139 utriusque
1663 3099 1819 3131 aemulati‘

952 3143 1013 3166 one
1036 3133 1066 3165 ὅ(
1087 3133 1271 3166 dissensione
1294 3136 1431 3168 fabulam
1448 3161 1457 3176 ‚
1482 3136 1533 3170 sed
1547 3140 1642 3171 etiam
1659 3140 1717 3172 hac
1733 3149 1825 3181 parte
1861 3157 1865 3160 ·

953 3176 1035 3208 inter
1053 3182 1221 3217 utrumque
1236 3179 1410 3210 convenire
1427 3202 1436 3218 ,
1463 3187 1526 3213 tam
1552 3181 1636 3214 reete
1657 3182 1825 3224 expedivit

1379 3220 1401 3251 P
1425 3230 1444 3262 3
1752 3222 1823 3255 Do-
