2008 3436
440 112 841 151 CORNELII

207 193 355 234 obligasse
374 192 514 226 subditos
537 193 624 231 suos,
649 202 820 234 eorumque
843 192 926 224 bona
952 192 982 224 in
1002 191 1072 224 soli-

207 236 294 266 dum.
337 235 380 267 Et
397 235 496 274 recte,
518 235 590 277 quia
604 235 756 273 Ordines,
781 233 865 274 quod
881 233 919 265 ad
935 233 1070 272 tributa,

211 277 263 307 vcl
282 284 370 307 erant
390 275 432 307 sui
451 276 547 316 juris,
570 276 622 307 vel
646 276 756 316 utique
774 284 837 315 prce
862 273 892 306 se
916 273 1069 305 ferebant.

209 317 288 348 Sane
314 316 450 358 Principi
470 317 501 348 id
523 318 638 355 licere,
671 324 765 346 nemo
788 315 991 355 diffitebitur,
1015 314 1072 347 11111

207 358 259 398 qui
287 356 405 396 nescit,
437 367 507 399 quae
531 357 568 389 sit
587 357 668 388 ratio
687 354 796 387 summi
824 355 962 397 Imperii.
1010 355 1072 387 Sed

209 398 295 438 quod
310 398 446 440 Principi
466 399 560 436 licet,
585 407 648 429 non
666 397 819 428 continuo
841 397 952 428 licebit
975 395 1072 428 Cura-

208 439 329 470 toribus
354 439 483 471 alterius
502 439 653 478 cujusque
674 436 910 476 Univerfitatis,
941 445 976 468 ut
1001 436 1072 469 sunt

208 479 414 520 Magistratus
436 480 622 520 lingularum
647 477 789 509 Urbium.
835 478 877 510 Et
895 487 998 520 tamen
1023 477 1072 509 his

208 520 292 552 idem
316 522 411 552 licere
430 543 440 558 ,
471 530 511 551 ex
537 519 624 551 fatto
648 518 680 550 se
705 518 893 559 respondisse
918 525 1072 550 memorat

210 561 317 594 Bufius
340 562 376 593 ad
394 563 421 592 d.
440 562 459 592 l.
483 571 511 601 7.
537 559 563 601 §.
587 568 612 590 1.
628 560 670 600 ff.
682 557 909 607 Qcodcujusque
930 559 1070 600 Univers.

208 612 285 634 nom.
310 603 339 634 ὃ(
355 602 395 633 110
411 611 534 642 quoque
554 600 652 639 alius,
675 603 714 632 de
734 600 802 640 jure
819 599 1000 640 consultus,
1024 609 1071 631 re-

209 641 342 683 spondet
361 641 463 681 Coiifil.
486 641 570 673 Holl.
596 641 629 672 T.
648 641 685 675 IL
713 639 816 680 Confil.
838 646 889 683 84.
935 641 1023 685 Quin
1041 641 1072 673 ὅ(

210 683 335 724 judices
352 682 517 715 Leidenses
541 693 566 714 1.
583 683 668 723 Sept.
697 687 787 722 1578.
812 682 842 714 ὅ(
869 692 908 715 ex
933 682 1070 723 appella-

211 724 299 755 tione
316 724 411 756 Curia
432 723 613 756 Hollandiae
628 722 756 763 5.Nov.
778 723 959 764 1579.(17)
989 732 1073 754 uem-

209 765 297 803 dam,
322 774 380 805 pro
397 765 504 796 debito
519 764 669 796 Civitatis
683 764 867 804 detentum,
891 765 920 796 iii
939 734 1073 809 solidum

209 806 412 844 damnarunt,
436 816 499 837 non
516 806 576 837 alia
591 805 733 844 ratione,
757 814 849 845 quam
870 805 954 844 quod
969 806 1072 845 Magi-

211 845 341 886 stratus,
360 847 577 880 Univerfitatis
592 846 738 886 nomine,
757 846 984 889 obligationem
999 854 1074 878 con-

211 119 280 160 264
913 124 973 150 va
998 123 1024 150 Ν

802 960 1075 998 CAPU

1099 111 1697 151 BYNKERSHOEK

1114 199 1258 225 traxerat.
1302 193 1455 225 Similiter
1475 193 1583 225 eadem
1606 192 1703 226 Curia
1718 192 1869 234 iudicavit
1890 204 1968 231 anno

1118 238 1208 273 1588.
1233 235 1263 266 ὅ(
1279 235 1392 274 etiam,
1416 235 1448 266 in
1472 235 1560 267 causa
1584 244 1622 276 ap
1663 235 1820 274 nationis,
1840 236 1966 271 Senatus
2002 248 2005 257 ’

1113 275 1279 315 Supremus
1306 280 1354 310 18.
1382 276 1470 317 Sept.
1495 284 1584 316 1590.
1635 275 1701 316 18).
1745 276 1806 309 Sed
1828 284 1904 317 puto
1920 279 1965 311 vi·
2000 290 2001 293 ¹

1115 314 1193 347 tiosa
1209 316 1270 348 esse
1283 317 1337 348 illa
1355 315 1531 358 Responsa,
1556 317 1586 349 ὅ(
1612 315 1739 349 vitiosas
1762 326 1887 357 quoque
1907 318 1972 351 ess'e'

1113 355 1180 388 illas
1202 357 1399 396 Sententias,
1422 357 1495 399 quia
1516 357 1720 398 Magistratus
1741 356 1796 389 suo
1817 358 1884 398 jure
1905 368 1967 393 non

1114 396 1196 429 recte
1210 398 1330 440 obligat
1344 398 1441 431 Cives
1456 398 1546 437 suos,
1571 400 1601 430 &
1619 399 1741 440 privata
1752 408 1858 430 eorum
1876 400 1966 434 bona.

1114 437 1157 468 Et
1173 438 1215 469 110
1229 439 1322 471 etiarn
1350 439 1404 471 alii
1426 439 1539 471 restius
1556 439 1782 481 responderunt
1806 439 1907 479 Confil.
1929 441 1966 475 B.

1117 477 1232 524 T.·IV.
1259 479 1362 519 Confil.
1382 490 1433 521 57.
1469 481 1548 519 Suo,
1573 480 1718 522 inquam,
1737 481 1826 523 jure,
1855 491 1924 514 nam
1944 481 1968 517 ss

1114 517 1261 561 Princeps
1278 521 1308 552 id
1323 522 1359 553 iis
1378 521 1563 553 concefferit
1578 543 1590 560 ,
1611 522 1695 554 aliud
1718 522 1874 562 dicerem,
1896 522 1968 565 quia
2007 531 2008 537 ¹

1114 560 1238 606 eit-ejus
1256 561 1440 593 auctoritate
1461 561 1614 603 obligatio
1640 571 1716 595 tunc
1739 562 1890 595 censenda
1911 562 1965 596 est.

1113 600 1209 632 Aliud
1232 611 1357 643 quoque
1382 602 1536 642 dicerem,
1568 603 1591 636 fi
1611 603 1726 643 Cives,
1750 605 1781 636 in
1802 604 1882 637 hanc
1901 613 1966 638 rem

1113 641 1212 673 coacti
1231 665 1241 681 ,
1271 643 1424 683 eJusmodi
1444 643 1630 685 obligationi
1658 645 1870 678 consenserint
1885 667 1897 684 ,
1926 645 1968 678 fic

1115 682 1199 713 enirn
1220 682 1356 716 nascitur
1377 683 1498 724 sponsio
1524 684 1691 728 Civitatis.
1716 688 1745 719 ἃ
1760 696 1799 719 ex
1817 697 1852 718 ea
1879 686 1968 728 spon-

1115 723 1201 756 sione
1222 723 1331 765 singuli
1359 725 1546 766 obligantur.
1598 727 1701 768 Atque
1727 727 1758 759 id
1780 726 1879 769 ipsum
1903 725 1968 768 est,

1115 763 1211 837 {uon}
1218 773 1282 838 iffi
1294 764 1425 837 ogscure
1440 765 1578 800 indicant
1596 766 1802 802 Consultores
1817 770 1844 801 d.
1865 766 1985 808 Confil..

1146 830 1154 837 .
1207 829 1214 837 .
1273 830 1282 838 .
1331 804 1411 845 onfil.
1430 815 1484 847 57.

1126 960 1162 998 Τ
1258 960 1403 999 XIV.

345 1049 398 1083 An
424 1048 518 1084 liceat
547 1043 669 1093 Urbes,
695 1058 864 1095 earumque
890 1049 1004 1085 moenia
1029 1047 1212 1094 exstruere,
1239 1050 1388 1094 reficere,
1413 1050 1608 1095 extendere,
1634 1051 1757 1086 munire
1772 1049 1847 1097 fine

920 1096 1068 1144 consensu
1091 1098 1285 1145 Principis?

332 1203 403 1225 uros
430 1191 590 1226 exstruere
617 1203 678 1227 non
705 1194 783 1226 licet
806 1194 869 1227 fine
887 1195 1076 1227 austoritate

346 1235 519 1276 Principis,
544 1237 622 1267 adeo
639 1244 673 1266 ut
690 1245 789 1276 neque
811 1236 890 1281 apud
913 1236 1076 1268 Praefidem

212 1279 249 1312 lit
271 1280 336 1318 ejus
355 1276 397 1307 rei
420 1276 558 1348 potestas
581 1275 761 1308 inconsulto
787 1276 948 1317 Principe,
972 1284 1008 1308 ut
1031 1276 1077 1308 est

213 1320 293 1360 apud
319 1317 417 1350 Mode
448 1317 531 1348 inum
550 1320 581 1349 in
607 1317 627 1348 l.
649 1320 678 1347 6.
698 1316 739 1357 ff.
763 1318 796 1348 de
819 1317 909 1358 Oper.
930 1318 1012 1357 publ.
1036 1316 1077 1349 de

213 1359 344 1400 reliquis
363 1358 519 1398 Operibus
535 1357 668 1399 publicis
686 1357 867 1389 tantundem
883 1357 964 1389 dicit
991 1358 1022 1390 in
1045 1358 1075 1390 d.

214 1402 235 1432 l.
252 1404 282 1432 6.
328 1399 422 1442 Quod
446 1398 486 1430 110
511 1397 767 1440 intelligendum,
791 1398 813 1431 si
838 1398 962 1439 sumptu
979 1398 1078 1440 publi-

214 1452 255 1474 co
272 1439 470 1472 exsti-uantur
486 1439 506 1470 l.
533 1449 564 1481 3.
589 1438 616 1480 §.
647 1449 674 1471 1.
691 1439 732 1480 ff.
761 1439 836 1472 Eod.
858 1439 999 1481 alioquin
1023 1439 1077 1472 sub

214 1480 397 1524 quibusdam
416 1480 616 1512 cautionibus
628 1481 786 1521 permittit
802 1482 830 1512 d.
848 1481 912 1523 l.3.
923 1487 971 1522 pr.
996 1481 1077 1528 Quae

214 1524 370 1559 moenium,
398 1521 504 1553 eadem
528 1522 558 1553 ὃς
580 1521 714 1553 aliorum
741 1521 872 1563 Operum
896 1523 1078 1563 publicorum

214 1563 259 1596 est
279 1563 376 1595 ratio:
401 1562 482 1594 unde
509 1562 539 1594 ὅ(
564 1562 643 1604 apud
664 1562 768 1595 varios
791 1563 943 1596 Auctores
960 1563 1078 1605 promi-

215 1606 286 1639 scua
306 1603 353 1636 est
374 1612 480 1635 earum
502 1612 618 1636 vocum
643 1603 848 1644 significatio,
878 1612 914 1636 ut
933 1604 1078 1637 observa-

216 1646 264 1677 vit
278 1645 439 1678 Salmasius
457 1644 495 1676 ad
513 1643 627 1686 Hister.
649 1644 731 1688 Aug.
758 1646 919 1687 Scriptores
940 1645 972 1678 in
1000 1647 1079 1677 Com-

214 1688 292 1720 modo
313 1687 343 1718 C.
366 1695 412 1727 17.
458 1686 562 1725 Atque
580 1686 651 1717 inde
670 1687 841 1728 templum,
865 1693 901 1718 ut
923 1686 955 1718 in
982 1686 1078 1719 Colo-

215 1729 268 1762 nia
285 1727 531 1759 Tarraconnensi
553 1725 722 1759 strueretur
743 1727 906 1769 Augusto,
934 1737 997 1759 non
1023 1727 1080 1760 nisi

216 1769 398 1811 petentibus
420 1767 568 1809 Hispanis
583 1767 763 1800 concessum
784 1769 846 1801 effe
861 1768 968 1801 scribit
986 1769 1081 1801 Taci-

217 1817 268 1843 tus
289 1810 328 1842 L.
347 1809 371 1841 Ι.
396 1809 512 1841 Annal.
539 1810 572 1840 C.
595 1814 645 1850 78.
671 1809 700 1841 ὅ(
717 1809 915 1842 Prusenfibus
931 1820 948 1841 a
970 1810 1080 1851 Traja-

216 1861 258 1884 no
273 1852 343 1882 data
358 1849 494 1891 potestas
512 1849 691 1882 exstruendi
712 1860 831 1883 novum
854 1851 1022 1890 balneum,
1045 1859 1081 1882 ut

217 1891 315 1925 refert
332 1892 450 1924 Plinius
468 1891 508 1923 L.
527 1891 571 1924 X.
595 1889 691 1933 Epist.
707 1902 725 1924 2
783 1891 819 1927 ὅ)
837 1901 890 1932 25.
935 1891 1008 1924 Nec
1025 1892 1080 1924 ali-

219 1940 266 1965 ter
289 1933 429 1965 obtinuit
459 1933 538 1973 apud
564 1933 710 1972 antiquos
771 1933 921 1966 ollandos.
975 1933 1082 1978 Quare

218 1974 378 2016 Philippus
414 1973 598 2014 Burgundus
626 1973 921 2007 Wesseiwoudanis
954 1973 1081 2006 Curiam

218 2015 376 2047 exstruere
393 2014 529 2056 permisit
553 2024 604 2052 29.
630 2013 719 2047 Nov.
747 2025 837 2088 1445.
868 2015 937 2056 (1).
983 2015 1082 2047 1110111-

218 2066 278 2097 que
295 2056 374 2087 idem
393 2055 531 2097 permisit
548 2060 598 2086 -nr,
613 2055 645 2087 in
663 2057 801 2098 Sybekar
818 2057 867 2097 pel
881 2066 918 2088 en
931 2057 1084 2097 Benning-

218 2097 316 2129 brock
327 2107 384 2135 27.
403 2097 487 2137 Sept.
511 2101 600 2136 1462.
624 2097 692 2169 ξε).
738 2097 850 2129 Exstat
867 2097 961 2129 etiam
986 2098 1082 2139 privi-

221 2138 336 2179 legium
355 2127 490 2178 Philippi
512 2137 549 2169 Il.
575 2137 618 2169 Hi
637 2147 705 2178 pan.
730 2138 842 2180 Regis,
872 2148 936 2179 quo
957 2139 1081 2170 Alkma-

220 2179 313 2211 rianis
326 2188 357 2218 4.
374 2177 461 2209 Nov.
488 2187 577 2218 1557.
601 2188 714 2210 novam
733 2179 942 2220 Zugostafiam
969 2180 1083 2212 habere

220 2219 372 2251 conceifit
395 2219 478 2260 (3).
525 2218 576 2251 De
600 2219 691 2251 novis
718 2220 865 2252 Ecclefiis
889 2220 1084 2254 exstruendis

220 2261 306 2292 varia
325 2269 447 2301 quoque
469 2258 539 2292 sunt
563 2259 743 2292 Hollaiidiae
767 2260 964 2295 Gi'avionum
988 2262 1085 2304 privi-

220 2302 301 2343 legia
313 2325 323 2339 ‚
348 2311 418 2341 quae
431 2311 512 2332 nunc
528 2310 592 2332 non
609 2301 769 2334 recenseo.

265 2342 326 2375 Sed
344 2342 411 2373 baec
428 2342 551 2383 quidem
570 2342 608 2373 de
625 2342 656 2374 O
679 2343 784 2374 eribus
804 2344 916 2383 novis,
942 2342 1035 2375 semel
1059 2353 1089 2374 e-

221 2385 287 2417 nini
303 2382 481 2421 exsti-utta,
502 2383 564 2415 fine
582 2393 642 2414 con
658 2382 731 2416 ensu
758 2384 933 2426 Principis,
955 2384 1087 2416 reficere

224 2427 321 2458 licere
341 2448 352 2464 ‚
378 2424 485 2464 ecquis
517 2424 661 2456 dubitare
683 2424 758 2457 ausit
779 2426 796 2457 ἱ)
827 2426 922 2458 AEdes
949 2425 1088 2457 labantes

223 2466 388 2504 Deorum,
422 2475 527 2497 muros
551 2465 702 2504 Urbium,
736 2466 858 2499 ruinam
889 2467 1088 2506 minitantes,

224 2507 353 2540 reficere
365 2530 374 2544 ,
397 2505 532 2545 fulcire,
558 2507 587 2539 &
603 2507 717 2547 quovis
734 2509 830 2540 modo
847 2508 949 2546 tueri,
966 2508 1004 2539 ad
1018 2508 1089 2540 Ma-

224 2547 406 2590 gistratuuiii
421 2557 526 2578 curam
547 2557 618 2578 cum
638 2549 775 2580 maxime
792 2549 937 2590 pertinet.
969 2549 1090 2593 Quem-

225 2588 389 2620 admodum
406 2588 483 2619 olim
509 2588 628 2620 AEdiles
652 2588 807 2629 Romani,
830 2589 1091 2631 quemadmodum

226 2629 299 2662 alibi
317 2628 370 2659 alii
388 2628 589 2668 Magistratus
617 2630 702 2660 varie
724 2631 890 2672 appellati,
916 2632 1021 2672 Opera
1059 2640 1091 2662 u-

226 2670 311 2702 blica
335 2667 414 2700 sarta
434 2669 513 2699 tetta
534 2669 767 2710 conservarint,
791 2671 820 2703 ὅ(
843 2671 945 2703 adhuc
969 2640 1091 2704 conser-

225 2719 324 2749 vent,
347 2719 410 2741 non
430 2708 494 2748 est,
517 2710 570 2751 qui
589 2710 731 2751 ignorat,
755 2711 846 2743 ullus.
890 2713 967 2744 Eam
984 2712 1042 2743 Ma
1067 2712 1089 2743 i-

227 2750 378 2785 stratuum
394 2749 455 2781 effe
480 2760 585 2782 curam
604 2751 668 2782 sola
691 2751 771 2782 ratio
789 2751 990 2792 persuaserit,
1016 2751 1045 2784 se
1076 2775 1086 2790 ‚

227 2792 247 2826 11
267 2791 483 2824 aritini-itatem
502 2791 668 2829 desideres,
689 2801 764 2823 ecce
782 2793 879 2833 lmpp.
905 2793 935 2824 in
962 2793 982 2824 l.
998 2802 1030 2833 5.
1055 2794 1088 2828 C.

230 2835 264 2865 de
283 2834 371 2873 Oper.
385 2833 463 2872 publ.
487 2831 650 2873 postquam
666 2840 875 2873 negaverant,
899 2832 1021 2876 sumptu
1037 2844 1091 2876 pu-

231 2875 319 2906 blico
336 2874 440 2914 Opera
457 2883 556 2912 nova,
581 2873 643 2905 fine
666 2875 853 2905 auctoritate
879 2873 950 2912 sua,
973 2874 1089 2908 exstrui

234 2924 384 2956 oportere
395 2937 404 2952 ,
419 2915 604 2946 nominatim
618 2913 750 2946 addunt:
763 2925 797 2946 ea
809 2921 904 2945 tamen
924 2912 1088 2956 instauran-

233 2958 286 2996 di,
317 2966 377 2998 quae
392 2956 459 2998 jam
478 2955 651 2996 deformibus
667 2957 760 2988 ruinis
783 2956 958 2998 intercidzffe
986 2957 1087 2990 dicun-

311 3077 347 3113 7)
367 3077 455 3115 Decis.
471 3079 546 3107 mlxt.
570 3086 614 3114 71.

315 3119 348 3150 8)
372 3116 470 3144 Ibidem
485 3116 573 3154 Decis.
598 3126 660 3151 120.

313 3156 331 3228 ))
349 3153 520 3190 Handvesten
533 3163 587 3183 van
602 3154 766 3192 Weflwoude
786 3165 813 3194 p.
829 3165 875 3193 37.

268 3078 281 3113 (
294 3087 303 3107 i

270 3116 284 3151 (
298 3125 307 3143 1

267 3156 279 3188 (
293 3162 302 3181 1

269 3194 306 3227 (2
350 3191 521 3229 Handvestm
544 3202 598 3222 van
621 3193 784 3234 Sybaeltarspel
807 3205 841 3225 en
861 3195 1042 3235 Bennigbroek
1060 3202 1090 3234 p.

1118 1201 1166 1226 ταν
1179 1217 1188 1232 ,
1211 1194 1352 1234 universis
1368 1196 1518 1228 licentiam
1535 1197 1643 1228 damur.
1688 1195 1740 1228 De
1758 1195 1855 1227 muris
1872 1201 1982 1231 tamen.

1119 1236 1336 1267 contradicere
1361 1237 1481 1268 diceres
1504 1237 1671 1277 Ulpianum
1694 1237 1725 1269 in
1746 1237 1767 1267 l.
1784 1246 1815 1273 9.
1860 1260 1868 1268 .
1883 1248 1913 1276 4.
1933 1233 1974 1277 ff.

1119 1277 1153 1307 cie
1170 1275 1272 1316 Divis.
1287 1285 1344 1307 rer.
1368 1277 1404 1311 ὅ)
1418 1277 1496 1317 qual.
1520 1287 1591 1308 cum
1609 1278 1653 1308 ait
1665 1300 1674 1316 ‚
1695 1287 1787 1308 muros
1805 1276 1830 1308 Il
1846 1278 1976 1317 unicipa·

1120 1318 1161 1348 les
1177 1326 1229 1348 nec
1254 1316 1285 1348 R
1297 1316 1328 1348 E
1337 1316 1366 1348 F
1371 1317 1391 1349 Ι
1399 1317 1461 1349 CE
1471 1318 1502 1349 R
1515 1317 1544 1349 E
1573 1317 1658 1349 licere
1676 1316 1739 1357 fine
1757 1317 1908 1358 Principis
1925 1322 1977 1348 am

1119 1357 1253 1396 Praefidis
1268 1356 1449 1390 austeritate.
1488 1358 1676 1397 Scrupulum
1690 1359 1782 1390 habet
1797 1357 1852 1390 ille
1867 1358 1976 1398 locus,

1119 1399 1169 1432 sed
1187 1398 1284 1440 vulgo
1301 1408 1364 1431 non
1381 1398 1645 1438 animadversum,
1659 1399 1782 1440 quaefivi
1797 1399 1862 1439 ejus
1879 1398 1976 1430 Inter-

1120 1448 1240 1482 pretem
1259 1439 1426 1480 idoneum,
1460 1447 1494 1472 at
1517 1449 1583 1472 non
1610 1439 1726 1472 inveni.
1770 1438 1888 1481 Quidni
1910 1447 1976 1471 mu-

1120 1491 1195 1520 ros,
1239 1481 1269 1513 ui
1287 1480 1507 1521 collabuntur,
1530 1480 1661 1512 reficere
1678 1481 1787 1513 liceret
1801 1480 1862 1513 fine
1876 1479 1978 1513 aufto-

1121 1522 1215 1554 ritate
1255 1521 1385 1564 rincipis
1402 1522 1454 1554 vel
1470 1521 1635 1554 Praefidis?
1656 1521 1744 1554 Cave
1759 1520 1978 1561 existimes,in

1120 1565 1212 1595 muris
1226 1563 1278 1595 vel
1296 1563 1327 1595 in
1344 1564 1434 1595 muris
1451 1563 1686 1603 Municipalibus
1697 1562 1758 1595 esse
1775 1563 1827 1596 hic
1843 1562 1880 1595 ali
1905 1560 1978 1603 uid,

1121 1604 1206 1646 quod
1220 1603 1401 1646 singularem
1420 1604 1585 1636 notionem
1607 1603 1768 1637 desideret.
1848 1604 1876 1636 ui
1923 1603 1980 1645 igi-

1122 1646 1196 1678 tur?
1219 1655 1279 1687 ego
1297 1654 1353 1686 per
1375 1655 1466 1677 muros
1483 1643 1597 1685 reficere
1619 1645 1650 1677 in
1670 1646 1698 1676 d.
1725 1645 1745 1677 l.
1764 1655 1795 1684 9.
1841 1670 1848 1677 .
1867 1654 1899 1685 4.
1921 1653 1979 1687 po·

1123 1688 1186 1719 tius
1200 1686 1407 1719 intellexerim
1426 1695 1552 1724 muros,
1578 1695 1616 1719 ex
1632 1695 1692 1732 qua
1710 1685 1801 1719 causa
1818 1693 1909 1718 antea
1929 1685 1981 1717 de-

1120 1728 1236 1770 106103,
1259 1727 1360 1760 rursus
1375 1726 1553 1760 exstruere:
1576 1735 1612 1758 ut
1627 1727 1754 1760 licuerit
1767 1727 1892 1769 quidem
1913 1735 1980 1759 mu·

1120 1779 1172 1802 ros
1186 1770 1323 1801 labantes
1343 1775 1495 1810 reparare,
1518 1767 1686 1808 ιαπιςτίξεη,
1702 1768 1753 1802 sed
1770 1778 1836 1801 non
1855 1767 1980 1800 licuerit

1120 1809 1293 1843 destructos
1314 1811 1347 1842 de
1365 1820 1437 1842 novo
1449 1810 1572 1851 facere,
1596 1812 1714 1850 ἅψιὲι,
1737 1809 1853 1851 absque
1874 1808 1981 1840 austo-

1121 1853 1216 1885 ritate
1234 1851 1387 1892 Principis
1401 1859 1455 1883 aut
1475 1851 1624 1883 Praefidis.
1668 1851 1742 1883 Vox
1763 1850 1915 1882 iiuada-e
1927 1848 1982 1880 hic

1123 1892 1168 1924 est
1184 1902 1256 1924 cum
1276 1892 1306 1924 in
1326 1892 1483 1931 Bafilicis,
1507 1900 1572 1924 tum
1597 1893 1629 1924 in
1649 1891 1804 1930 scholiis,
1826 1891 1855 1923 &
1871 1888 1983 1932 instau-

1122 1935 1265 1966 rationem
1281 1933 1445 1973 fignificat.
1489 1932 1551 1964 Fae
1568 1933 1663 1974 igitur
1689 1942 1793 1965 muros
1817 1931 1983 1964 austerita-

1126 1984 1158 2007 te
1182 1974 1335 2015 Principis
1362 1974 1485 2006 dii-utos
1504 1996 1515 2011 ,
1544 1975 1595 2005 vel
1624 1983 1666 2006 ex
1697 1973 1792 2006 Paeto
1817 1982 1890 2005 cum
1918 1971 1985 2004 alio

1125 2015 1289 2056 Principe,
1312 2014 1414 2056 qualia
1431 2014 1523 2046 Paela
1547 2014 1630 2046 inter
1651 2014 1803 2047 finitimos
1825 2012 1986 2054 Principes

1125 2057 1206 2098 saepe
1227 2056 1426 2087 intercedunt
1435 2077 1447 2094 ,
1477 2056 1528 2087 vel
1549 2055 1618 2095 J‘ure
1642 2055 1783 2087 vistoriae
1800 2076 1811 2093 ‚
1841 2062 1878 2086 ut
1903 2052 1986 2086 muri

1125 2096 1422 2139 Hierosolymorum
1439 2096 1531 2128 diruti
1550 2095 1630 2137 apud
1646 2096 1798 2128 Tacitum
1813 2094 1854 2128 L.
1865 2095 1907 2127 V.
1923 2093 1986 2126 Hi·

1118 2138 1188 2180 fior.
1217 2138 1250 2169 C.
1269 2148 1298 2175 9.
1322 2138 1374 2169 vel
1397 2137 1429 2176 in
1450 2137 1579 2169 modum
1600 2145 1720 2178 poenae,
1749 2144 1860 2168 contra
1883 2134 1988 2168 Urbes

1125 2179 1256 2212 rebelles
1273 2178 1443 2217 exercitae,
1466 2187 1519 2210 eos
1534 2187 1597 2209 non
1622 2178 1732 2210 licebit
1753 2177 1870 2215 ahmin,
1891 2185 1986 2209 wrm

1127 2218 1269 2294 exfliiuevie
1284 2242 1296 2259 ‚
1327 2219 1383 2252 11111
1415 2218 1559 2251 adhibito
1584 2217 1738 2260 Principis
1767 2226 1823 2250 aut
1850 2218 1916 2252 Prae
1938 2216 1988 2250 dis

1128 2272 1189 2294 con
1205 2271 1242 2293 en
1258 2271 1287 2293 u.

1171 2303 1224 2335 Sic
1239 2302 1430 2343 interpretor
1447 2299 1565 2342 reficere
1585 2301 1616 2334 in
1632 2302 1660 2333 d.
1677 2302 1698 2334 l.
1717 2311 1746 2339 9.
1770 2300 1798 2343 §.
1819 2311 1849 2342 4.
1873 2300 1905 2333 ὅ(
1926 2299 1988 2340 fic,

1130 2343 1214 2385 quod
1231 2342 1382 2384 Ulpianus
1398 2343 1496 2382 dixit,
1509 2343 1662 2374 rationem
1677 2343 1770 2374 habet
1780 2365 1790 2381 ‚
1802 2351 1894 2383 quam
1909 2341 1990 2374 alio·

1127 2385 1202 2426 quin
1227 2394 1290 2416 non
1314 2384 1452 2415 haberet.
1503 2384 1721 2430 Exemplum,
1751 2392 1792 2414 cx
1819 2381 1990 2414 recentiori

1128 2425 1276 2464 historia,
1300 2425 1459 2467 praebeant
1475 2423 1662 2457 Alkmariani
1680 2423 1775 2456 nostri
1797 2423 1828 2455 in
1855 2421 1991 2456 Hellan-

1129 2467 1179 2499 dia
1203 2467 1336 2498 Boreali.
1381 2465 1428 2498 Hi
1453 2475 1470 2497 a
1493 2466 1640 2512 Philippo
1659 2464 1844 2506 Burgundo,
1873 2463 1917 2496 ob
1940 2471 1990 2494 re-

1130 2507 1321 2547 bellionem,
1351 2507 1428 2538 olim
1447 2506 1581 2538 damnati
1610 2505 1678 2538 sunt
1695 2529 1705 2544 ‚
1743 2515 1782 2536 ne
1802 2513 1908 2546 portas
1935 2503 1989 2536 vel

1133 2548 1324 2581 munitiones
1344 2548 1457 2579 habere
1480 2547 1607 2578 vellent.
1652 2545 1734 2578 Cum
1757 2555 1859 2578 tamen
1883 2544 1990 2578 invadi

1131 2597 1365 2627 metuerentur,
1390 2588 1484 2620 Curia
1500 2586 1675 2619 Hollandiae
1695 2591 1725 2621 8.
1741 2587 1801 2628 Jul.
1823 2585 1990 2661 144519.)

1131 2630 1267 2670 ejusdem
1282 2629 1415 2671 Philippi
1435 2628 1580 2666 nomine,
1606 2628 1803 2669 Magistratui
1820 2637 1920 2660 conce
1944 2636 1988 2668 it,

1130 2671 1249 2704 Urbem
1268 2671 1349 2703 suam
1375 2669 1472 2711 portis
1495 2668 1637 2700 claudere
1661 2671 1691 2701 ὅ(
1716 2670 1835 2701 munire
1859 2669 1989 2709 liceret,

1129 2720 1275 2745 manente
1298 2718 1399 2742 tamen
1421 2710 1684 2742 condemnatione
1692 2733 1704 2756 ,
1738 2718 1773 2741 ut
1794 2720 1864 2744 nem
1926 2718 1990 2742 rur-

1134 2752 1182 2785 sus
1206 2752 1391 2784 tollerentur
1419 2758 1518 2791 portae
1550 2750 1579 2782 δ(
1613 2751 1829 2790 munitiones,
1886 2751 1991 2784 mulae

1132 2794 1315 2835 imperatum
1332 2789 1416 2823 esset.
1462 2790 1556 2838 Quod
1572 2799 1675 2823 autem
1692 2792 1730 2824 de
1745 2792 1874 2826 Praefide
1898 2793 1942 2825 ait
1958 2791 1990 2824 d.

1133 2835 1152 2866 l.
1170 2844 1199 2872 9.
1224 2833 1252 2874 §.
1270 2843 1301 2873 4.
1324 2832 1409 2864 forte
1423 2832 1638 2873 accipiendum
1656 2831 1700 2864 cst
1716 2833 1755 2865 de
1771 2843 1810 2866 00
1826 2832 1915 2871 casu,
1927 2841 1990 2875 quo

1132 2875 1163 2907 id
1182 2873 1386 2906 Alkuiarianis
1434 2873 1548 2905 01111111(
1574 2873 1670 2905 Curia
1692 2873 1873 2907 Hollandiae
1895 2874 1991 2921 (que

1132 2916 1163 2948 ὅ(
1183 2913 1244 2956 ipsa
1259 2922 1349 2956 putat
1365 2913 1395 2945 se
1438 2913 1549 2946 raefidis
1564 2914 1671 2946 officio
1691 2914 1807 2958 fungi)
1827 2915 1849 2948 fi
1870 2913 1990 2948 scilicet

1131 2955 1267 2989 hostium
1286 2963 1388 2997 metus
1406 2963 1532 2996 urgeat,
1556 2958 1742 2997 ceteroquin
1763 2966 1799 2989 ea
1817 2965 1867 2990 res
1889 2955 1990 3002 Praell·

1943 2996 1991 3035 dn

1131 3087 1179 3151 441
1190 3079 1234 3155 ΞΑ).
1246 3115 1418 3155 Handvestm
1437 3125 1491 3147 van
1505 3117 1632 3148 Alkmaar
1650 3124 1678 3155 p.
1694 3123 1742 3153 45.

1167 3156 1229 3196 (4)
1249 3155 1351 3185 Ibidem
1371 3165 1400 3194 p.
1422 3163 1470 3185 22.
