2008 3436
182 127 251 166 4ss
398 117 719 157 GERARDI
777 109 1022 151 NOODT

182 202 318 234 luctetur
341 200 500 233 Dominus
525 210 585 232 van
612 193 833 239 Bynkershocl:
849 216 858 232 ,
890 192 953 224 fuit
970 191 1035 223 sen-

183 243 282 274 tentia
307 243 510 284 Tryphonini
541 243 560 273 l.
581 251 630 281 539.
664 239 704 271 D.
728 240 760 269 de
774 236 867 277 poems
885 235 915 266 in
935 233 1036 265 verbis

183 283 400 324 sequentibus:
429 285 524 315 Cicero
542 285 573 314 in
587 283 728 313 Oratione
742 285 792 319 pro
808 276 938 307 Cluentio
957 276 1035 307 Avi-

184 324 355 366 ZOscrififit,
381 325 531 364 JlIiltzsium
557 325 702 365 quantiam
727 319 892 355 mulierem,
915 327 977 347 cum
993 326 1035 346 er-

174 365 223 407 set
239 368 270 396 in
289 366 363 405 Afia
374 390 383 406 ,
408 369 479 408 quod
497 367 531 397 ab
547 361 838 405 heredibusseczcizdis
854 364 972 403 accepta
986 363 1037 397 pe-

183 408 272 438 cunia
284 413 403 447 partam
416 407 472 446 sthi
488 405 705 438 medicamentis
731 404 791 442 ipsa
819 400 951 440 abegillet
964 421 973 436 ,
995 399 1038 427 rei

184 449 321 488 capitalis
348 449 397 489 effi?
429 451 609 480 damnatam.
657 446 711 475 Sed
727 443 762 477 ἐξ
773 440 800 480 fi
814 450 869 481 qua
884 441 1040 480 ‘alswinus

173 489 237 531 fitis
254 488 317 530 post
341 492 499 521 divortium
517 512 528 527 ‚
559 488 629 529 quod
643 483 894 526 praegnansfuit,
917 482 978 510 vim
994 481 1039 509 in-

184 531 286 561 tulerit
313 554 324 569 ,
371 542 406 562 ne
438 532 503 573 jam
545 529 661 559 inimico
697 525 800 555 marito
836 522 934 561 filiam
973 526 1038 560 pro-

183 578 312 604 crearet.-
335 578 367 603 ut
386 571 535 611 temporali
552 569 640 599 exilio
666 568 828 597 coerceatur
853 563 888 593 ab
909 562 1038 602 Opriznis

184 612 408 653 imperatoriam·
429 611 532 652 nostri&
548 610 716 650 i·e)criptzciiz
732 604 782 646 est.
807 603 872 649 (¹)
884 603 970 633 Muri
989 602 1035 632 vi«

183 654 274 685 detur
294 654 544 695 Tryphoninus,
569 659 640 681 cuin
658 649 697 679 de
715 643 1013 690 abortuuisputarct
1025 667 1035 681 ‚

183 694 254 734 (est
279 696 361 725 enim
386 694 410 724 is
433 694 520 724 locus
544 701 584 722 ex
616 691 686 720 libro
704 689 747 721 X.
772 685 1039 729 Disputatiomcsn)

181 737 315 776 primum
339 734 431 765 fuiffe
453 733 623 764 detestatus
647 731 810 766 abortum,
836 728 901 758 istis
917 735 1037 765 tempo-

183 777 267 807 ribus
284 776 364 816 apud
384 784 477 806 omne
497 783 594 814 genus
613 772 778 803 mulierum
791 793 799 808 ,
833 767 911 799 sicut
930 776 969 798 cx
989 767 1040 798 Se-

181 827 278 854 neca,
302 816 439 853 Ovidio,
461 814 601 856 juvenali
621 837 631 851 ‚
662 809 888 843 evidentiffime
913 809 1040 839 demon-

186 859 277 888 stravi
303 859 329 888 d.
355 867 379 887 c.
404 857 459 888 alt.
485 856 567 896 Jzzlii
590 854 700 892 Pauli,
724 853 801 883 adeo
824 849 1041 890 frequentem3

183 908 219 930 ut
245 899 275 930 in
305 907 422 930 morem
449 896 570 939 prorsus
586 895 714 927 abierit:
740 896 770 925 ἅ
791 891 902 935 deinde
918 889 1042 930 inquisi-

183 939 261 971 visse
279 940 309 971 in
327 939 498 971 remedium
518 947 582 978 quo
599 946 665 968 rem
680 935 807 975 impiam
825 932 1042 963 &sceleratam

182 982 251 1021 §.ure
270 981 408 1012 coerceri
425 987 603 1020 oporteret:
629 973 815 1008 existimasse
834 980 960 1010 autem,
974 972 1041 1003 nul-

182 1024 243 1054 lam
270 1022 378 1053 Romae
403 1030 509 1052 extare
537 1019 654 1061 Legem
679 1027 737 1058 qua
762 1016 889 1046 abortus
907 1022 998 1058 quem
1018 1012 1041 1042 i-

182 1062 235 1104 psa
250 1062 302 1094 sibi
322 1063 553 1094 medicamento
566 1060 694 1092 inferret
712 1056 841 1094 mulier,
865 1064 922 1095 pro
932 1062 1040 1085 crimi-

183 1114 223 1136 ne
237 1112 291 1135 aut
316 1105 480 1135 haberetur
508 1111 562 1133 aut
583 1101 754 1142 puniretur.
799 1097 1040 1136 Argumentum-

184 1155 246 1185 que
263 1145 342 1177 effe:
368 1145 452 1186 quod
470 1143 525 1175 suo
542 1151 683 1183 tempore
701 1140 818 1172 Cicero
841 1138 872 1168 in
888 1135 1041 1167 Oratione

184 1186 243 1218 Pro
257 1187 387 1218 Cluentio
402 1186 496 1216 Avito
509 1184 649 1215 similiter
666 1181 819 1213 sollicitus
831 1178 868 1209 de
879 1186 971 1218 poena
990 1175 1041 1206 ab·

184 1236 292 1266 ortus,
316 1227 366 1268 (²)
389 1237 453 1259 non
470 1224 605 1268 protulit
626 1222 808 1263 exemplum
823 1228 862 1251 ex
880 1218 963 1250 Foro
978 1216 1041 1248 Ro-

184 1312 267 1349 egiffe
282 1334 290 1346 ,
318 1311 344 1340 &
362 1312 421 1347 eJus
438 1311 478 1340 rei
498 1309 615 1339 eandem
635 1314 701 1337 tunc
716 1305 853 1335 rationem
869 1299 963 1335 fuisse,
983 1307 1043 1338 quae

183 1350 282 1388 postea
297 1350 364 1383 fuit,
385 1350 411 1379 ὅ(
426 1352 461 1378 ab
483 1345 702 1385 Imperatoribus
723 1346 751 1372 in
772 1344 920 1379 Rescripto
943 1342 1042 1378 repeti-

169 1396 214 1420 „ta
238 1388 286 1418 est.
328 1389 357 1418 Si
380 1396 484 1424 quaeras
499 1409 506 1420 ,
536 1394 571 1414 an
589 1394 656 1422 ergo
680 1390 822 1418 nunquam
843 1387 907 1409 ante
930 1380 1043 1408 Cicero-

183 1436 266 1462 nem,
289 1427 336 1456 sub
352 1426 438 1454 libera
453 1424 610 1461 Republica
627 1445 635 1457 ,
664 1423 691 1451 id
708 1421 795 1458 ipsum
809 1419 920 1448 licuerit
935 1419 1044 1447 mulieri

182 1466 302 1502 nuptae?
331 1465 422 1492 dicam
437 1485 446 1497 ,
473 1464 541 1492 mibi
568 1470 627 1490 non
652 1461 759 1498 liquere
775 1481 782 1493 ‚
809 1467 861 1487 nec
880 1457 914 1485 de
929 1457 986 1491 his,
1009 1456 1044 1484 de

183 1504 286 1541 quibus
303 1511 360 1530 non
380 1501 483 1537 liquet,
518 1501 600 1529 facile
625 1499 678 1528 effe
693 1496 948 1536 pronunciandum.
989 1495 1045 1523 Ra-

183 1543 225 1571 tio
242 1541 268 1569 &
283 1541 411 1576 analogia
426 1541 498 1578 Juris
514 1538 648 1573 suadent,
667 1546 703 1566 ne
717 1536 820 1565 licuisse
835 1535 975 1566 dicamus,
998 1532 1043 1561 sed

184 1580 287 1608 cedunt
310 1580 350 1608 hae
370 1579 530 1607 austeritati
560 1578 647 1612 juris,
676 1575 695 1603 fi
711 1575 783 1603 hanc
800 1583 833 1602 ex
847 1572 980 1602 foecundo
996 1580 1042 1608 pe-

184 1619 260 1646 frore
284 1617 486 1654 deprompserit
504 1617 556 1645 Vir
572 1615 645 1643 Clar.
659 1622 756 1643 verum
772 1619 837 1641 ante
858 1611 902 1639 vel
919 1609 981 1648 post
998 1610 1044 1638 Ci-

184 1657 294 1685 ceronis
309 1662 417 1684 aetatem
433 1664 486 1692 ego
503 1654 697 1691 depromptam
719 1652 851 1680 hactenus
865 1658 924 1678 non
941 1648 1009 1677 vidi.

223 1704 248 1722 1.
268 1696 299 1724 In
322 1695 375 1722 hac
396 1693 558 1731 Paraphrasi
575 1698 601 1720 te
625 1692 766 1719 auctorem
781 1697 838 1718 non
855 1689 963 1724 sequen
985 1686 1043 1723 plu-

182 1732 252 1762 rima
280 1732 411 1770 supponis
425 1754 432 1766 ,
461 1733 496 1760 de
516 1731 616 1767 quibus
635 1729 704 1757 nihil
727 1728 765 1757 est
786 1729 813 1756 in
829 1726 1018 1763 Tryphonino
1031 1746 1039 1757 ,

183 1780 242 1800 non
261 1771 316 1799 alio
332 1771 403 1804 fine,
425 1779 509 1807 quam
523 1775 554 1797 ut
577 1768 717 1796 sententiae
738 1773 791 1795 tuae
807 1766 935 1803 serviant.
974 1764 1003 1792 Si
1018 1772 1044 1791 a·

183 1810 257 1838 liena
271 1810 330 1838 haec
345 1809 517 1844 rejiciamus,
538 1812 599 1835 tota
615 1804 789 1842 paraphrasis
807 1803 948 1832 concidet.

221 1856 249 1876 2.
273 1848 375 1876 Cicero
389 1847 507 1884 protulit
521 1844 682 1880 exemplum
698 1842 816 1873 Milesiae
832 1842 1043 1877 mulierisfflro·

181 1893 245 1923 pter
265 1887 411 1918 abortum,
442 1885 490 1913 sibi
513 1889 713 1921 procuratum,
735 1882 854 1918 punitae,
876 1880 958 1916 quia,
983 1887 1046 1907 cum

182 1925 240 1962 ipse
263 1925 290 1952 in
315 1923 377 1953 Afia
403 1923 469 1952 esset
484 1945 491 1957 ,
520 1931 553 1950 ea
575 1920 656 1949 causa
680 1920 826 1948 inciderat.
865 1919 904 1947 At
919 1926 968 1944 cur
988 1925 1046 1944 non

181 1963 302 2000 protulit
319 1971 352 1991 ex
369 1961 432 1990 foro
447 1960 603 1989 Romano?
630 1959 694 1995 quia
705 1980 711 1991 ,
743 1957 833 1993 inquit
850 1957 901 1985 Vir
916 1956 990 1983 Clar.
1007 1956 1047 1983 ibi

184 2001 350 2034 deficiebat,
371 2000 499 2028 defecisse
519 2005 611 2026 autem
629 1997 735 2029 innuit,
758 1997 822 2031 quia
847 2003 889 2023 res
907 2001 972 2022 tunc
988 2000 1047 2022 erat

183 2037 262 2067 licita
277 2039 389 2073 abigere
405 2045 524 2075 parturn.
565 2037 593 2065 Si
614 2035 712 2063 Romae
727 2041 793 2061 tunc
807 2042 850 2061 res
879 2033 972 2065 licita,
994 2040 1046 2060 nec

184 2078 353 2110 Ciceronis,
379 2084 431 2104 nec
453 2074 635 2113 Tryphonini
659 2073 743 2109 scopo
763 2072 790 2099 id
806 2070 962 2107 exemplum
979 2078 1032 2097 con

183 2116 313 2148 veniret,
346 2114 391 2142 sed
414 2114 480 2149 quid
501 2114 518 2141 si
540 2112 657 2148 largiar,
691 2119 724 2139 ex
738 2110 801 2138 Asia
822 2110 938 2145 petitum
953 2116 1044 2135 exem-

182 2154 261 2190 plum
279 2174 287 2184 ,
324 2152 390 2188 quia
418 2153 519 2180 Cicero
544 2151 578 2178 ad
605 2157 716 2177 manum
733 2157 789 2175 non
806 2148 928 2175 habebat
946 2146 1021 2173 aliud
1036 2168 1044 2178 ‚

184 2192 264 2228 quod
284 2191 333 2219 suo
349 2197 476 2227 tempore
495 2189 592 2217 Romae
614 2186 776 2215 acciderat?
798 2186 825 2213 in
841 2186 933 2221 nuptis
952 2186 1046 2220 utique

184 2231 274 2258 rarior
290 2234 350 2257 erat
365 2230 479 2256 abortus
495 2226 676 2262 procuratio,
705 2232 786 2260 quam
808 2225 834 2251 in
856 2224 996 2259 innuptis,
1016 2223 1045 2250 il-

185 2267 217 2295 !ae
233 2276 265 2296 ex
281 2266 390 2304 optimo
404 2267 466 2302 jure
482 2265 634 2302 Quiritium
651 2269 757 2299 patrem
775 2261 889 2290 laudare
904 2268 1043 2297 poterant,

184 2307 226 2334 hae
241 2313 298 2333 non
319 2306 394 2333 item.
430 2306 471 2332 Ut
494 2304 586 2340 stupra
608 2307 781 2337 tegerentur,
812 2300 926 2327 abortus
942 2299 1044 2335 potiffi-

183 2353 260 2372 mum
281 2343 448 2380 procurati,
473 2341 498 2370 &
520 2349 552 2369 ea
577 2346 636 2368 erat
656 2340 835 2375 innuptarum
856 2346 931 2365 cura.
968 2338 1045 2375 Quin

184 2380 205 2410 fi
231 2381 275 2409 vel
298 2387 391 2416 nuptae
407 2402 414 2413 ,
444 2380 514 2408 odio
532 2379 643 2412 mariti,
676 2378 761 2405 taedio
780 2377 947 2406 liberorum.
969 2382 1046 2403 metu

184 2426 280 2457 partus
296 2439 303 2452 ,
323 2426 370 2447 aut
381 2427 437 2455 qua
454 2419 507 2447 alia
525 2417 603 2446 causa
620 2438 627 2449 ‚
650 2415 734 2443 simile
751 2415 819 2452 quid
837 2414 947 2442 fuissent
966 2413 1045 2445 ausae,

185 2467 243 2486 non
260 2463 318 2485 erat
339 2458 368 2484 in
392 2455 523 2489 difficili,
552 2455 629 2483 domi
654 2454 768 2482 abortus
794 2461 934 2490 premere:
956 2460 991 2479 ne
1007 2453 1047 2479 in-

184 2495 376 2527 notescerent,
406 2493 448 2528 δι,
478 2492 707 2526 fiinnotuiffent,
739 2492 803 2520 casu
818 2490 903 2524 fasti,
925 2498 959 2517 an
977 2489 1045 2517 dolo

184 2535 261 2563 malo
286 2533 428 2569 procurari
458 2532 561 2566 essent,
591 2539 648 2559 non
670 2538 869 2566 usquequaque
891 2529 951 2557 sciri
967 2534 1046 2565 pote-

184 2578 237 2601 rat.
277 2572 379 2607 Neque
402 2570 475 2598 adeo
501 2571 605 2603 miror,
627 2570 794 2597 Ciceronem
809 2576 845 2595 ex
861 2566 925 2595 foro
941 2567 1046 2594 Roma·

184 2619 224 2639 no
240 2618 297 2638 non
313 2608 431 2637 attulisse
451 2607 607 2644 exemplum
623 2607 745 2643 punitae,
767 2611 883 2643 propter
900 2606 1048 2638 abortum,

183 2647 307 2677 mulieris
329 2651 421 2683 nuptae
437 2667 444 2679 ,
473 2654 537 2674 nam
562 2646 599 2672 ob
625 2653 670 2672 eas
687 2665 693 2676 ,
727 2653 796 2680 quas
825 2643 901 2677 dixi,
924 2644 1047 2671 rationes

188 2685 234 2715 sua
249 2691 331 2714 aetate
352 2684 427 2712 forte
448 2691 506 2712 non
533 2681 669 2711 inciderat
691 2681 799 2709 Rornae.
839 2681 973 2709 Rariores
991 2681 1046 2717 spe-

184 2726 241 2754 cies
258 2725 342 2752 etiam
364 2721 476 2751 aliunde
499 2721 588 2750 solent
611 2719 742 2748 arcessere
766 2720 828 2756 JCti
846 2740 853 2752 ‚
885 2719 911 2747 δε
927 2720 986 2753 ejus
1006 2719 1046 2746 rei

184 2763 342 2800 exemplum
357 2760 396 2790 est
413 2761 440 2789 in
460 2761 479 2788 1.
500 2767 525 2795 3.
538 2758 578 2797 ff.
598 2757 629 2786 Si
648 2764 707 2793 pars
734 2757 848 2785 haereaic.
867 2762 948 2792 petat.
968 2765 1046 2792 repe-

183 2802 267 2867 gtiim
297 2801 325 2828 in
351 2800 370 2828 l.
393 2807 418 2834 7.
444 2805 485 2835 pr.
509 2797 549 2835 ff.
577 2797 607 2825 de
633 2795 698 2824 Reb.
727 2795 787 2823 dub.
808 2794 835 2823 ὅτ.
854 2795 874 2822 l.
893 2798 939 2830 3¹6.
953 2793 992 2831 ff.
1015 2794 1045 2822 de

204 2840 307 2867 olution.

220 2884 247 2912 3.
268 2874 405 2913 Exemplo
428 2881 514 2912 grave
533 2873 584 2908 est,
608 2873 657 2902 ubi
678 2880 712 2901 ex
727 2870 876 2908 Rescripto
891 2871 1044 2908 Imperato-

1079 104 1299 144 AMicA
1356 98 1752 140 RESPONSIQ

1079 197 1172 219 mano
1188 211 1197 226 ,
1231 186 1262 218 in
1285 194 1349 226 quo
1369 182 1572 219 versabatur-3
1601 180 1770 218 videlicet,
1794 179 1865 221 quia
1885 181 1928 219 ibi

1079 230 1242 260 deficiebat
1261 250 1271 265 ,
1299 226 1440 267 alioquin
1460 234 1498 256 cx
1515 222 1661 264 proximo
1685 223 1857 263 petiturus:
1881 223 1932 259 sed

1080 279 1120 301 ex
1138 269 1207 301 Asia
1225 268 1378 300 arcefflvit
1396 268 1506 306 longe:
1531 265 1655 302 dicem,
1688 274 1759 295 cum
1782 263 1823 295 ibi
1837 263 1931 308 effet,

1082 311 1239 342 Milesiam
1267 309 1430 350 quamdam
1455 306 1616 338 mulierem
1639 306 1722 347 quod
1748 305 1785 337 ab
1813 305 1931 340 heredi-

1079 352 1136 382 bus
1153 350 1310 388 secundis,
1335 351 1366 380 id
1387 350 1449 386 est,
1474 347 1667 385 substitutis,
1689 355 1817 388 acc-epta
1837 356 1931 388 pecu-

1079 394 1153 430 nia,
1187 400 1307 433 partum
1334 391 1387 422 fibi
1416 389 1651 422 medicamentis
1681 387 1744 428 ipsa
1765 388 1934 431 abegisset,

1082 434 1125 464 rei
1143 434 1283 473 capitalis
1302 432 1363 463 ess'c
1382 432 1567 463 damnatam.
1591 429 1643 460 sed
1663 429 1725 459 hoc
1749 438 1934 471 quamquam

1081 474 1194 513 justum
1205 497 1214 512 ‚
1238 483 1302 504 non
1319 474 1474 513 pertinere
1489 472 1525 503 ad
1545 471 1661 502 Forum
1676 470 1935 510 Romanum,ne-

1081 524 1141 554 que
1168 515 1210 546 ibi
1233 514 1294 545 else
1315 513 1526 545 observatum.
1559 512 1654 552 igitur
1687 511 1779 543 fuisse
1805 512 1935 553 dignum

1081 556 1277 595 providentia
1313 555 1514 596 Optimorum
1548 551 1774 593 Imperatorum
1813 552 1936 585 nostro-

1081 605 1166 634 rum,
1197 597 1227 627 iu
1254 595 1324 633 est,
1357 596 1463 626 Severi
1492 596 1522 626 ὃ(
1550 593 1722 625 Antonini:
1745 603 1817 626 cum
1837 594 1939 627 essent:

1083 637 1221 677 superea
1237 646 1270 667 re
1288 635 1423 667 consulti
1446 646 1464 667 a
1490 635 1617 667 Praefide
1642 635 1694 675 qui
1714 643 1780 666 erat
1798 635 1938 677 Legibus

1082 678 1259 715 adstrictus,
1282 687 1347 708 rem
1363 676 1562 717 turpiffimam
1583 675 1748 716 Principaii
1768 675 1939 718 Rescripta

1082 728 1172 750 extra
1195 720 1334 749 ordinem
1361 718 1539 748 emendari:
1572 717 1719 757 placuisse
1746 728 1824 750 vero
1845 719 1908 751 hoc
1926 741 1940 758 ,

1082 760 1246 791 mulierem
1260 769 1328 799 quae
1349 768 1509 799 praegnans
1535 757 1707 789 visceribus
1726 757 1789 790 suis
1807 760 1877 801 post
1891 760 1939 792 di-

1083 802 1223 832 vortium
1248 809 1313 830 Vim
1338 800 1501 837 intulerit,
1533 808 1572 830 ne
1592 800 1652 838 jam
1676 799 1807 831 inimico
1825 801 1941 833 marito

1084 842 1183 874 filium
1209 849 1415 882 procrearet,
1455 841 1621 881 temporali
1652 841 1752 872 exilio
1783 843 1939 875 coerceri.

1085 883 1172 930 Quid
1188 883 1257 914 inde
1267 883 1284 913 ‘2
1308 881 1361 922 (v)
1382 882 1442 921 jam
1463 881 1573 912 Romae
1602 881 1700 922 coepit
1719 881 1839 914 crimen
1855 881 1940 923 esse,

1086 926 1115 955 ὰ.
1134 933 1191 964 pro
1211 924 1264 954 tali
1282 932 1372 954 extra
1390 922 1530 953 ordinem
1548 922 1672 963 puniri,
1697 922 1780 962 quod
1796 931 1870 955 ante
1887 933 1941 956 ne·
1958 935 1968 945 ·

1085 975 1145 1005 quc
1163 965 1280 996 crimen
1310 964 1479 995 habebatur
1498 986 1507 1001 ‚
1533 972 1632 1004 neque
1653 971 1711 1003 pro
1731 963 1785 995 tali
1803 963 1835 995 in
1854 964 1940 997 Foro

1085 1006 1228 1037 Romano
1244 1005 1443 1046 puniebatur.
1488 1005 1539 1035 Sic
1555 1004 1631 1035 mibi
1647 1004 1725 1035 sedit
1739 1004 1826 1046 Julio
1844 1005 1941 1037 Paulo

1084 1050 1112 1079 cl.
1132 1049 1225 1087 capite
1241 1048 1351 1077 uitii-no.
1396 1046 1470 1076 Alio
1485 1046 1583 1076 vertit
1600 1044 1758 1078 Dominus
1779 1055 1840 1078 van
1857 1046 1943 1088 Byn·

1084 1088 1246 1120 kershock.
1271 1097 1307 1119 an
1325 1086 1451 1118 felicius
1464 1109 1474 1124 ‚
1499 1095 1590 1125 quam
1606 1086 1637 1117 in
1655 1085 1886 1126 superioribus,
1909 1097 1941 1119 a-

1085 1129 1119 1160 lii
1138 1130 1298 1168 iudicent:
1323 1128 1376 1168 (4)
1401 1136 1535 1169 utroque
1557 1136 1645 1168 aeque
1662 1127 1716 1159 fibi
1738 1127 1942 1168 blandiente,

1083 1170 1220 1202 humano
1237 1178 1337 1202 more.

1085 1303 1145 1326 rum
1161 1304 1243 1334 poena
1257 1297 1413 1333 irrogatur,
1435 1296 1558 1329 crimen,
1585 1302 1644 1331 quo
1659 1293 1694 1323 de
1707 1295 1815 1329 agitur,
1835 1296 1943 1325 hahere

1085 1344 1136 1373 pro
1158 1344 1234 1363 novo
1254 1337 1370 1364 crimine
1387 1357 1394 1369 ,
1422 1340 1488 1364 ante
1509 1335 1648 1371 impunito
1662 1353 1672 1366 ,
1692 1339 1776 1368 atque
1790 1334 1829 1361 ita
1844 1333 1870 1361 &
1884 1343 1942 1371 poe-

1085 1381 1149 1402 nam
1171 1383 1223 1411 pro
1247 1383 1322 1403 nova
1343 1382 1435 1412 poena.
1481 1373 1527 1401 Sic
1543 1379 1635 1400 tamen
1651 1378 1682 1400 tu
1702 1370 1801 1405 sentis,
1822 1371 1869 1400 sed
1888 1379 1945 1408 ego

1085 1421 1144 1442 non
1162 1413 1313 1442 adsentior.

1123 1460 1150 1486 4.
1173 1450 1258 1480 Recte
1279 1452 1350 1480 alios
1372 1450 1479 1486 judices
1496 1448 1638 1486 exposcis,
1667 1457 1732 1477 nam
1749 1457 1822 1478 nemo
1834 1449 1958 1478 non-bes

1085 1490 1183 1527 nignus
1197 1488 1232 1526 est
1246 1489 1295 1528 sui
1306 1489 1392 1527 judex
1407 1511 1415 1523 ‚
1444 1490 1483 1517 ob
1502 1488 1606 1525 insitum
1620 1488 1773 1516 mortalitati
1784 1488 1898 1518 vitium,
1910 1484 1946 1522 se

1079 1528 1177 1566 ficaque
1191 1529 1321 1563 mirandi,
1347 1534 1378 1557 ut
1399 1528 1506 1557 Seneca
1521 1526 1594 1555 dixit
1615 1526 1651 1555 L.
1670 1527 1708 1554 11.
1727 1525 1758 1554 de
1778 1523 1893 1562 Benqfic.
1912 1523 1947 1554 C.

1088 1570 1134 1595 26.
1175 1566 1220 1595 Ab
1237 1567 1289 1595 hac
1304 1567 1366 1595 labe
1379 1574 1462 1594 nemo
1477 1565 1715 1602 planeimmunis‚
1737 1563 1783 1593 sed
1800 1564 1869 1593 alius
1887 1562 1946 1592 alio

1087 1605 1166 1641 peJ'or
1181 1604 1229 1634 est.
1269 1606 1326 1645 Qui
1341 1613 1425 1642 quam
1439 1604 1557 1633 maxime
1572 1613 1605 1633 ea
1624 1603 1807 1636 adficiuntur,
1827 1601 1878 1630 fibi
1893 1601 1946 1631 soli

1086 1643 1219 1672 videntur
1241 1643 1351 1681 sapere,
1381 1649 1465 1680 atque
1485 1641 1558 1671 adeo
1577 1650 1692 1675 omnes,
1713 1650 1728 1669 a
1741 1641 1769 1670 se
1784 1640 1948 1670 dissentien-

1087 1687 1127 1710 tes
1141 1702 1150 1715 ‚
1181 1690 1283 1718 magno
1307 1682 1453 1719 supercilio
1476 1680 1565 1709 solent
1589 1680 1740 1717 explodere
1754 1702 1762 1714 ‚
1789 1678 1899 1714 ridere,
1917 1677 1946 1708 ἃ

1086 1720 1189 1748 habere
1204 1729 1255 1757 pro
1272 1722 1432 1749 hominibus
1450 1719 1538 1747 dubiae
1554 1719 1686 1748 sanitatis.
1722 1719 1762 1748 Hi
1773 1718 1823 1756 ipsi
1839 1718 1949 1747 senten-⁴

1089 1759 1172 1791 tiam,
1201 1768 1283 1795 quam
1307 1758 1386 1787 semel
1411 1757 1529 1794 amplexi
1552 1758 1613 1786 sunt
1628 1779 1635 1790 ,
1657 1762 1766 1786 mutant
1779 1763 1919 1793 nunquam
1935 1777 1945 1789 ‚

1088 1804 1123 1824 ne
1139 1803 1242 1825 temere
1259 1797 1399 1835 arripuisse
1415 1797 1571 1825 videantur.
1618 1797 1664 1824 De
1681 1795 1706 1824 se
1722 1795 1782 1832 ipso
1795 1793 1945 1834 Quintilia-

1087 1842 1139 1863 nus
1159 1835 1194 1864 L.
1215 1837 1264 1865 ΙΙΙ,
1294 1835 1381 1873 Instit.
1414 1835 1443 1863 C.
1465 1838 1492 1863 6.
1530 1833 1645 1872 Fortaffe
1666 1832 1818 1872 tutrffimum
1832 1831 1945 1870 eratfa—

1087 1882 1134 1901 mae
1147 1874 1217 1902 modo
1233 1872 1368 1910 studenti,
1395 1874 1463 1902 nibil
1484 1881 1517 1900 ex
1533 1881 1560 1900 eo
1578 1879 1693 1906 mutare,
1714 1871 1779 1909 quod
1793 1872 1884 1900 multis
1897 1879 1946 1899 an-

1089 1913 1131 1940 nis
1145 1911 1332 1951 nonsenfiffem
1353 1911 1440 1945 modo,
1468 1919 1559 1939 verum
1573 1912 1650 1939 etiam
1668 1907 1846 1948 approbaffem.
1887 1907 1948 1938 Sed

1090 1958 1154 1978 mox
1178 1952 1215 1978 ait
1234 1972 1241 1984 ‚
1269 1950 1421 1979 consultius
1445 1949 1470 1978 δι
1493 1948 1635 1978 honestius
1657 1948 1709 1976 effe
1723 1969 1731 1981 ,
1758 1955 1865 1976 errores
1882 1947 1946 1976 suos

1093 1990 1232 2024 corrigere
1243 2013 1252 2026 ,
1271 1996 1301 2016 ut
1317 1988 1504 2026 preeuntibus
1524 1988 1698 2023 Hippocrate
1713 1986 1738 2014 ἃ
1754 1986 1856 2014 Marco
1875 1985 1946 2014 Tul—

1089 2027 1128 2054 lio
1153 2028 1208 2063 ipse
1232 2028 1362 2055 correxit.
1402 2027 1464 2054 Hos
1487 2025 1569 2053 duces
1595 2025 1668 2060 sequi
1688 2024 1802 2052 Fabium
1825 2032 1882 2052 non
1897 2033 1949 2060 pu-

1089 2065 1167 2099 duit,
1188 2068 1295 2099 etenim,
1326 2065 1434 2100 inquit,
1453 2062 1630 2100 supervacuus
1645 2062 1718 2100 foret
1737 2060 1874 2099 instudiis
1893 2063 1948 2091 lan-

1085 2105 1146 2139 gior
1179 2105 1249 2131 labar
1264 2124 1272 2136 ,
1297 2103 1324 2140 fi
1340 2103 1405 2130 nihil
1427 2103 1516 2129 liceret
1544 2102 1635 2128 melias
1657 2102 1774 2128 invenire
1797 2102 1947 2137 preteritis.

1088 2142 1179 2169 Etiam
1203 2142 1371 2177 Papinianus
1396 2139 1488 2167 noster
1509 2160 1516 2171 ‚
1543 2140 1626 2166 etiam
1651 2139 1696 2167 alii

1090 2179 1150 2207 suas
1167 2181 1364 2214 retractarunt,
1393 2178 1437 2205 sed
1460 2178 1525 2213 quia
1548 2177 1582 2204 de
1598 2177 1699 2205 Marco
1711 2177 1810 2206 Tullio
1834 2179 1948 2207 monuit

1088 2218 1189 2245 Fabius
1203 2240 1209 2251 ‚
1231 2219 1342 2254 accipe,
1372 2216 1439 2252 quid
1461 2215 1517 2251 ipse
1545 2215 1620 2242 dicat
1642 2215 1730 2244 Libro
1744 2215 1774 2244 de
1790 2214 1900 2244 Oratore
1913 2215 1956 2245 ad-

1088 2256 1216 2289 Brutum,
1235 2255 1417 2293 propt-finem.-
1437 2254 1544 2285 Habes,
1567 2254 1679 2289 inquit,
1707 2262 1789 2282 meum
1805 2253 1835 2282 de
1853 2253 1948 2283 Orata-

1088 2305 1130 2328 re,
1152 2294 1250 2327 Brute,
1265 2295 1282 2331 j
1292 2295 1408 2322 dicium,
1450 2291 1526 2331 Quod
1547 2298 1593 2319 aut
1607 2290 1726 2328 sequere,
1742 2291 1768 2329 fi
1781 2293 1949 2328 probaveris,

1087 2340 1133 2361 aut
1148 2339 1189 2360 tao
1197 2331 1299 2369 stabis,
1324 2332 1345 2369 fi
1370 2330 1442 2359 aliud
1457 2329 1580 2366 quoddam
1601 2328 1636 2366 est
1651 2336 1722 2358 tuum
1733 2339 1743 2358 .·
1761 2331 1789 2358 in
1803 2339 1850 2366 quo
1868 2339 1949 2366 neque

1087 2373 1206 2408 pugnabo
1222 2378 1305 2400 tecum
1318 2392 1325 2402 ‚
1346 2378 1425 2406 neque
1447 2368 1490 2396 hoc
1513 2377 1597 2396 meum
1614 2389 1620 2400 ,
1649 2368 1679 2396 de
1700 2377 1746 2404 quo
1760 2373 1888 2404 tantopere
1900 2369 1945 2398 hoc

1090 2410 1171 2438 Libro
1189 2409 1336 2448 affeveravi
1351 2430 1358 2441 ,
1386 2414 1497 2442 unquam
1519 2404 1650 2442 affirmabo
1676 2405 1726 2443 effe
1746 2407 1850 2438 verius,
1871 2415 1948 2442 quam

1089 2455 1172 2477 tuum.
1213 2445 1299 2483 Potest
1322 2449 1389 2475 enim
1415 2454 1464 2472 vion
1479 2444 1564 2482 solum
1586 2443 1659 2472 aliud
1671 2444 1736 2472 mihi
1743 2463 1752 2478 ‚
1773 2452 1803 2472 ac
1820 2444 1883 2477 tibi,
1899 2443 1958 2482 sed*

1088 2488 1153 2515 mibi
1169 2486 1215 2525 ipsi
1227 2485 1300 2515 aliud
1313 2486 1379 2513 alias
1394 2483 1490 2510 videri.
1517 2483 1599 2510 Hanc
1612 2480 1776 2510 modestiam
1794 2482 1948 2518 imitemur,

1089 2525 1187 2562 procul
1203 2533 1218 2552 a
1234 2524 1299 2553 rixis
1320 2522 1345 2551 ἅ.
1363 2521 1476 2557 jurgii⁵;
1497 2528 1550 2555 ego
1564 2520 1660 2554 utique
1683 2520 1770 2548 sancte
1786 2519 1926 2557 polliceor
1937 2543 1947 2555 ,

1090 2572 1135 2592 me
1160 2569 1336 2606 quantocyus
1357 2564 1526 2588 mutaturum
1551 2557 1713 2585 sententiam
1731 2579 1738 2592 ,
1762 2557 1780 2585 fi
1795 2557 1878 2592 alias,
1899 2567 1949 2588 cur

1091 2607 1214 2636 mutem,
1242 2606 1364 2628 rationes
1387 2595 1494 2625 adferat
1511 2595 1562 2623 Vir
1585 2594 1657 2622 Clar.
1678 2604 1742 2624 nam
1755 2617 1762 2629 ,
1777 2604 1844 2632 quas
1858 2598 1954 2627 haste·

1091 2649 1142 2669 nus
1159 2638 1271 2671 attulit,
1285 2645 1330 2665 me
1344 2643 1460 2664 movere
1474 2641 1530 2661 non
1548 2633 1678 2669 possunt:
1699 2642 1733 2662 an
1750 2634 1820 2663 alios
1835 2635 1948 2672 poffint,

1090 2686 1144 2715 ego
1169 2685 1227 2705 non
1250 2675 1366 2703 dixerim
1384 2695 1391 2706 ,
1426 2671 1471 2700 sed
1495 2671 1655 2708 priusquam
1679 2671 1843 2702 sententiam
1873 2674 1949 2703 suam

1111 2717 1237 2752 uisquam
1253 2713 1345 2745 dicat,
1373 2710 1458 2739 velim
1482 2708 1592 2748 Julium
1607 2709 1721 2739 Paulum
1746 2711 1790 2740 Cl.
1807 2711 1948 2746 Noodtii,

1089 2727 1114 2783 g
1131 2752 1232 2781 deinde
1248 2749 1407 2787 Opusculum
1423 2755 1515 2776 meum
1532 2747 1633 2784 dejure
1648 2749 1795 2783 occidendi,
1817 2750 1948 2779 vendende

1088 2791 1125 2827 ὃ)
1139 2789 1279 2827 exponendi
1297 2790 1387 2816 liberos
1404 2787 1551 2822 diligenter
1577 2786 1667 2819 legat,
1696 2793 1781 2825 atque
1796 2788 1835 2816 ita
1851 2787 1947 2816 instru-

1087 2832 1144 2859 ἕως
1167 2828 1284 2856 accedat
1310 2825 1345 2854 ad
1368 2827 1479 2855 amicam
1501 2822 1691 2862 Responfianem
1705 2847 1714 2861 ,
1743 2825 1770 2856 ἃ
1791 2826 1857 2861 has,
1878 2832 1955 2863 quas·

1089 2868 1207 2904 subjeci.
1228 2865 1322 2895 Notas.

1783 3213 1944 3252 CORA

1715 2139 1778 2176 JCti
1798 2139 1948 2172 sententias
1992 2168 1995 2173 ,
