<?xml version="1.0" encoding="UTF-8"?>
<!DOCTYPE html PUBLIC "-//W3C//DTD XHTML 1.0 Transitional//EN"
    "http://www.w3.org/TR/xhtml1/DTD/xhtml1-transitional.dtd">
<html xmlns="http://www.w3.org/1999/xhtml" xml:lang="en" lang="en">
 <head>
  <title>
</title>
<meta http-equiv="Content-Type" content="text/html;charset=utf-8" />
  <meta name='ocr-system' content='tesseract 3.04.00' />
  <meta name='ocr-capabilities' content='ocr_page ocr_carea ocr_par ocr_line ocrx_word'/>
</head>
<body>
  <div class='ocr_page' id='page_1' title='image "./corneliivanbynke00bijn_0534.png"; bbox 0 0 2008 3436; ppageno 0'>
   <div class='ocr_carea' id='block_1_1' title="bbox 188 109 837 156">
    <p class='ocr_par' dir='ltr' id='par_1_1' title="bbox 188 109 837 156">
     <span class='ocr_line' id='line_1_1' title="bbox 188 109 837 156; baseline -0.002 -6"><span class='ocrx_word' id='word_1_1' title='bbox 188 122 237 156; x_wconf 76' lang='grc'>5-6</span> <span class='ocrx_word' id='word_1_2' title='bbox 441 109 837 152; x_wconf 80' lang='lat' dir='ltr'>CORNELII</span> 
     </span>
    </p>
   </div>
   <div class='ocr_carea' id='block_1_2' title="bbox 149 188 1052 3194">
    <p class='ocr_par' dir='ltr' id='par_1_2' title="bbox 149 188 1052 3194">
     <span class='ocr_line' id='line_1_2' title="bbox 183 188 1048 239; baseline -0.013 -10"><span class='ocrx_word' id='word_1_3' title='bbox 183 205 284 239; x_wconf 70' lang='lat' dir='ltr'>“prout</span> <span class='ocrx_word' id='word_1_4' title='bbox 305 194 421 228; x_wconf 72' lang='lat' dir='ltr'>dictum</span> <span class='ocrx_word' id='word_1_5' title='bbox 439 196 470 227; x_wconf 89' lang='lat'>&amp;</span> <span class='ocrx_word' id='word_1_6' title='bbox 482 194 649 236; x_wconf 83' lang='lat' dir='ltr'>probatum</span> <span class='ocrx_word' id='word_1_7' title='bbox 668 190 729 223; x_wconf 86' lang='lat' dir='ltr'>est:</span> <span class='ocrx_word' id='word_1_8' title='bbox 751 199 845 231; x_wconf 82' lang='lat' dir='ltr'>ergO,</span> <span class='ocrx_word' id='word_1_9' title='bbox 862 188 979 220; x_wconf 66' lang='lat' dir='ltr'>relic‘tis</span> <span class='ocrx_word' id='word_1_10' title='bbox 990 198 1048 219; x_wconf 79' lang='lat' dir='ltr'>cae-</span> 
     </span>
     <span class='ocr_line' id='line_1_3' title="bbox 184 235 996 278; baseline -0.012 -8"><span class='ocrx_word' id='word_1_11' title='bbox 184 239 285 277; x_wconf 85' lang='lat' dir='ltr'>teris,</span> <span class='ocrx_word' id='word_1_12' title='bbox 311 236 473 278; x_wconf 88' lang='lat' dir='ltr'>sequamur</span> <span class='ocrx_word' id='word_1_13' title='bbox 493 235 633 268; x_wconf 82' lang='lat' dir='ltr'>Paulmn.</span> <span class='ocrx_word' id='word_1_14' title='bbox 991 271 996 275; x_wconf 41' lang='grc'><em>.</em></span> 
     </span>
     <span class='ocr_line' id='line_1_4' title="bbox 232 272 1049 322; baseline -0.012 -11"><span class='ocrx_word' id='word_1_15' title='bbox 232 279 384 322; x_wconf 88' lang='lat' dir='ltr'>Quicum</span> <span class='ocrx_word' id='word_1_16' title='bbox 404 277 563 309; x_wconf 87' lang='lat' dir='ltr'>communi</span> <span class='ocrx_word' id='word_1_17' title='bbox 591 274 667 306; x_wconf 84' lang='lat' dir='ltr'>Di).</span> <span class='ocrx_word' id='word_1_18' title='bbox 686 273 801 306; x_wconf 88' lang='lat' dir='ltr'>Schola</span> <span class='ocrx_word' id='word_1_19' title='bbox 826 272 934 312; x_wconf 63' lang='lat' dir='ltr'>paeta,</span> <span class='ocrx_word' id='word_1_20' title='bbox 954 279 1049 302; x_wconf 85' lang='lat' dir='ltr'>etiam</span> 
     </span>
     <span class='ocr_line' id='line_1_5' title="bbox 188 313 1048 361; baseline -0.013 -9"><span class='ocrx_word' id='word_1_21' title='bbox 188 320 387 361; x_wconf 66' lang='lat' dir='ltr'>adjicienda,</span> <span class='ocrx_word' id='word_1_22' title='bbox 412 318 507 351; x_wconf 90' lang='lat' dir='ltr'>inesse</span> <span class='ocrx_word' id='word_1_23' title='bbox 523 316 738 353; x_wconf 88' lang='lat' dir='ltr'>contendunt,</span> <span class='ocrx_word' id='word_1_24' title='bbox 761 313 798 344; x_wconf 90' lang='lat' dir='ltr'>ad</span> <span class='ocrx_word' id='word_1_25' title='bbox 819 320 1048 358; x_wconf 79' lang='lat' dir='ltr'>argumentum,</span> 
     </span>
     <span class='ocr_line' id='line_1_6' title="bbox 174 352 1049 403; baseline -0.013 -10"><span class='ocrx_word' id='word_1_26' title='bbox 174 361 272 403; x_wconf 21' lang='lat' dir='ltr'>*quod</span> <span class='ocrx_word' id='word_1_27' title='bbox 294 361 324 392; x_wconf 94' lang='lat' dir='ltr'>in</span> <span class='ocrx_word' id='word_1_28' title='bbox 341 359 412 392; x_wconf 81' lang='lat' dir='ltr'>casu</span> <span class='ocrx_word' id='word_1_29' title='bbox 434 359 569 391; x_wconf 89' lang='lat' dir='ltr'>secundo</span> <span class='ocrx_word' id='word_1_30' title='bbox 592 359 620 388; x_wconf 79' lang='lat' dir='ltr'>ci.</span> <span class='ocrx_word' id='word_1_31' title='bbox 642 355 668 397; x_wconf 83' lang='lat'>§.</span> <span class='ocrx_word' id='word_1_32' title='bbox 700 365 724 387; x_wconf 87' lang='lat' dir='ltr'>i.</span> <span class='ocrx_word' id='word_1_33' title='bbox 750 355 912 386; x_wconf 84' lang='lat' dir='ltr'>adverlum</span> <span class='ocrx_word' id='word_1_34' title='bbox 932 362 986 384; x_wconf 90' lang='lat' dir='ltr'>eos</span> <span class='ocrx_word' id='word_1_35' title='bbox 1006 352 1049 383; x_wconf 87' lang='lat' dir='ltr'>fa-</span> 
     </span>
     <span class='ocr_line' id='line_1_7' title="bbox 172 397 1049 443; baseline -0.014 -8"><span class='ocrx_word' id='word_1_36' title='bbox 172 403 252 441; x_wconf 72' lang='lat' dir='ltr'>cit,</span> <span class='ocrx_word' id='word_1_37' title='bbox 285 401 474 443; x_wconf 84' lang='lat' dir='ltr'>respondent</span> <span class='ocrx_word' id='word_1_38' title='bbox 492 423 501 438; x_wconf 88' lang='lat'>‚</span> <span class='ocrx_word' id='word_1_39' title='bbox 534 398 617 439; x_wconf 87' lang='lat' dir='ltr'>quod</span> <span class='ocrx_word' id='word_1_40' title='bbox 644 397 908 442; x_wconf 25' lang='lat' dir='ltr'>sciamaomncs,</span> <span class='ocrx_word' id='word_1_41' title='bbox 940 401 1049 424; x_wconf 88' lang='lat' dir='ltr'>mutuo</span> 
     </span>
     <span class='ocr_line' id='line_1_8' title="bbox 183 437 1049 485; baseline -0.014 -9"><span class='ocrx_word' id='word_1_42' title='bbox 183 452 241 485; x_wconf 83' lang='lat' dir='ltr'>pei·</span> <span class='ocrx_word' id='word_1_43' title='bbox 257 443 502 474; x_wconf 79' lang='lat' dir='ltr'>conventionem</span> <span class='ocrx_word' id='word_1_44' title='bbox 515 439 593 471; x_wconf 83' lang='lat' dir='ltr'>nihil</span> <span class='ocrx_word' id='word_1_45' title='bbox 609 438 677 469; x_wconf 88' lang='lat' dir='ltr'>addi</span> <span class='ocrx_word' id='word_1_46' title='bbox 694 437 798 478; x_wconf 89' lang='lat' dir='ltr'>posse,</span> <span class='ocrx_word' id='word_1_47' title='bbox 823 445 862 467; x_wconf 89' lang='lat' dir='ltr'>ne</span> <span class='ocrx_word' id='word_1_48' title='bbox 877 444 943 474; x_wconf 77' lang='lat' dir='ltr'>ejus</span> <span class='ocrx_word' id='word_1_49' title='bbox 961 443 1049 472; x_wconf 64' lang='lat' dir='ltr'>nati),-</span> 
     </span>
     <span class='ocr_line' id='line_1_9' title="bbox 184 477 1048 516; baseline -0.013 0"><span class='ocrx_word' id='word_1_50' title='bbox 184 494 219 515; x_wconf 87' lang='lat' dir='ltr'>ra</span> <span class='ocrx_word' id='word_1_51' title='bbox 239 483 422 516; x_wconf 84' lang='lat' dir='ltr'>destruatur.</span> <span class='ocrx_word' id='word_1_52' title='bbox 465 481 525 513; x_wconf 85' lang='lat' dir='ltr'>Sed</span> <span class='ocrx_word' id='word_1_53' title='bbox 540 480 570 511; x_wconf 88' lang='lat' dir='ltr'>id</span> <span class='ocrx_word' id='word_1_54' title='bbox 589 478 712 510; x_wconf 85' lang='lat' dir='ltr'>fatuum</span> <span class='ocrx_word' id='word_1_55' title='bbox 738 477 782 508; x_wconf 86' lang='lat' dir='ltr'>est</span> <span class='ocrx_word' id='word_1_56' title='bbox 797 500 806 516; x_wconf 90' lang='lat'>‚</span> <span class='ocrx_word' id='word_1_57' title='bbox 831 477 852 508; x_wconf 89' lang='lat' dir='ltr'>si</span> <span class='ocrx_word' id='word_1_58' title='bbox 870 477 906 506; x_wconf 85' lang='lat' dir='ltr'>ad</span> <span class='ocrx_word' id='word_1_59' title='bbox 925 484 1048 506; x_wconf 86' lang='lat' dir='ltr'>eontra-</span> 
     </span>
     <span class='ocr_line' id='line_1_10' title="bbox 187 515 1048 566; baseline -0.014 -8"><span class='ocrx_word' id='word_1_60' title='bbox 187 525 271 557; x_wconf 66' lang='lat' dir='ltr'>etum</span> <span class='ocrx_word' id='word_1_61' title='bbox 296 525 450 566; x_wconf 85' lang='lat' dir='ltr'>gatuitum</span> <span class='ocrx_word' id='word_1_62' title='bbox 479 523 508 554; x_wconf 68' lang='grc' dir='ltr'><strong>ἃ</strong></span> <span class='ocrx_word' id='word_1_63' title='bbox 530 519 718 552; x_wconf 83' lang='lat' dir='ltr'>beneficium</span> <span class='ocrx_word' id='word_1_64' title='bbox 745 526 884 550; x_wconf 79' lang='lat' dir='ltr'>recurras</span> <span class='ocrx_word' id='word_1_65' title='bbox 900 540 910 554; x_wconf 91' lang='lat'><em>‚</em></span> <span class='ocrx_word' id='word_1_66' title='bbox 946 524 981 547; x_wconf 87' lang='lat' dir='ltr'>ut</span> <span class='ocrx_word' id='word_1_67' title='bbox 1004 515 1048 547; x_wconf 89' lang='lat' dir='ltr'>fa-</span> 
     </span>
     <span class='ocr_line' id='line_1_11' title="bbox 186 556 1049 604; baseline -0.01 -8"><span class='ocrx_word' id='word_1_68' title='bbox 186 567 278 597; x_wconf 86' lang='lat' dir='ltr'>ciunt</span> <span class='ocrx_word' id='word_1_69' title='bbox 300 566 347 598; x_wconf 89' lang='lat' dir='ltr'>illi</span> <span class='ocrx_word' id='word_1_70' title='bbox 366 575 375 604; x_wconf 89' lang='lat'>;</span> <span class='ocrx_word' id='word_1_71' title='bbox 407 572 515 595; x_wconf 89' lang='lat' dir='ltr'>verum</span> <span class='ocrx_word' id='word_1_72' title='bbox 539 569 644 592; x_wconf 85' lang='lat' dir='ltr'>autem</span> <span class='ocrx_word' id='word_1_73' title='bbox 662 582 673 597; x_wconf 90' lang='lat'>,</span> <span class='ocrx_word' id='word_1_74' title='bbox 703 559 725 590; x_wconf 91' lang='lat' dir='ltr'>fi</span> <span class='ocrx_word' id='word_1_75' title='bbox 744 559 809 590; x_wconf 81' lang='lat' dir='ltr'>hoee</span> <span class='ocrx_word' id='word_1_76' title='bbox 827 556 993 603; x_wconf 78' lang='lat' dir='ltr'>transferas</span> <span class='ocrx_word' id='word_1_77' title='bbox 1013 556 1049 602; x_wconf 82' lang='lat' dir='ltr'>ad</span> 
     </span>
     <span class='ocr_line' id='line_1_12' title="bbox 185 597 1049 647; baseline -0.013 -8"><span class='ocrx_word' id='word_1_78' title='bbox 185 607 340 638; x_wconf 52' lang='lat' dir='ltr'>actionem</span> <span class='ocrx_word' id='word_1_79' title='bbox 362 605 462 637; x_wconf 88' lang='lat' dir='ltr'>mutui</span> <span class='ocrx_word' id='word_1_80' title='bbox 488 603 595 635; x_wconf 84' lang='lat' dir='ltr'>solam.</span> <span class='ocrx_word' id='word_1_81' title='bbox 646 600 857 646; x_wconf 81' lang='lat' dir='ltr'>Stipulatione</span> <span class='ocrx_word' id='word_1_82' title='bbox 874 597 960 647; x_wconf 81' lang='lat' dir='ltr'>posse</span> <span class='ocrx_word' id='word_1_83' title='bbox 975 598 1049 643; x_wconf 83' lang='lat' dir='ltr'>quid</span> 
     </span>
     <span class='ocr_line' id='line_1_13' title="bbox 186 640 1048 686; baseline -0.012 -7"><span class='ocrx_word' id='word_1_84' title='bbox 186 648 310 679; x_wconf 84' lang='lat' dir='ltr'>credito</span> <span class='ocrx_word' id='word_1_85' title='bbox 336 646 484 678; x_wconf 82' lang='lat' dir='ltr'>accedere</span> <span class='ocrx_word' id='word_1_86' title='bbox 512 652 607 674; x_wconf 87' lang='lat' dir='ltr'>nemo</span> <span class='ocrx_word' id='word_1_87' title='bbox 637 641 789 681; x_wconf 83' lang='lat' dir='ltr'>negabit:</span> <span class='ocrx_word' id='word_1_88' title='bbox 829 649 903 681; x_wconf 91' lang='lat' dir='ltr'>quin</span> <span class='ocrx_word' id='word_1_89' title='bbox 932 641 968 684; x_wconf 64' lang='grc' dir='ltr'>ὸς</span> <span class='ocrx_word' id='word_1_90' title='bbox 980 640 1048 686; x_wconf 52' lang='grc'><strong>31110</strong></span> 
     </span>
     <span class='ocr_line' id='line_1_14' title="bbox 186 680 1049 727; baseline -0.012 -7"><span class='ocrx_word' id='word_1_91' title='bbox 186 688 282 720; x_wconf 88' lang='lat' dir='ltr'>modo</span> <span class='ocrx_word' id='word_1_92' title='bbox 300 712 309 726; x_wconf 88' lang='lat'>,</span> <span class='ocrx_word' id='word_1_93' title='bbox 342 695 377 717; x_wconf 91' lang='lat' dir='ltr'>ut</span> <span class='ocrx_word' id='word_1_94' title='bbox 406 686 546 717; x_wconf 85' lang='lat' dir='ltr'>dicemus</span> <span class='ocrx_word' id='word_1_95' title='bbox 571 682 683 716; x_wconf 89' lang='lat' dir='ltr'>statim.</span> <span class='ocrx_word' id='word_1_96' title='bbox 736 681 847 727; x_wconf 74' lang='lat' dir='ltr'>ltaque</span> <span class='ocrx_word' id='word_1_97' title='bbox 876 680 1049 711; x_wconf 84' lang='lat' dir='ltr'>condictio-</span> 
     </span>
     <span class='ocr_line' id='line_1_15' title="bbox 185 722 1049 772; baseline -0.012 -11"><span class='ocrx_word' id='word_1_98' title='bbox 185 739 258 761; x_wconf 88' lang='lat' dir='ltr'>nem</span> <span class='ocrx_word' id='word_1_99' title='bbox 289 728 367 760; x_wconf 83' lang='lat' dir='ltr'>certi</span> <span class='ocrx_word' id='word_1_100' title='bbox 401 727 438 758; x_wconf 87' lang='lat' dir='ltr'>ab</span> <span class='ocrx_word' id='word_1_101' title='bbox 469 725 537 767; x_wconf 82' lang='lat' dir='ltr'>ipso</span> <span class='ocrx_word' id='word_1_102' title='bbox 566 731 678 757; x_wconf 85' lang='lat' dir='ltr'>mutuo</span> <span class='ocrx_word' id='word_1_103' title='bbox 712 722 885 763; x_wconf 80' lang='lat' dir='ltr'>distingue,</span> <span class='ocrx_word' id='word_1_104' title='bbox 906 722 956 767; x_wconf 23' lang='lat' dir='ltr'>q&amp;</span> <span class='ocrx_word' id='word_1_105' title='bbox 981 730 1049 772; x_wconf 82' lang='lat' dir='ltr'>quae</span> 
     </span>
     <span class='ocr_line' id='line_1_16' title="bbox 184 762 1048 804; baseline -0.013 -2"><span class='ocrx_word' id='word_1_106' title='bbox 184 770 225 801; x_wconf 74' lang='lat' dir='ltr'>d:</span> <span class='ocrx_word' id='word_1_107' title='bbox 251 769 410 801; x_wconf 82' lang='lat' dir='ltr'>usui-arum</span> <span class='ocrx_word' id='word_1_108' title='bbox 438 769 514 799; x_wconf 89' lang='lat' dir='ltr'>odio</span> <span class='ocrx_word' id='word_1_109' title='bbox 541 767 691 798; x_wconf 87' lang='lat' dir='ltr'>dicuntur</span> <span class='ocrx_word' id='word_1_110' title='bbox 708 769 860 804; x_wconf 78' lang='lat' dir='ltr'>„notata</span> <span class='ocrx_word' id='word_1_111' title='bbox 881 762 953 793; x_wconf 84' lang='lat' dir='ltr'>vide</span> <span class='ocrx_word' id='word_1_112' title='bbox 980 763 1048 802; x_wconf 67' lang='lat' dir='ltr'>Cap.</span> 
     </span>
     <span class='ocr_line' id='line_1_17' title="bbox 173 809 928 851; baseline -0.012 -7"><span class='ocrx_word' id='word_1_113' title='bbox 173 809 242 845; x_wconf 72' lang='lat' dir='ltr'>,IiL</span> <span class='ocrx_word' id='word_1_114' title='bbox 266 813 299 842; x_wconf 82' lang='lat' dir='ltr'>in</span> <span class='ocrx_word' id='word_1_115' title='bbox 317 809 374 851; x_wconf 85' lang='lat' dir='ltr'>fin.</span> <span class='ocrx_word' id='word_1_116' title='bbox 922 845 928 850; x_wconf 33' lang='lat'>¹</span> 
     </span>
     <span class='ocr_line' id='line_1_18' title="bbox 230 842 1049 892; baseline -0.012 -8"><span class='ocrx_word' id='word_1_117' title='bbox 230 852 337 884; x_wconf 80' lang='lat' dir='ltr'>Placet</span> <span class='ocrx_word' id='word_1_118' title='bbox 360 853 387 883; x_wconf 79' lang='lat' dir='ltr'>d.</span> <span class='ocrx_word' id='word_1_119' title='bbox 414 850 442 892; x_wconf 82' lang='lat'>§.</span> <span class='ocrx_word' id='word_1_120' title='bbox 470 861 495 882; x_wconf 93' lang='lat'>1.</span> <span class='ocrx_word' id='word_1_121' title='bbox 520 847 541 881; x_wconf 81' lang='lat' dir='ltr'>l.</span> <span class='ocrx_word' id='word_1_122' title='bbox 567 858 616 880; x_wconf 92' lang='lat'>11.</span> <span class='ocrx_word' id='word_1_123' title='bbox 633 847 676 889; x_wconf 90' lang='lat' dir='ltr'>ff.</span> <span class='ocrx_word' id='word_1_124' title='bbox 699 848 732 878; x_wconf 76' lang='lat' dir='ltr'>cle</span> <span class='ocrx_word' id='word_1_125' title='bbox 756 842 798 878; x_wconf 88' lang='lat' dir='ltr'>R.</span> <span class='ocrx_word' id='word_1_126' title='bbox 824 846 857 879; x_wconf 91' lang='lat' dir='ltr'>C.</span> <span class='ocrx_word' id='word_1_127' title='bbox 881 845 1049 889; x_wconf 74' lang='lat' dir='ltr'>adjungere</span> 
     </span>
     <span class='ocr_line' id='line_1_19' title="bbox 184 885 1049 933; baseline -0.014 -6"><span class='ocrx_word' id='word_1_128' title='bbox 184 896 226 923; x_wconf 71' lang='lat' dir='ltr'>mi</span> <span class='ocrx_word' id='word_1_129' title='bbox 237 906 312 933; x_wconf 51' lang='lat' dir='ltr'>eff„</span> <span class='ocrx_word' id='word_1_130' title='bbox 327 892 395 925; x_wconf 84' lang='lat' dir='ltr'>fere</span> <span class='ocrx_word' id='word_1_131' title='bbox 412 890 624 924; x_wconf 83' lang='lat' dir='ltr'>neceffarium.</span> <span class='ocrx_word' id='word_1_132' title='bbox 655 888 742 933; x_wconf 85' lang='lat' dir='ltr'>Quid</span> <span class='ocrx_word' id='word_1_133' title='bbox 758 887 780 919; x_wconf 90' lang='lat' dir='ltr'>fi</span> <span class='ocrx_word' id='word_1_134' title='bbox 794 897 859 932; x_wconf 85' lang='lat' dir='ltr'>non</span> <span class='ocrx_word' id='word_1_135' title='bbox 875 885 1049 933; x_wconf 71' lang='lat' dir='ltr'>condictio-</span> 
     </span>
     <span class='ocr_line' id='line_1_20' title="bbox 185 928 1048 973; baseline -0.012 -7"><span class='ocrx_word' id='word_1_136' title='bbox 185 943 244 972; x_wconf 86' lang='lat' dir='ltr'>ne,</span> <span class='ocrx_word' id='word_1_137' title='bbox 274 937 319 966; x_wconf 85' lang='lat' dir='ltr'>uti</span> <span class='ocrx_word' id='word_1_138' title='bbox 342 933 464 966; x_wconf 88' lang='lat' dir='ltr'>constat</span> <span class='ocrx_word' id='word_1_139' title='bbox 480 957 490 973; x_wconf 91' lang='lat'>‚</span> <span class='ocrx_word' id='word_1_140' title='bbox 521 941 557 963; x_wconf 91' lang='lat' dir='ltr'>an</span> <span class='ocrx_word' id='word_1_141' title='bbox 589 940 653 962; x_wconf 91' lang='lat' dir='ltr'>non</span> <span class='ocrx_word' id='word_1_142' title='bbox 669 930 791 961; x_wconf 72' lang='lat' dir='ltr'>actione</span> <span class='ocrx_word' id='word_1_143' title='bbox 812 929 872 960; x_wconf 89' lang='lat' dir='ltr'>alia</span> <span class='ocrx_word' id='word_1_144' title='bbox 891 928 945 959; x_wconf 89' lang='lat' dir='ltr'>ille</span> <span class='ocrx_word' id='word_1_145' title='bbox 961 935 1048 971; x_wconf 86' lang='lat' dir='ltr'>nuin-</span> 
     </span>
     <span class='ocr_line' id='line_1_21' title="bbox 185 967 1048 1014; baseline -0.012 -7"><span class='ocrx_word' id='word_1_146' title='bbox 185 984 255 1007; x_wconf 70' lang='lat' dir='ltr'>mas</span> <span class='ocrx_word' id='word_1_147' title='bbox 279 976 461 1008; x_wconf 87' lang='lat' dir='ltr'>undecimus</span> <span class='ocrx_word' id='word_1_148' title='bbox 480 998 490 1013; x_wconf 91' lang='lat'>‚</span> <span class='ocrx_word' id='word_1_149' title='bbox 522 971 708 1014; x_wconf 85' lang='lat' dir='ltr'>promiffus,</span> <span class='ocrx_word' id='word_1_150' title='bbox 740 969 789 1002; x_wconf 81' lang='lat' dir='ltr'>sed</span> <span class='ocrx_word' id='word_1_151' title='bbox 807 979 871 1001; x_wconf 91' lang='lat' dir='ltr'>non</span> <span class='ocrx_word' id='word_1_152' title='bbox 893 967 1048 1014; x_wconf 82' lang='lat' dir='ltr'>creditus,</span> 
     </span>
     <span class='ocr_line' id='line_1_22' title="bbox 184 1011 1050 1059; baseline -0.013 -10"><span class='ocrx_word' id='word_1_153' title='bbox 184 1017 306 1059; x_wconf 85' lang='lat' dir='ltr'>poterit</span> <span class='ocrx_word' id='word_1_154' title='bbox 324 1017 390 1058; x_wconf 88' lang='lat' dir='ltr'>peti</span> <span class='ocrx_word' id='word_1_155' title='bbox 408 1016 424 1048; x_wconf 70' lang='grc' dir='ltr'>’ἒ</span> <span class='ocrx_word' id='word_1_156' title='bbox 457 1015 531 1057; x_wconf 90' lang='lat' dir='ltr'>quid</span> <span class='ocrx_word' id='word_1_157' title='bbox 550 1013 571 1045; x_wconf 85' lang='grc'>11</span> <span class='ocrx_word' id='word_1_158' title='bbox 588 1012 706 1051; x_wconf 80' lang='lat' dir='ltr'>usurae,</span> <span class='ocrx_word' id='word_1_159' title='bbox 734 1011 785 1057; x_wconf 72' lang='lat' dir='ltr'>vel</span> <span class='ocrx_word' id='word_1_160' title='bbox 802 1011 980 1056; x_wconf 83' lang='lat' dir='ltr'>donationis</span> <span class='ocrx_word' id='word_1_161' title='bbox 996 1017 1050 1039; x_wconf 91' lang='lat' dir='ltr'>no-</span> 
     </span>
     <span class='ocr_line' id='line_1_23' title="bbox 185 1048 1047 1094; baseline -0.013 -4"><span class='ocrx_word' id='word_1_162' title='bbox 185 1058 295 1090; x_wconf 75' lang='lat' dir='ltr'>rnine?</span> <span class='ocrx_word' id='word_1_163' title='bbox 329 1065 474 1090; x_wconf 86' lang='lat' dir='ltr'>neutrum</span> <span class='ocrx_word' id='word_1_164' title='bbox 499 1055 584 1087; x_wconf 86' lang='lat' dir='ltr'>valet</span> <span class='ocrx_word' id='word_1_165' title='bbox 603 1077 613 1093; x_wconf 86' lang='lat'>,</span> <span class='ocrx_word' id='word_1_166' title='bbox 645 1063 709 1085; x_wconf 89' lang='lat' dir='ltr'>non</span> <span class='ocrx_word' id='word_1_167' title='bbox 725 1061 808 1084; x_wconf 87' lang='lat' dir='ltr'>cmm</span> <span class='ocrx_word' id='word_1_168' title='bbox 828 1058 891 1092; x_wconf 85' lang='lat' dir='ltr'>agit</span> <span class='ocrx_word' id='word_1_169' title='bbox 914 1051 941 1081; x_wconf 85' lang='lat' dir='ltr'>d.</span> <span class='ocrx_word' id='word_1_170' title='bbox 966 1048 993 1094; x_wconf 54' lang='grc' dir='ltr'>ᾗ.</span> <span class='ocrx_word' id='word_1_171' title='bbox 1024 1058 1047 1080; x_wconf 86' lang='lat'>1.</span> 
     </span>
     <span class='ocr_line' id='line_1_24' title="bbox 186 1088 1050 1139; baseline -0.013 -8"><span class='ocrx_word' id='word_1_172' title='bbox 186 1100 226 1130; x_wconf 89' lang='lat' dir='ltr'>de</span> <span class='ocrx_word' id='word_1_173' title='bbox 253 1098 393 1130; x_wconf 87' lang='lat' dir='ltr'>usurario</span> <span class='ocrx_word' id='word_1_174' title='bbox 417 1098 551 1139; x_wconf 83' lang='lat' dir='ltr'>quodam</span> <span class='ocrx_word' id='word_1_175' title='bbox 568 1103 757 1139; x_wconf 76' lang='lat' dir='ltr'>augmento,</span> <span class='ocrx_word' id='word_1_176' title='bbox 781 1101 813 1124; x_wconf 85' lang='lat' dir='ltr'>at</span> <span class='ocrx_word' id='word_1_177' title='bbox 831 1094 870 1124; x_wconf 83' lang='lat' dir='ltr'>de</span> <span class='ocrx_word' id='word_1_178' title='bbox 887 1101 951 1137; x_wconf 87' lang='lat' dir='ltr'>uno</span> <span class='ocrx_word' id='word_1_179' title='bbox 970 1088 1050 1121; x_wconf 83' lang='lat' dir='ltr'>insu—</span> 
     </span>
     <span class='ocr_line' id='line_1_25' title="bbox 175 1133 1049 1182; baseline -0.014 -9"><span class='ocrx_word' id='word_1_180' title='bbox 175 1150 242 1182; x_wconf 76' lang='lat' dir='ltr'>per</span> <span class='ocrx_word' id='word_1_181' title='bbox 257 1140 399 1172; x_wconf 86' lang='lat' dir='ltr'>debendo</span> <span class='ocrx_word' id='word_1_182' title='bbox 413 1149 453 1171; x_wconf 86' lang='lat' dir='ltr'>ex</span> <span class='ocrx_word' id='word_1_183' title='bbox 472 1136 636 1170; x_wconf 66' lang='lat' dir='ltr'>contractu</span> <span class='ocrx_word' id='word_1_184' title='bbox 653 1143 767 1167; x_wconf 89' lang='lat' dir='ltr'>mutui.</span> <span class='ocrx_word' id='word_1_185' title='bbox 811 1133 945 1179; x_wconf 84' lang='lat' dir='ltr'>Accedit</span> <span class='ocrx_word' id='word_1_186' title='bbox 960 1140 1049 1172; x_wconf 79' lang='lat' dir='ltr'>regu-</span> 
     </span>
     <span class='ocr_line' id='line_1_26' title="bbox 185 1172 1050 1222; baseline -0.013 -9"><span class='ocrx_word' id='word_1_187' title='bbox 185 1182 215 1213; x_wconf 81' lang='lat' dir='ltr'>la</span> <span class='ocrx_word' id='word_1_188' title='bbox 235 1181 384 1213; x_wconf 85' lang='lat' dir='ltr'>tralatitia</span> <span class='ocrx_word' id='word_1_189' title='bbox 411 1181 431 1212; x_wconf 87' lang='lat' dir='ltr'>l.</span> <span class='ocrx_word' id='word_1_190' title='bbox 454 1191 482 1222; x_wconf 83' lang='lat'>3.</span> <span class='ocrx_word' id='word_1_191' title='bbox 517 1180 549 1211; x_wconf 90' lang='lat' dir='ltr'>C.</span> <span class='ocrx_word' id='word_1_192' title='bbox 582 1179 614 1209; x_wconf 83' lang='lat' dir='ltr'>de</span> <span class='ocrx_word' id='word_1_193' title='bbox 638 1176 714 1218; x_wconf 75' lang='lat' dir='ltr'>usitr.</span> <span class='ocrx_word' id='word_1_194' title='bbox 739 1174 844 1207; x_wconf 78' lang='lat' dir='ltr'>usuras</span> <span class='ocrx_word' id='word_1_195' title='bbox 861 1182 941 1205; x_wconf 83' lang='lat' dir='ltr'>citra</span> <span class='ocrx_word' id='word_1_196' title='bbox 958 1172 1050 1212; x_wconf 87' lang='lat' dir='ltr'>stipu-</span> 
     </span>
     <span class='ocr_line' id='line_1_27' title="bbox 173 1213 1050 1261; baseline -0.015 -6"><span class='ocrx_word' id='word_1_197' title='bbox 173 1223 312 1255; x_wconf 80' lang='lat' dir='ltr'>-lationis</span> <span class='ocrx_word' id='word_1_198' title='bbox 330 1222 512 1260; x_wconf 88' lang='lat' dir='ltr'>vinculum,</span> <span class='ocrx_word' id='word_1_199' title='bbox 528 1219 613 1261; x_wconf 84' lang='lat' dir='ltr'>quod</span> <span class='ocrx_word' id='word_1_200' title='bbox 630 1218 682 1250; x_wconf 89' lang='lat' dir='ltr'>hic</span> <span class='ocrx_word' id='word_1_201' title='bbox 698 1217 819 1248; x_wconf 85' lang='lat' dir='ltr'>nullum</span> <span class='ocrx_word' id='word_1_202' title='bbox 837 1215 901 1253; x_wconf 87' lang='lat' dir='ltr'>est,</span> <span class='ocrx_word' id='word_1_203' title='bbox 927 1213 1050 1248; x_wconf 78' lang='lat' dir='ltr'>nonde·</span> 
     </span>
     <span class='ocr_line' id='line_1_28' title="bbox 185 1255 1051 1304; baseline -0.015 -8"><span class='ocrx_word' id='word_1_204' title='bbox 185 1264 262 1295; x_wconf 83' lang='lat' dir='ltr'>beri.</span> <span class='ocrx_word' id='word_1_205' title='bbox 308 1262 422 1304; x_wconf 83' lang='lat' dir='ltr'><strong>Neque</strong></span> <span class='ocrx_word' id='word_1_206' title='bbox 446 1263 541 1294; x_wconf 85' lang='lat' dir='ltr'>etiam</span> <span class='ocrx_word' id='word_1_207' title='bbox 570 1269 647 1291; x_wconf 88' lang='lat' dir='ltr'>unus</span> <span class='ocrx_word' id='word_1_208' title='bbox 674 1259 747 1296; x_wconf 86' lang='lat' dir='ltr'>ille,</span> <span class='ocrx_word' id='word_1_209' title='bbox 781 1256 864 1304; x_wconf 81' lang='lat' dir='ltr'>quasi</span> <span class='ocrx_word' id='word_1_210' title='bbox 886 1255 1021 1286; x_wconf 85' lang='lat' dir='ltr'>donatus</span> <span class='ocrx_word' id='word_1_211' title='bbox 1040 1275 1051 1291; x_wconf 91' lang='lat'>,</span> 
     </span>
     <span class='ocr_line' id='line_1_29' title="bbox 177 1295 1051 1347; baseline -0.016 -9"><span class='ocrx_word' id='word_1_212' title='bbox 177 1313 313 1347; x_wconf 88' lang='lat' dir='ltr'>-petetur</span> <span class='ocrx_word' id='word_1_213' title='bbox 340 1304 541 1336; x_wconf 66' lang='lat' dir='ltr'>condietione</span> <span class='ocrx_word' id='word_1_214' title='bbox 566 1310 607 1333; x_wconf 82' lang='lat' dir='ltr'>ex</span> <span class='ocrx_word' id='word_1_215' title='bbox 642 1300 662 1331; x_wconf 82' lang='lat' dir='ltr'>l.</span> <span class='ocrx_word' id='word_1_216' title='bbox 684 1308 734 1344; x_wconf 64' lang='lat'>35.</span> <span class='ocrx_word' id='word_1_217' title='bbox 761 1296 789 1343; x_wconf 73' lang='lat'>§.¹</span> <span class='ocrx_word' id='word_1_218' title='bbox 814 1297 868 1328; x_wconf 72' lang='lat' dir='ltr'>ult.</span> <span class='ocrx_word' id='word_1_219' title='bbox 896 1296 927 1342; x_wconf 95' lang='lat' dir='ltr'>C.</span> <span class='ocrx_word' id='word_1_220' title='bbox 952 1296 985 1326; x_wconf 79' lang='lat' dir='ltr'>de</span> <span class='ocrx_word' id='word_1_221' title='bbox 1005 1295 1051 1340; x_wconf 71' lang='lat' dir='ltr'>dp-</span> 
     </span>
     <span class='ocr_line' id='line_1_30' title="bbox 185 1334 1051 1380; baseline -0.014 -2"><span class='ocrx_word' id='word_1_222' title='bbox 185 1352 248 1378; x_wconf 78' lang='lat' dir='ltr'>nat.</span> <span class='ocrx_word' id='word_1_223' title='bbox 272 1355 345 1378; x_wconf 88' lang='lat' dir='ltr'>cum</span> <span class='ocrx_word' id='word_1_224' title='bbox 364 1345 416 1376; x_wconf 90' lang='lat' dir='ltr'>hic</span> <span class='ocrx_word' id='word_1_225' title='bbox 433 1345 519 1376; x_wconf 89' lang='lat' dir='ltr'>nulla</span> <span class='ocrx_word' id='word_1_226' title='bbox 534 1343 570 1375; x_wconf 85' lang='lat' dir='ltr'>sit</span> <span class='ocrx_word' id='word_1_227' title='bbox 586 1342 740 1380; x_wconf 83' lang='lat' dir='ltr'>donandi,</span> <span class='ocrx_word' id='word_1_228' title='bbox 765 1338 816 1370; x_wconf 78' lang='lat' dir='ltr'>ied</span> <span class='ocrx_word' id='word_1_229' title='bbox 835 1334 1000 1369; x_wconf 85' lang='lat' dir='ltr'>manifesta</span> <span class='ocrx_word' id='word_1_230' title='bbox 1018 1345 1051 1367; x_wconf 85' lang='lat' dir='ltr'>in</span> 
     </span>
     <span class='ocr_line' id='line_1_31' title="bbox 156 1384 904 1428; baseline -0.012 -8"><span class='ocrx_word' id='word_1_231' title='bbox 156 1391 159 1394; x_wconf 84' lang='grc'><strong>“</strong></span> <span class='ocrx_word' id='word_1_232' title='bbox 184 1388 343 1420; x_wconf 88' lang='lat' dir='ltr'>creditum</span> <span class='ocrx_word' id='word_1_233' title='bbox 362 1386 454 1417; x_wconf 89' lang='lat' dir='ltr'>eundi</span> <span class='ocrx_word' id='word_1_234' title='bbox 471 1384 630 1415; x_wconf 85' lang='lat' dir='ltr'>voluntas.</span> <span class='ocrx_word' id='word_1_235' title='bbox 773 1422 779 1428; x_wconf 93' lang='lat'><em>.</em></span> <span class='ocrx_word' id='word_1_236' title='bbox 897 1421 904 1426; x_wconf 26' lang='grc' dir='ltr'><em>η</em></span> 
     </span>
     <span class='ocr_line' id='line_1_32' title="bbox 229 1420 1051 1466; baseline -0.011 -7"><span class='ocrx_word' id='word_1_237' title='bbox 229 1428 321 1460; x_wconf 83' lang='lat' dir='ltr'>Enim</span> <span class='ocrx_word' id='word_1_238' title='bbox 337 1436 414 1458; x_wconf 91' lang='lat' dir='ltr'>vero</span> <span class='ocrx_word' id='word_1_239' title='bbox 426 1450 435 1466; x_wconf 89' lang='lat'>‚</span> <span class='ocrx_word' id='word_1_240' title='bbox 462 1436 500 1458; x_wconf 88' lang='lat' dir='ltr'>an</span> <span class='ocrx_word' id='word_1_241' title='bbox 518 1435 583 1457; x_wconf 91' lang='lat' dir='ltr'>non</span> <span class='ocrx_word' id='word_1_242' title='bbox 601 1422 781 1464; x_wconf 76' lang='lat' dir='ltr'>hujusmodi</span> <span class='ocrx_word' id='word_1_243' title='bbox 796 1428 961 1466; x_wconf 36' lang='lat' dir='ltr'>negotiu-m</span> <span class='ocrx_word' id='word_1_244' title='bbox 973 1441 984 1458; x_wconf 90' lang='lat'>,</span> <span class='ocrx_word' id='word_1_245' title='bbox 1001 1420 1051 1451; x_wconf 79' lang='lat' dir='ltr'>cia-</span> 
     </span>
     <span class='ocr_line' id='line_1_33' title="bbox 184 1464 1049 1507; baseline -0.01 -6"><span class='ocrx_word' id='word_1_246' title='bbox 184 1471 216 1501; x_wconf 79' lang='lat' dir='ltr'>bo</span> <span class='ocrx_word' id='word_1_247' title='bbox 239 1471 350 1507; x_wconf 80' lang='lat' dir='ltr'>decem,</span> <span class='ocrx_word' id='word_1_248' title='bbox 385 1474 418 1499; x_wconf 71' lang='lat' dir='ltr'>ut</span> <span class='ocrx_word' id='word_1_249' title='bbox 440 1467 574 1499; x_wconf 79' lang='lat' dir='ltr'>undecim</span> <span class='ocrx_word' id='word_1_250' title='bbox 600 1467 722 1503; x_wconf 81' lang='lat' dir='ltr'><em>debeas,</em></span> <span class='ocrx_word' id='word_1_251' title='bbox 745 1464 912 1505; x_wconf 88' lang='lat' dir='ltr'>degeneret</span> <span class='ocrx_word' id='word_1_252' title='bbox 925 1471 957 1493; x_wconf 87' lang='lat' dir='ltr'>in</span> <span class='ocrx_word' id='word_1_253' title='bbox 974 1470 1049 1492; x_wconf 82' lang='lat' dir='ltr'>con-</span> 
     </span>
     <span class='ocr_line' id='line_1_34' title="bbox 185 1503 1048 1552; baseline -0.01 -10"><span class='ocrx_word' id='word_1_254' title='bbox 185 1510 304 1542; x_wconf 60' lang='lat' dir='ltr'>tractus</span> <span class='ocrx_word' id='word_1_255' title='bbox 328 1509 516 1541; x_wconf 83' lang='lat' dir='ltr'>innominati</span> <span class='ocrx_word' id='word_1_256' title='bbox 543 1506 718 1552; x_wconf 39' lang='lat' dir='ltr'>articulum.</span> <span class='ocrx_word' id='word_1_257' title='bbox 740 1507 773 1536; x_wconf 81' lang='lat' dir='ltr'>do</span> <span class='ocrx_word' id='word_1_258' title='bbox 788 1510 821 1537; x_wconf 78' lang='lat' dir='ltr'>ut</span> <span class='ocrx_word' id='word_1_259' title='bbox 834 1506 903 1551; x_wconf 62' lang='lat' dir='ltr'>fies,</span> <span class='ocrx_word' id='word_1_260' title='bbox 925 1503 956 1536; x_wconf 85' lang='lat'>&amp;</span> <span class='ocrx_word' id='word_1_261' title='bbox 973 1512 1048 1548; x_wconf 81' lang='lat' dir='ltr'>con-</span> 
     </span>
     <span class='ocr_line' id='line_1_35' title="bbox 180 1547 1050 1593; baseline -0.011 -9"><span class='ocrx_word' id='word_1_262' title='bbox 180 1551 350 1593; x_wconf 81' lang='lat' dir='ltr'>sequenter</span> <span class='ocrx_word' id='word_1_263' title='bbox 367 1551 405 1582; x_wconf 90' lang='lat' dir='ltr'>ad</span> <span class='ocrx_word' id='word_1_264' title='bbox 424 1559 586 1582; x_wconf 90' lang='lat' dir='ltr'>nummum</span> <span class='ocrx_word' id='word_1_265' title='bbox 609 1547 808 1580; x_wconf 89' lang='lat' dir='ltr'>undecimum</span> <span class='ocrx_word' id='word_1_266' title='bbox 832 1552 951 1577; x_wconf 86' lang='lat' dir='ltr'>incerta</span> <span class='ocrx_word' id='word_1_267' title='bbox 972 1552 1050 1590; x_wconf 81' lang='lat' dir='ltr'>eiVi-</span> 
     </span>
     <span class='ocr_line' id='line_1_36' title="bbox 183 1585 1048 1633; baseline -0.012 -8"><span class='ocrx_word' id='word_1_268' title='bbox 183 1593 225 1626; x_wconf 89' lang='lat' dir='ltr'>lis</span> <span class='ocrx_word' id='word_1_269' title='bbox 248 1588 411 1633; x_wconf 63' lang='lat' dir='ltr'>⁴competat</span> <span class='ocrx_word' id='word_1_270' title='bbox 427 1615 437 1631; x_wconf 90' lang='lat'>,</span> <span class='ocrx_word' id='word_1_271' title='bbox 470 1591 530 1623; x_wconf 87' lang='lat' dir='ltr'>alia</span> <span class='ocrx_word' id='word_1_272' title='bbox 554 1589 686 1632; x_wconf 87' lang='lat' dir='ltr'>quaestio</span> <span class='ocrx_word' id='word_1_273' title='bbox 710 1588 765 1620; x_wconf 88' lang='lat' dir='ltr'>est.</span> <span class='ocrx_word' id='word_1_274' title='bbox 809 1585 920 1632; x_wconf 85' lang='lat' dir='ltr'>Subest</span> <span class='ocrx_word' id='word_1_275' title='bbox 938 1594 1021 1616; x_wconf 90' lang='lat' dir='ltr'>enim</span> <span class='ocrx_word' id='word_1_276' title='bbox 1038 1608 1048 1624; x_wconf 94' lang='lat'>,</span> 
     </span>
     <span class='ocr_line' id='line_1_37' title="bbox 183 1627 1050 1675; baseline -0.013 -8"><span class='ocrx_word' id='word_1_277' title='bbox 183 1635 271 1667; x_wconf 86' lang='lat' dir='ltr'>dicat</span> <span class='ocrx_word' id='word_1_278' title='bbox 297 1633 409 1675; x_wconf 80' lang='lat' dir='ltr'>aliquis</span> <span class='ocrx_word' id='word_1_279' title='bbox 427 1655 439 1671; x_wconf 89' lang='lat'>,</span> <span class='ocrx_word' id='word_1_280' title='bbox 482 1631 572 1664; x_wconf 87' lang='lat' dir='ltr'>causa</span> <span class='ocrx_word' id='word_1_281' title='bbox 596 1630 771 1664; x_wconf 82' lang='lat' dir='ltr'>efficax&#39;ad</span> <span class='ocrx_word' id='word_1_282' title='bbox 794 1627 1050 1675; x_wconf 76' lang='lat' dir='ltr'>constituendum</span> 
     </span>
     <span class='ocr_line' id='line_1_38' title="bbox 183 1667 1048 1713; baseline -0.008 -7"><span class='ocrx_word' id='word_1_283' title='bbox 183 1678 352 1709; x_wconf 50' lang='lat' dir='ltr'>cavamen</span> <span class='ocrx_word' id='word_1_284' title='bbox 367 1697 377 1713; x_wconf 92' lang='lat'>,</span> <span class='ocrx_word' id='word_1_285' title='bbox 408 1673 577 1706; x_wconf 87' lang='lat' dir='ltr'>secundum</span> <span class='ocrx_word' id='word_1_286' title='bbox 603 1671 782 1707; x_wconf 84' lang='lat' dir='ltr'>Aristonem</span> <span class='ocrx_word' id='word_1_287' title='bbox 807 1680 840 1703; x_wconf 85' lang='lat' dir='ltr'>in</span> <span class='ocrx_word' id='word_1_288' title='bbox 863 1669 885 1701; x_wconf 83' lang='lat' dir='ltr'>l.</span> <span class='ocrx_word' id='word_1_289' title='bbox 906 1678 934 1709; x_wconf 82' lang='lat'>7.</span> <span class='ocrx_word' id='word_1_290' title='bbox 967 1667 995 1710; x_wconf 85' lang='lat'>§.</span> <span class='ocrx_word' id='word_1_291' title='bbox 1019 1678 1048 1699; x_wconf 87' lang='lat'>2.</span> 
     </span>
     <span class='ocr_line' id='line_1_39' title="bbox 180 1711 1049 1760; baseline -0.013 -10"><span class='ocrx_word' id='word_1_292' title='bbox 180 1718 220 1760; x_wconf 91' lang='lat' dir='ltr'>ff.</span> <span class='ocrx_word' id='word_1_293' title='bbox 246 1719 280 1749; x_wconf 83' lang='lat' dir='ltr'>de</span> <span class='ocrx_word' id='word_1_294' title='bbox 295 1715 374 1758; x_wconf 61' lang='lat' dir='ltr'>past.</span> <span class='ocrx_word' id='word_1_295' title='bbox 401 1716 431 1748; x_wconf 74' lang='grc' dir='ltr'>δι</span> <span class='ocrx_word' id='word_1_296' title='bbox 459 1717 492 1747; x_wconf 85' lang='lat' dir='ltr'>in</span> <span class='ocrx_word' id='word_1_297' title='bbox 519 1715 724 1746; x_wconf 76' lang='lat' dir='ltr'>traditionibus</span> <span class='ocrx_word' id='word_1_298' title='bbox 745 1721 840 1743; x_wconf 76' lang='lat' dir='ltr'>reram</span> <span class='ocrx_word' id='word_1_299' title='bbox 867 1711 1049 1759; x_wconf 58' lang='lat' dir='ltr'>quodeunque</span> 
     </span>
     <span class='ocr_line' id='line_1_40' title="bbox 182 1751 1048 1801; baseline -0.01 -11"><span class='ocrx_word' id='word_1_300' title='bbox 182 1759 300 1801; x_wconf 60' lang='lat' dir='ltr'>paftum</span> <span class='ocrx_word' id='word_1_301' title='bbox 313 1757 375 1797; x_wconf 74' lang='lat' dir='ltr'>fit,</span> <span class='ocrx_word' id='word_1_302' title='bbox 397 1758 428 1788; x_wconf 86' lang='lat' dir='ltr'>id</span> <span class='ocrx_word' id='word_1_303' title='bbox 444 1757 542 1789; x_wconf 83' lang='lat' dir='ltr'>valere</span> <span class='ocrx_word' id='word_1_304' title='bbox 562 1752 823 1800; x_wconf 69' lang='lat' dir='ltr'>manifestiffinium</span> <span class='ocrx_word' id='word_1_305' title='bbox 839 1753 899 1793; x_wconf 73' lang='lat' dir='ltr'>est,</span> <span class='ocrx_word' id='word_1_306' title='bbox 924 1759 968 1782; x_wconf 85' lang='lat' dir='ltr'>ait</span> <span class='ocrx_word' id='word_1_307' title='bbox 987 1751 1048 1782; x_wconf 65' lang='lat' dir='ltr'>(xa-</span> 
     </span>
     <span class='ocr_line' id='line_1_41' title="bbox 185 1794 1049 1842; baseline -0.012 -10"><span class='ocrx_word' id='word_1_308' title='bbox 185 1802 235 1842; x_wconf 81' lang='lat' dir='ltr'>jus</span> <span class='ocrx_word' id='word_1_309' title='bbox 255 1800 287 1832; x_wconf 89' lang='lat' dir='ltr'>in</span> <span class='ocrx_word' id='word_1_310' title='bbox 310 1801 332 1831; x_wconf 81' lang='lat' dir='ltr'>l.</span> <span class='ocrx_word' id='word_1_311' title='bbox 352 1804 405 1839; x_wconf 81' lang='lat'>48.</span> <span class='ocrx_word' id='word_1_312' title='bbox 423 1798 465 1840; x_wconf 87' lang='lat' dir='ltr'>ff.</span> <span class='ocrx_word' id='word_1_313' title='bbox 486 1799 546 1830; x_wconf 80' lang='lat' dir='ltr'>eod.</span> <span class='ocrx_word' id='word_1_314' title='bbox 589 1796 696 1837; x_wconf 81' lang='lat' dir='ltr'>Negat</span> <span class='ocrx_word' id='word_1_315' title='bbox 741 1795 843 1826; x_wconf 88' lang='lat' dir='ltr'>uidem</span> <span class='ocrx_word' id='word_1_316' title='bbox 864 1794 942 1824; x_wconf 83' lang='lat' dir='ltr'>hanc</span> <span class='ocrx_word' id='word_1_317' title='bbox 957 1801 1049 1832; x_wconf 77' lang='lat' dir='ltr'>gene-</span> 
     </span>
     <span class='ocr_line' id='line_1_42' title="bbox 186 1834 1051 1882; baseline -0.014 -7"><span class='ocrx_word' id='word_1_318' title='bbox 186 1841 284 1875; x_wconf 86' lang='lat' dir='ltr'>ralem</span> <span class='ocrx_word' id='word_1_319' title='bbox 307 1841 329 1872; x_wconf 82' lang='lat' dir='ltr'>l.</span> <span class='ocrx_word' id='word_1_320' title='bbox 352 1845 403 1880; x_wconf 84' lang='lat'>48.</span> <span class='ocrx_word' id='word_1_321' title='bbox 431 1839 616 1872; x_wconf 84' lang='lat' dir='ltr'>sententiam</span> <span class='ocrx_word' id='word_1_322' title='bbox 631 1839 695 1879; x_wconf 74' lang='lat' dir='ltr'>jac.</span> <span class='ocrx_word' id='word_1_323' title='bbox 735 1834 962 1882; x_wconf 52' lang='lat' dir='ltr'>&#39;edwii-edus,</span> <span class='ocrx_word' id='word_1_324' title='bbox 976 1834 1051 1880; x_wconf 79' lang='lat' dir='ltr'>dum</span> 
     </span>
     <span class='ocr_line' id='line_1_43' title="bbox 149 1874 1052 1924; baseline -0.011 -9"><span class='ocrx_word' id='word_1_325' title='bbox 149 1890 152 1893; x_wconf 63' lang='lat'><strong>⁴</strong></span> <span class='ocrx_word' id='word_1_326' title='bbox 185 1883 224 1915; x_wconf 82' lang='lat' dir='ltr'>ad</span> <span class='ocrx_word' id='word_1_327' title='bbox 246 1882 387 1914; x_wconf 78' lang='lat' dir='ltr'>Tabulam</span> <span class='ocrx_word' id='word_1_328' title='bbox 394 1881 514 1922; x_wconf 64' lang='lat' dir='ltr'>stactam</span> <span class='ocrx_word' id='word_1_329' title='bbox 536 1881 557 1909; x_wconf 51' lang='grc' dir='ltr'>ἕ</span> <span class='ocrx_word' id='word_1_330' title='bbox 576 1880 750 1924; x_wconf 61' lang='lat' dir='ltr'>duodecimi,</span> <span class='ocrx_word' id='word_1_331' title='bbox 773 1876 887 1922; x_wconf 83' lang='lat' dir='ltr'>GaJum</span> <span class='ocrx_word' id='word_1_332' title='bbox 904 1874 1052 1920; x_wconf 69' lang='lat' dir='ltr'>scripiisse</span> 
     </span>
     <span class='ocr_line' id='line_1_44' title="bbox 185 1916 1052 1965; baseline -0.012 -10"><span class='ocrx_word' id='word_1_333' title='bbox 185 1924 303 1964; x_wconf 84' lang='lat' dir='ltr'>fingit,</span> <span class='ocrx_word' id='word_1_334' title='bbox 333 1924 365 1954; x_wconf 87' lang='lat' dir='ltr'>in</span> <span class='ocrx_word' id='word_1_335' title='bbox 391 1923 653 1962; x_wconf 75' lang='lat' dir='ltr'>mancipationibus</span> <span class='ocrx_word' id='word_1_336' title='bbox 669 1943 680 1959; x_wconf 94' lang='lat'>,</span> <span class='ocrx_word' id='word_1_337' title='bbox 721 1920 814 1965; x_wconf 78' lang='lat' dir='ltr'>idque</span> <span class='ocrx_word' id='word_1_338' title='bbox 852 1916 1052 1957; x_wconf 79' lang='lat' dir='ltr'>interpolasse</span> 
     </span>
     <span class='ocr_line' id='line_1_45' title="bbox 185 1957 1051 2004; baseline -0.012 -7"><span class='ocrx_word' id='word_1_339' title='bbox 185 1965 429 1998; x_wconf 84' lang='lat' dir='ltr'>Tribonianum.</span> <span class='ocrx_word' id='word_1_340' title='bbox 482 1963 651 1995; x_wconf 84' lang='lat' dir='ltr'>Rationem</span> <span class='ocrx_word' id='word_1_341' title='bbox 675 1970 751 1992; x_wconf 89' lang='lat' dir='ltr'>vero</span> <span class='ocrx_word' id='word_1_342' title='bbox 774 1962 794 1991; x_wconf 84' lang='lat'>11</span> <span class='ocrx_word' id='word_1_343' title='bbox 821 1968 962 2004; x_wconf 59' lang='lat' dir='ltr'>quaeras,</span> <span class='ocrx_word' id='word_1_344' title='bbox 984 1957 1051 1988; x_wconf 92' lang='lat' dir='ltr'>nul-</span> 
     </span>
     <span class='ocr_line' id='line_1_46' title="bbox 185 1996 1050 2043; baseline -0.009 -6"><span class='ocrx_word' id='word_1_345' title='bbox 185 2006 249 2039; x_wconf 88' lang='lat' dir='ltr'>lam</span> <span class='ocrx_word' id='word_1_346' title='bbox 273 2005 379 2043; x_wconf 90' lang='lat' dir='ltr'>dabit,</span> <span class='ocrx_word' id='word_1_347' title='bbox 412 2012 466 2036; x_wconf 88' lang='lat' dir='ltr'>aut</span> <span class='ocrx_word' id='word_1_348' title='bbox 486 2013 573 2036; x_wconf 89' lang='lat' dir='ltr'>certe</span> <span class='ocrx_word' id='word_1_349' title='bbox 591 2003 706 2041; x_wconf 77' lang='lat' dir='ltr'>talem,</span> <span class='ocrx_word' id='word_1_350' title='bbox 729 2011 796 2043; x_wconf 85' lang='lat' dir='ltr'>quae</span> <span class='ocrx_word' id='word_1_351' title='bbox 816 2009 897 2031; x_wconf 86' lang='lat' dir='ltr'>ratio</span> <span class='ocrx_word' id='word_1_352' title='bbox 916 2009 979 2031; x_wconf 90' lang='lat' dir='ltr'>non</span> <span class='ocrx_word' id='word_1_353' title='bbox 994 1996 1050 2030; x_wconf 87' lang='lat' dir='ltr'>est.</span> 
     </span>
     <span class='ocr_line' id='line_1_47' title="bbox 175 2041 1050 2087; baseline -0.01 -9"><span class='ocrx_word' id='word_1_354' title='bbox 175 2047 336 2086; x_wconf 70' lang='lat' dir='ltr'>-Cijaci&#39;us</span> <span class='ocrx_word' id='word_1_355' title='bbox 361 2047 393 2077; x_wconf 91' lang='lat' dir='ltr'>in</span> <span class='ocrx_word' id='word_1_356' title='bbox 424 2046 517 2077; x_wconf 81' lang='lat' dir='ltr'>Paulo</span> <span class='ocrx_word' id='word_1_357' title='bbox 541 2046 578 2077; x_wconf 87' lang='lat' dir='ltr'>ad</span> <span class='ocrx_word' id='word_1_358' title='bbox 609 2045 631 2076; x_wconf 80' lang='lat' dir='ltr'>l.</span> <span class='ocrx_word' id='word_1_359' title='bbox 659 2054 704 2084; x_wconf 81' lang='lat'>17.</span> <span class='ocrx_word' id='word_1_360' title='bbox 723 2050 770 2084; x_wconf 60' lang='grc' dir='ltr'>μ.</span> <span class='ocrx_word' id='word_1_361' title='bbox 789 2041 830 2083; x_wconf 91' lang='lat' dir='ltr'>ff.</span> <span class='ocrx_word' id='word_1_362' title='bbox 852 2042 885 2071; x_wconf 84' lang='lat' dir='ltr'>de</span> <span class='ocrx_word' id='word_1_363' title='bbox 901 2041 982 2087; x_wconf 65' lang='lat' dir='ltr'>pact.</span> <span class='ocrx_word' id='word_1_364' title='bbox 1004 2048 1050 2070; x_wconf 87' lang='lat' dir='ltr'>re-</span> 
     </span>
     <span class='ocr_line' id='line_1_48' title="bbox 182 2085 1050 2128; baseline -0.009 -9"><span class='ocrx_word' id='word_1_365' title='bbox 182 2087 309 2128; x_wconf 82' lang='lat' dir='ltr'>stringit</span> <span class='ocrx_word' id='word_1_366' title='bbox 339 2088 366 2118; x_wconf 86' lang='lat' dir='ltr'>d.</span> <span class='ocrx_word' id='word_1_367' title='bbox 400 2086 419 2117; x_wconf 86' lang='lat' dir='ltr'>l.</span> <span class='ocrx_word' id='word_1_368' title='bbox 441 2091 492 2127; x_wconf 80' lang='lat'>48.</span> <span class='ocrx_word' id='word_1_369' title='bbox 523 2087 560 2118; x_wconf 85' lang='lat' dir='ltr'>ad</span> <span class='ocrx_word' id='word_1_370' title='bbox 588 2085 772 2117; x_wconf 85' lang='lat' dir='ltr'>traditiones</span> <span class='ocrx_word' id='word_1_371' title='bbox 788 2106 798 2120; x_wconf 89' lang='lat'><strong>‚</strong></span> <span class='ocrx_word' id='word_1_372' title='bbox 821 2092 892 2124; x_wconf 84' lang='lat' dir='ltr'>quae</span> <span class='ocrx_word' id='word_1_373' title='bbox 910 2085 990 2113; x_wconf 79' lang='lat' dir='ltr'>nunt</span> <span class='ocrx_word' id='word_1_374' title='bbox 1010 2090 1050 2112; x_wconf 83' lang='lat' dir='ltr'>ex</span> 
     </span>
     <span class='ocr_line' id='line_1_49' title="bbox 182 2122 1050 2169; baseline -0.009 -9"><span class='ocrx_word' id='word_1_375' title='bbox 182 2128 349 2161; x_wconf 68' lang='lat' dir='ltr'>conci-attii</span> <span class='ocrx_word' id='word_1_376' title='bbox 368 2129 458 2159; x_wconf 86' lang='lat' dir='ltr'>bonae</span> <span class='ocrx_word' id='word_1_377' title='bbox 476 2127 558 2159; x_wconf 87' lang='lat' dir='ltr'>fidei.</span> <span class='ocrx_word' id='word_1_378' title='bbox 591 2127 650 2159; x_wconf 87' lang='lat' dir='ltr'>Sed</span> <span class='ocrx_word' id='word_1_379' title='bbox 670 2126 700 2157; x_wconf 69' lang='grc' dir='ltr'><strong>ἃ</strong></span> <span class='ocrx_word' id='word_1_380' title='bbox 718 2126 779 2157; x_wconf 88' lang='lat' dir='ltr'>hoc</span> <span class='ocrx_word' id='word_1_381' title='bbox 796 2132 968 2169; x_wconf 68' lang='lat' dir='ltr'>perperam.</span> <span class='ocrx_word' id='word_1_382' title='bbox 1001 2122 1050 2154; x_wconf 87' lang='lat' dir='ltr'>In-</span> 
     </span>
     <span class='ocr_line' id='line_1_50' title="bbox 188 2164 1051 2208; baseline -0.008 -7"><span class='ocrx_word' id='word_1_383' title='bbox 188 2170 333 2202; x_wconf 71' lang='lat' dir='ltr'>distintle</span> <span class='ocrx_word' id='word_1_384' title='bbox 352 2178 427 2200; x_wconf 86' lang='lat' dir='ltr'>vera</span> <span class='ocrx_word' id='word_1_385' title='bbox 444 2168 489 2200; x_wconf 89' lang='lat' dir='ltr'>est</span> <span class='ocrx_word' id='word_1_386' title='bbox 520 2170 548 2200; x_wconf 81' lang='grc' dir='ltr'>α’.</span> <span class='ocrx_word' id='word_1_387' title='bbox 572 2169 592 2199; x_wconf 85' lang='lat' dir='ltr'>l.</span> <span class='ocrx_word' id='word_1_388' title='bbox 618 2173 669 2208; x_wconf 80' lang='lat'>48.</span> <span class='ocrx_word' id='word_1_389' title='bbox 700 2167 731 2198; x_wconf 91' lang='lat' dir='ltr'>in</span> <span class='ocrx_word' id='word_1_390' title='bbox 764 2164 985 2197; x_wconf 67' lang='lat' dir='ltr'>transferendis</span> <span class='ocrx_word' id='word_1_391' title='bbox 1006 2173 1051 2194; x_wconf 89' lang='lat' dir='ltr'>re-</span> 
     </span>
     <span class='ocr_line' id='line_1_51' title="bbox 185 2205 1050 2251; baseline -0.008 -9"><span class='ocrx_word' id='word_1_392' title='bbox 185 2221 256 2243; x_wconf 84' lang='lat' dir='ltr'>rum</span> <span class='ocrx_word' id='word_1_393' title='bbox 275 2210 424 2242; x_wconf 89' lang='lat' dir='ltr'>dominiis</span> <span class='ocrx_word' id='word_1_394' title='bbox 442 2220 496 2251; x_wconf 88' lang='lat' dir='ltr'>per</span> <span class='ocrx_word' id='word_1_395' title='bbox 519 2210 677 2250; x_wconf 88' lang='lat' dir='ltr'>quoslibet</span> <span class='ocrx_word' id='word_1_396' title='bbox 698 2207 876 2251; x_wconf 62' lang='lat' dir='ltr'>contractus</span> <span class='ocrx_word' id='word_1_397' title='bbox 890 2205 1050 2246; x_wconf 91' lang='lat' dir='ltr'>quodcun-</span> 
     </span>
     <span class='ocr_line' id='line_1_52' title="bbox 183 2246 1048 2294; baseline -0.008 -11"><span class='ocrx_word' id='word_1_398' title='bbox 183 2262 249 2294; x_wconf 84' lang='lat' dir='ltr'>que</span> <span class='ocrx_word' id='word_1_399' title='bbox 265 2251 387 2293; x_wconf 67' lang='lat' dir='ltr'>pastum</span> <span class='ocrx_word' id='word_1_400' title='bbox 402 2252 470 2291; x_wconf 85' lang='lat' dir='ltr'>jure</span> <span class='ocrx_word' id='word_1_401' title='bbox 486 2250 716 2292; x_wconf 83' lang='lat' dir='ltr'>interponitur,</span> <span class='ocrx_word' id='word_1_402' title='bbox 731 2249 837 2288; x_wconf 85' lang='lat' dir='ltr'>estque</span> <span class='ocrx_word' id='word_1_403' title='bbox 854 2246 1048 2294; x_wconf 62' lang='lat' dir='ltr'>iqrvandmn,</span> 
     </span>
     <span class='ocr_line' id='line_1_53' title="bbox 187 2287 1050 2336; baseline -0.007 -12"><span class='ocrx_word' id='word_1_404' title='bbox 187 2294 241 2325; x_wconf 86' lang='lat' dir='ltr'>vel</span> <span class='ocrx_word' id='word_1_405' title='bbox 263 2293 386 2324; x_wconf 67' lang='lat' dir='ltr'>actione</span> <span class='ocrx_word' id='word_1_406' title='bbox 410 2302 450 2324; x_wconf 80' lang='lat' dir='ltr'>ex</span> <span class='ocrx_word' id='word_1_407' title='bbox 473 2292 540 2333; x_wconf 89' lang='lat' dir='ltr'>ipso</span> <span class='ocrx_word' id='word_1_408' title='bbox 563 2291 762 2336; x_wconf 35' lang='lat' dir='ltr'>contractu,-</span> <span class='ocrx_word' id='word_1_409' title='bbox 780 2289 848 2334; x_wconf 86' lang='lat' dir='ltr'>vel‚</span> <span class='ocrx_word' id='word_1_410' title='bbox 873 2290 894 2320; x_wconf 81' lang='lat'>11</span> <span class='ocrx_word' id='word_1_411' title='bbox 912 2287 979 2333; x_wconf 67' lang='lat' dir='ltr'>liaee</span> <span class='ocrx_word' id='word_1_412' title='bbox 998 2297 1050 2318; x_wconf 77' lang='lat' dir='ltr'>ex-</span> 
     </span>
     <span class='ocr_line' id='line_1_54' title="bbox 187 2328 1051 2375; baseline -0.008 -9"><span class='ocrx_word' id='word_1_413' title='bbox 187 2334 361 2366; x_wconf 83' lang='lat' dir='ltr'>tensionem</span> <span class='ocrx_word' id='word_1_414' title='bbox 378 2343 442 2366; x_wconf 90' lang='lat' dir='ltr'>non</span> <span class='ocrx_word' id='word_1_415' title='bbox 461 2334 614 2375; x_wconf 86' lang='lat' dir='ltr'>patiatur,</span> <span class='ocrx_word' id='word_1_416' title='bbox 637 2333 829 2373; x_wconf 82' lang='lat' dir='ltr'>praeieriptis</span> <span class='ocrx_word' id='word_1_417' title='bbox 842 2332 955 2375; x_wconf 29' lang='lat' dir='ltr'>verb-is.</span> <span class='ocrx_word' id='word_1_418' title='bbox 980 2328 1051 2375; x_wconf 27' lang='lat' dir='ltr'>‘De</span> 
     </span>
     <span class='ocr_line' id='line_1_55' title="bbox 185 2371 1051 2417; baseline -0.008 -10"><span class='ocrx_word' id='word_1_419' title='bbox 185 2375 284 2417; x_wconf 71' lang='lat' dir='ltr'>pastis</span> <span class='ocrx_word' id='word_1_420' title='bbox 308 2376 419 2416; x_wconf 84' lang='lat' dir='ltr'>loquar</span> <span class='ocrx_word' id='word_1_421' title='bbox 439 2399 449 2414; x_wconf 87' lang='lat'>,</span> <span class='ocrx_word' id='word_1_422' title='bbox 483 2384 551 2415; x_wconf 86' lang='lat' dir='ltr'>quae</span> <span class='ocrx_word' id='word_1_423' title='bbox 569 2374 600 2406; x_wconf 91' lang='lat' dir='ltr'>in</span> <span class='ocrx_word' id='word_1_424' title='bbox 618 2371 1051 2417; x_wconf 28' lang='lat' dir='ltr'>constituenda&#39;obligatione</span> 
     </span>
     <span class='ocr_line' id='line_1_56' title="bbox 184 2413 1049 2457; baseline -0.008 -9"><span class='ocrx_word' id='word_1_425' title='bbox 184 2417 286 2456; x_wconf 82' lang='lat' dir='ltr'>fiunt,</span> <span class='ocrx_word' id='word_1_426' title='bbox 311 2425 383 2447; x_wconf 90' lang='lat' dir='ltr'>cum</span> <span class='ocrx_word' id='word_1_427' title='bbox 402 2417 456 2448; x_wconf 85' lang='lat' dir='ltr'>illa</span> <span class='ocrx_word' id='word_1_428' title='bbox 474 2415 528 2456; x_wconf 86' lang='lat' dir='ltr'>ipsi</span> <span class='ocrx_word' id='word_1_429' title='bbox 547 2414 721 2447; x_wconf 68' lang='lat' dir='ltr'>conti—anui</span> <span class='ocrx_word' id='word_1_430' title='bbox 748 2414 890 2444; x_wconf 81' lang='lat' dir='ltr'>dederint</span> <span class='ocrx_word' id='word_1_431' title='bbox 909 2413 1049 2457; x_wconf 74' lang='lat' dir='ltr'>caulam,</span> 
     </span>
     <span class='ocr_line' id='line_1_57' title="bbox 183 2454 1049 2498; baseline -0.006 -9"><span class='ocrx_word' id='word_1_432' title='bbox 183 2457 295 2490; x_wconf 84' lang='lat' dir='ltr'>saltem</span> <span class='ocrx_word' id='word_1_433' title='bbox 320 2458 484 2498; x_wconf 81' lang='lat' dir='ltr'>negotium</span> <span class='ocrx_word' id='word_1_434' title='bbox 508 2457 635 2497; x_wconf 86' lang='lat' dir='ltr'>aliquod</span> <span class='ocrx_word' id='word_1_435' title='bbox 657 2456 688 2487; x_wconf 88' lang='lat' dir='ltr'>in</span> <span class='ocrx_word' id='word_1_436' title='bbox 709 2455 738 2487; x_wconf 88' lang='lat' dir='ltr'>se</span> <span class='ocrx_word' id='word_1_437' title='bbox 756 2454 906 2493; x_wconf 84' lang='lat' dir='ltr'>habeant,</span> <span class='ocrx_word' id='word_1_438' title='bbox 930 2462 1049 2494; x_wconf 85' lang='lat' dir='ltr'>parien-</span> 
     </span>
     <span class='ocr_line' id='line_1_58' title="bbox 184 2495 1049 2541; baseline -0.007 -11"><span class='ocrx_word' id='word_1_439' title='bbox 184 2499 234 2530; x_wconf 79' lang='lat' dir='ltr'>dae</span> <span class='ocrx_word' id='word_1_440' title='bbox 253 2498 367 2530; x_wconf 66' lang='lat' dir='ltr'>astioni</span> <span class='ocrx_word' id='word_1_441' title='bbox 385 2498 543 2530; x_wconf 89' lang='lat' dir='ltr'>idoneum.</span> <span class='ocrx_word' id='word_1_442' title='bbox 590 2497 710 2541; x_wconf 85' lang='lat' dir='ltr'>Quidni</span> <span class='ocrx_word' id='word_1_443' title='bbox 735 2497 851 2541; x_wconf 81' lang='lat' dir='ltr'>igitur,</span> <span class='ocrx_word' id='word_1_444' title='bbox 874 2503 909 2541; x_wconf 80' lang='lat' dir='ltr'>ut</span> <span class='ocrx_word' id='word_1_445' title='bbox 928 2495 965 2526; x_wconf 89' lang='lat' dir='ltr'>ad</span> <span class='ocrx_word' id='word_1_446' title='bbox 979 2503 1049 2535; x_wconf 75' lang='lat' dir='ltr'>pro-</span> 
     </span>
     <span class='ocr_line' id='line_1_59' title="bbox 185 2537 1048 2581; baseline -0.006 -11"><span class='ocrx_word' id='word_1_447' title='bbox 185 2538 321 2581; x_wconf 86' lang='lat' dir='ltr'>pofitum</span> <span class='ocrx_word' id='word_1_448' title='bbox 342 2539 447 2570; x_wconf 87' lang='lat' dir='ltr'>thema</span> <span class='ocrx_word' id='word_1_449' title='bbox 475 2546 690 2577; x_wconf 88' lang='lat' dir='ltr'>revertamur,</span> <span class='ocrx_word' id='word_1_450' title='bbox 724 2545 852 2568; x_wconf 87' lang='lat' dir='ltr'>unicum</span> <span class='ocrx_word' id='word_1_451' title='bbox 871 2537 950 2567; x_wconf 88' lang='lat' dir='ltr'>illud</span> <span class='ocrx_word' id='word_1_452' title='bbox 965 2550 1048 2569; x_wconf 58' lang='lat' dir='ltr'>›ouie-</span> 
     </span>
     <span class='ocr_line' id='line_1_60' title="bbox 184 2576 1050 2618; baseline -0.003 -7"><span class='ocrx_word' id='word_1_453' title='bbox 184 2595 245 2618; x_wconf 77' lang='grc' dir='ltr'>μιι,</span> <span class='ocrx_word' id='word_1_454' title='bbox 269 2589 333 2611; x_wconf 91' lang='lat' dir='ltr'>non</span> <span class='ocrx_word' id='word_1_455' title='bbox 357 2579 447 2610; x_wconf 89' lang='lat' dir='ltr'>velut</span> <span class='ocrx_word' id='word_1_456' title='bbox 464 2589 576 2611; x_wconf 85' lang='lat' dir='ltr'>mutuo</span> <span class='ocrx_word' id='word_1_457' title='bbox 598 2579 723 2618; x_wconf 89' lang='lat' dir='ltr'>datum,</span> <span class='ocrx_word' id='word_1_458' title='bbox 748 2588 812 2610; x_wconf 92' lang='lat' dir='ltr'>non</span> <span class='ocrx_word' id='word_1_459' title='bbox 829 2577 918 2609; x_wconf 80' lang='lat' dir='ltr'>velut</span> <span class='ocrx_word' id='word_1_460' title='bbox 939 2576 1050 2615; x_wconf 80' lang='lat' dir='ltr'>usura,</span> 
     </span>
     <span class='ocr_line' id='line_1_61' title="bbox 184 2618 1047 2661; baseline -0.005 -8"><span class='ocrx_word' id='word_1_461' title='bbox 184 2621 239 2654; x_wconf 81' lang='lat' dir='ltr'>sed</span> <span class='ocrx_word' id='word_1_462' title='bbox 257 2630 296 2652; x_wconf 82' lang='lat' dir='ltr'>ex</span> <span class='ocrx_word' id='word_1_463' title='bbox 325 2620 475 2661; x_wconf 82' lang='lat' dir='ltr'>promiffo</span> <span class='ocrx_word' id='word_1_464' title='bbox 501 2620 675 2651; x_wconf 60' lang='lat' dir='ltr'>contractui</span> <span class='ocrx_word' id='word_1_465' title='bbox 702 2619 822 2650; x_wconf 85' lang='lat' dir='ltr'>eausam</span> <span class='ocrx_word' id='word_1_466' title='bbox 849 2618 943 2650; x_wconf 86' lang='lat' dir='ltr'>dante</span> <span class='ocrx_word' id='word_1_467' title='bbox 963 2627 1047 2659; x_wconf 86' lang='lat' dir='ltr'>peta-</span> 
     </span>
     <span class='ocr_line' id='line_1_62' title="bbox 186 2659 1049 2705; baseline -0.005 -11"><span class='ocrx_word' id='word_1_468' title='bbox 186 2661 265 2694; x_wconf 77' lang='lat' dir='ltr'>tur?</span> <span class='ocrx_word' id='word_1_469' title='bbox 287 2662 385 2693; x_wconf 87' lang='lat' dir='ltr'>immo</span> <span class='ocrx_word' id='word_1_470' title='bbox 402 2661 507 2702; x_wconf 88' lang='lat' dir='ltr'>quidni</span> <span class='ocrx_word' id='word_1_471' title='bbox 529 2669 564 2692; x_wconf 88' lang='lat' dir='ltr'>ut</span> <span class='ocrx_word' id='word_1_472' title='bbox 582 2659 690 2698; x_wconf 87' lang='lat' dir='ltr'>usura,</span> <span class='ocrx_word' id='word_1_473' title='bbox 712 2660 859 2700; x_wconf 87' lang='lat' dir='ltr'>fiquidcm</span> <span class='ocrx_word' id='word_1_474' title='bbox 878 2659 939 2705; x_wconf 83' lang='lat' dir='ltr'>hoc</span> <span class='ocrx_word' id='word_1_475' title='bbox 948 2661 1049 2691; x_wconf 78' lang='lat' dir='ltr'>actum</span> 
     </span>
     <span class='ocr_line' id='line_1_63' title="bbox 186 2700 1050 2742; baseline -0.003 -8"><span class='ocrx_word' id='word_1_476' title='bbox 186 2704 247 2742; x_wconf 85' lang='lat' dir='ltr'>fit,</span> <span class='ocrx_word' id='word_1_477' title='bbox 271 2703 300 2734; x_wconf 91' lang='lat'>&amp;</span> <span class='ocrx_word' id='word_1_478' title='bbox 319 2711 425 2733; x_wconf 87' lang='lat' dir='ltr'>earum</span> <span class='ocrx_word' id='word_1_479' title='bbox 443 2702 553 2734; x_wconf 91' lang='lat' dir='ltr'>modus</span> <span class='ocrx_word' id='word_1_480' title='bbox 576 2711 640 2733; x_wconf 91' lang='lat' dir='ltr'>non</span> <span class='ocrx_word' id='word_1_481' title='bbox 654 2700 849 2733; x_wconf 72' lang='lat' dir='ltr'>excedatur?</span> <span class='ocrx_word' id='word_1_482' title='bbox 873 2710 986 2741; x_wconf 81' lang='lat' dir='ltr'>opinor</span> <span class='ocrx_word' id='word_1_483' title='bbox 1007 2711 1050 2732; x_wconf 88' lang='lat' dir='ltr'>re-</span> 
     </span>
     <span class='ocr_line' id='line_1_64' title="bbox 188 2742 1049 2785; baseline -0.003 -9"><span class='ocrx_word' id='word_1_484' title='bbox 188 2744 238 2776; x_wconf 72' lang='lat' dir='ltr'>cte</span> <span class='ocrx_word' id='word_1_485' title='bbox 258 2745 288 2776; x_wconf 67' lang='grc' dir='ltr'>ἃ,</span> <span class='ocrx_word' id='word_1_486' title='bbox 306 2743 427 2775; x_wconf 87' lang='lat' dir='ltr'>utiliter</span> <span class='ocrx_word' id='word_1_487' title='bbox 454 2743 645 2785; x_wconf 85' lang='lat' dir='ltr'>praescriptis</span> <span class='ocrx_word' id='word_1_488' title='bbox 669 2743 774 2774; x_wconf 86' lang='lat' dir='ltr'>verbis</span> <span class='ocrx_word' id='word_1_489' title='bbox 796 2751 886 2782; x_wconf 77' lang='lat' dir='ltr'>agere</span> <span class='ocrx_word' id='word_1_490' title='bbox 913 2742 1049 2773; x_wconf 87' lang='lat' dir='ltr'>credito-</span> 
     </span>
     <span class='ocr_line' id='line_1_65' title="bbox 183 2783 1050 2828; baseline -0.001 -12"><span class='ocrx_word' id='word_1_491' title='bbox 183 2795 282 2824; x_wconf 78' lang='lat' dir='ltr'>sem,</span> <span class='ocrx_word' id='word_1_492' title='bbox 313 2784 334 2817; x_wconf 90' lang='lat' dir='ltr'><strong>fi</strong></span> <span class='ocrx_word' id='word_1_493' title='bbox 361 2785 393 2816; x_wconf 92' lang='lat' dir='ltr'>in</span> <span class='ocrx_word' id='word_1_494' title='bbox 423 2784 486 2826; x_wconf 82' lang='lat' dir='ltr'>ipsa</span> <span class='ocrx_word' id='word_1_495' title='bbox 512 2785 640 2816; x_wconf 89' lang='lat' dir='ltr'>datione</span> <span class='ocrx_word' id='word_1_496' title='bbox 666 2784 717 2822; x_wconf 53' lang='lat' dir='ltr'>ita,</span> <span class='ocrx_word' id='word_1_497' title='bbox 733 2783 831 2815; x_wconf 84' lang='lat' dir='ltr'>fuerit</span> <span class='ocrx_word' id='word_1_498' title='bbox 858 2783 987 2828; x_wconf 69' lang='lat' dir='ltr'>pactus:</span> <span class='ocrx_word' id='word_1_499' title='bbox 1021 2786 1050 2815; x_wconf 72' lang='grc' dir='ltr'>ι’)ἰ</span> 
     </span>
     <span class='ocr_line' id='line_1_66' title="bbox 187 2824 1048 2866; baseline -0.002 -8"><span class='ocrx_word' id='word_1_500' title='bbox 187 2826 255 2858; x_wconf 87' lang='lat' dir='ltr'>hoc</span> <span class='ocrx_word' id='word_1_501' title='bbox 280 2834 315 2857; x_wconf 90' lang='lat' dir='ltr'>ut</span> <span class='ocrx_word' id='word_1_502' title='bbox 338 2825 500 2865; x_wconf 85' lang='lat' dir='ltr'>dicamus,</span> <span class='ocrx_word' id='word_1_503' title='bbox 530 2830 662 2858; x_wconf 50' lang='lat' dir='ltr'>&amp;mavia</span> <span class='ocrx_word' id='word_1_504' title='bbox 683 2825 764 2866; x_wconf 82' lang='lat' dir='ltr'>Juris</span> <span class='ocrx_word' id='word_1_505' title='bbox 787 2833 917 2855; x_wconf 88' lang='lat' dir='ltr'>omnino</span> <span class='ocrx_word' id='word_1_506' title='bbox 934 2824 1048 2856; x_wconf 79' lang='lat' dir='ltr'>luadet.</span> 
     </span>
     <span class='ocr_line' id='line_1_67' title="bbox 189 2864 1050 2911; baseline -0.003 -13"><span class='ocrx_word' id='word_1_507' title='bbox 189 2867 287 2911; x_wconf 86' lang='lat' dir='ltr'>Quod</span> <span class='ocrx_word' id='word_1_508' title='bbox 303 2875 406 2898; x_wconf 86' lang='lat' dir='ltr'>autem</span> <span class='ocrx_word' id='word_1_509' title='bbox 421 2867 460 2899; x_wconf 90' lang='lat' dir='ltr'>de</span> <span class='ocrx_word' id='word_1_510' title='bbox 479 2866 578 2898; x_wconf 90' lang='lat' dir='ltr'>usuris</span> <span class='ocrx_word' id='word_1_511' title='bbox 593 2866 743 2898; x_wconf 83' lang='lat' dir='ltr'>foenebris</span> <span class='ocrx_word' id='word_1_512' title='bbox 761 2865 902 2907; x_wconf 75' lang='lat' dir='ltr'>pecuniae</span> <span class='ocrx_word' id='word_1_513' title='bbox 920 2865 982 2896; x_wconf 86' lang='lat' dir='ltr'>fine</span> <span class='ocrx_word' id='word_1_514' title='bbox 1002 2864 1050 2896; x_wconf 78' lang='lat' dir='ltr'>sti-</span> 
     </span>
     <span class='ocr_line' id='line_1_68' title="bbox 213 2905 1049 2952; baseline -0.004 -13"><span class='ocrx_word' id='word_1_515' title='bbox 213 2909 353 2940; x_wconf 89' lang='lat' dir='ltr'>ulatione</span> <span class='ocrx_word' id='word_1_516' title='bbox 369 2930 380 2946; x_wconf 92' lang='lat'>,</span> <span class='ocrx_word' id='word_1_517' title='bbox 411 2908 441 2940; x_wconf 87' lang='lat'>&amp;</span> <span class='ocrx_word' id='word_1_518' title='bbox 469 2917 523 2949; x_wconf 89' lang='lat' dir='ltr'>per</span> <span class='ocrx_word' id='word_1_519' title='bbox 545 2907 737 2948; x_wconf 89' lang='lat' dir='ltr'>consequens</span> <span class='ocrx_word' id='word_1_520' title='bbox 752 2917 789 2939; x_wconf 81' lang='lat' dir='ltr'>ex</span> <span class='ocrx_word' id='word_1_521' title='bbox 811 2905 900 2951; x_wconf 68' lang='lat' dir='ltr'>patlo</span> <span class='ocrx_word' id='word_1_522' title='bbox 919 2916 982 2952; x_wconf 84' lang='lat' dir='ltr'>non</span> <span class='ocrx_word' id='word_1_523' title='bbox 1001 2907 1049 2937; x_wconf 89' lang='lat' dir='ltr'>de-</span> 
     </span>
     <span class='ocr_line' id='line_1_69' title="bbox 212 2948 1049 2989; baseline -0.002 -9"><span class='ocrx_word' id='word_1_524' title='bbox 212 2950 299 2980; x_wconf 87' lang='lat' dir='ltr'>endis</span> <span class='ocrx_word' id='word_1_525' title='bbox 322 2949 485 2980; x_wconf 80' lang='lat' dir='ltr'>definitum</span> <span class='ocrx_word' id='word_1_526' title='bbox 515 2948 560 2981; x_wconf 88' lang='lat' dir='ltr'>est</span> <span class='ocrx_word' id='word_1_527' title='bbox 584 2949 657 2989; x_wconf 76' lang='lat' dir='ltr'>jure</span> <span class='ocrx_word' id='word_1_528' title='bbox 681 2948 797 2987; x_wconf 84' lang='lat' dir='ltr'>Civili,</span> <span class='ocrx_word' id='word_1_529' title='bbox 831 2948 1049 2987; x_wconf 84' lang='lat' dir='ltr'>accipiendum</span> 
     </span>
     <span class='ocr_line' id='line_1_70' title="bbox 187 2988 1050 3034; baseline 0 -14"><span class='ocrx_word' id='word_1_530' title='bbox 187 2990 250 3020; x_wconf 88' lang='lat' dir='ltr'>erit</span> <span class='ocrx_word' id='word_1_531' title='bbox 275 2989 401 3021; x_wconf 86' lang='lat' dir='ltr'>fortean</span> <span class='ocrx_word' id='word_1_532' title='bbox 426 2990 465 3021; x_wconf 84' lang='lat' dir='ltr'>cle</span> <span class='ocrx_word' id='word_1_533' title='bbox 494 2990 591 3031; x_wconf 69' lang='lat' dir='ltr'>pactis</span> <span class='ocrx_word' id='word_1_534' title='bbox 609 3014 619 3030; x_wconf 89' lang='lat'>,</span> <span class='ocrx_word' id='word_1_535' title='bbox 651 3000 719 3032; x_wconf 86' lang='lat' dir='ltr'>quae</span> <span class='ocrx_word' id='word_1_536' title='bbox 743 2989 780 3020; x_wconf 87' lang='lat' dir='ltr'>ab</span> <span class='ocrx_word' id='word_1_537' title='bbox 802 2988 868 3030; x_wconf 87' lang='lat' dir='ltr'>ipso</span> <span class='ocrx_word' id='word_1_538' title='bbox 887 2990 1050 3034; x_wconf 72' lang='lat' dir='ltr'>contractu</span> 
     </span>
     <span class='ocr_line' id='line_1_71' title="bbox 188 3028 1046 3072; baseline -0.002 -10"><span class='ocrx_word' id='word_1_539' title='bbox 188 3029 313 3062; x_wconf 77' lang='lat' dir='ltr'>seorsim</span> <span class='ocrx_word' id='word_1_540' title='bbox 330 3030 497 3071; x_wconf 87' lang='lat' dir='ltr'>habentur,</span> <span class='ocrx_word' id='word_1_541' title='bbox 522 3041 586 3063; x_wconf 92' lang='lat' dir='ltr'>non</span> <span class='ocrx_word' id='word_1_542' title='bbox 602 3041 670 3072; x_wconf 86' lang='lat' dir='ltr'>quae</span> <span class='ocrx_word' id='word_1_543' title='bbox 686 3030 741 3072; x_wconf 89' lang='lat' dir='ltr'>ipfi</span> <span class='ocrx_word' id='word_1_544' title='bbox 757 3036 966 3062; x_wconf 82' lang='lat' dir='ltr'>numerationi</span> <span class='ocrx_word' id='word_1_545' title='bbox 976 3028 1046 3061; x_wconf 90' lang='lat' dir='ltr'>sunt</span> 
     </span>
     <span class='ocr_line' id='line_1_72' title="bbox 186 3070 950 3116; baseline -0.007 -14"><span class='ocrx_word' id='word_1_546' title='bbox 186 3070 353 3110; x_wconf 89' lang='lat' dir='ltr'>implicita.</span> <span class='ocrx_word' id='word_1_547' title='bbox 945 3111 950 3116; x_wconf 32' lang='grc' dir='ltr'>ι</span> 
     </span>
     <span class='ocr_line' id='line_1_73' title="bbox 232 3111 1045 3155; baseline 0.001 -14"><span class='ocrx_word' id='word_1_548' title='bbox 232 3111 319 3142; x_wconf 78' lang='lat' dir='ltr'>Belle</span> <span class='ocrx_word' id='word_1_549' title='bbox 338 3113 417 3144; x_wconf 83' lang='lat' dir='ltr'>lianc</span> <span class='ocrx_word' id='word_1_550' title='bbox 432 3113 701 3155; x_wconf 86' lang='lat' dir='ltr'>jurisprudentiam</span> <span class='ocrx_word' id='word_1_551' title='bbox 720 3111 897 3145; x_wconf 87' lang='lat' dir='ltr'>confirmari</span> <span class='ocrx_word' id='word_1_552' title='bbox 919 3111 1012 3143; x_wconf 84' lang='lat' dir='ltr'>Video</span> <span class='ocrx_word' id='word_1_553' title='bbox 1029 3121 1045 3143; x_wconf 85' lang='lat' dir='ltr'>a</span> 
     </span>
     <span class='ocr_line' id='line_1_74' title="bbox 186 3149 1041 3194; baseline 0.004 -13"><span class='ocrx_word' id='word_1_554' title='bbox 186 3149 296 3182; x_wconf 85' lang='lat' dir='ltr'>Gloffa</span> <span class='ocrx_word' id='word_1_555' title='bbox 320 3153 357 3183; x_wconf 88' lang='lat' dir='ltr'>ad</span> <span class='ocrx_word' id='word_1_556' title='bbox 380 3153 546 3186; x_wconf 64' lang='lat' dir='ltr'>pandectas</span> <span class='ocrx_word' id='word_1_557' title='bbox 573 3153 700 3186; x_wconf 82' lang='lat' dir='ltr'>Graecas</span> <span class='ocrx_word' id='word_1_558' title='bbox 727 3155 758 3186; x_wconf 91' lang='lat' dir='ltr'>in</span> <span class='ocrx_word' id='word_1_559' title='bbox 782 3154 802 3186; x_wconf 84' lang='lat' dir='ltr'>l.</span> <span class='ocrx_word' id='word_1_560' title='bbox 828 3163 875 3186; x_wconf 90' lang='lat'>11.</span> <span class='ocrx_word' id='word_1_561' title='bbox 901 3151 928 3194; x_wconf 60' lang='grc' dir='ltr'>ἓ.</span> <span class='ocrx_word' id='word_1_562' title='bbox 958 3162 983 3184; x_wconf 93' lang='lat'>1.</span> <span class='ocrx_word' id='word_1_563' title='bbox 1007 3154 1041 3184; x_wconf 81' lang='lat' dir='ltr'>de</span> 
     </span>
    </p>
   </div>
   <div class='ocr_carea' id='block_1_3' title="bbox 913 118 1019 145">
    <p class='ocr_par' dir='ltr' id='par_1_3' title="bbox 913 118 1019 145">
     <span class='ocr_line' id='line_1_75' title="bbox 913 118 1019 145; baseline 0 -1"><span class='ocrx_word' id='word_1_564' title='bbox 913 118 1019 145; x_wconf 76' lang='lat' dir='ltr'>VAN</span> 
     </span>
    </p>
   </div>
   <div class='ocr_carea' id='block_1_4' title="bbox 1095 111 1698 150">
    <p class='ocr_par' dir='ltr' id='par_1_4' title="bbox 1095 111 1698 150">
     <span class='ocr_line' id='line_1_76' title="bbox 1095 111 1698 150; baseline 0.008 -5"><span class='ocrx_word' id='word_1_565' title='bbox 1095 111 1698 150; x_wconf 76' lang='lat' dir='ltr'>BYNKERSHOEK</span> 
     </span>
    </p>
   </div>
   <div class='ocr_carea' id='block_1_5' title="bbox 2000 174 2005 188">
    <p class='ocr_par' dir='ltr' id='par_1_5' title="bbox 2000 174 2005 188">
     <span class='ocr_line' id='line_1_77' title="bbox 2000 174 2005 188; baseline 0 0"><span class='ocrx_word' id='word_1_566' title='bbox 2000 174 2005 188; x_wconf 69' lang='lat' dir='ltr'>l</span> 
     </span>
    </p>
   </div>
   <div class='ocr_carea' id='block_1_6' title="bbox 1093 189 2000 234">
    <p class='ocr_par' dir='ltr' id='par_1_6' title="bbox 1093 189 2000 234">
     <span class='ocr_line' id='line_1_78' title="bbox 1093 189 2000 234; baseline 0.009 -14"><span class='ocrx_word' id='word_1_567' title='bbox 1093 199 1131 221; x_wconf 84' lang='lat' dir='ltr'>ex</span> <span class='ocrx_word' id='word_1_568' title='bbox 1151 189 1350 232; x_wconf 81' lang='lat' dir='ltr'>stipulatione</span> <span class='ocrx_word' id='word_1_569' title='bbox 1363 213 1373 229; x_wconf 84' lang='lat'>‚</span> <span class='ocrx_word' id='word_1_570' title='bbox 1396 191 1416 223; x_wconf 82' lang='lat' dir='ltr'>si</span> <span class='ocrx_word' id='word_1_571' title='bbox 1433 191 1514 224; x_wconf 65' lang='lat' dir='ltr'>faeta</span> <span class='ocrx_word' id='word_1_572' title='bbox 1535 191 1661 231; x_wconf 84' lang='lat' dir='ltr'>fuiss&#39;ct,</span> <span class='ocrx_word' id='word_1_573' title='bbox 1687 193 1750 234; x_wconf 77' lang='lat' dir='ltr'>peti</span> <span class='ocrx_word' id='word_1_574' title='bbox 1769 192 1854 233; x_wconf 76' lang='lat' dir='ltr'>poffe</span> <span class='ocrx_word' id='word_1_575' title='bbox 1869 194 1948 229; x_wconf 84' lang='lat' dir='ltr'>dixe·</span> <span class='ocrx_word' id='word_1_576' title='bbox 1996 216 2000 227; x_wconf 71' lang='lat' dir='ltr'>i</span> 
     </span>
    </p>
   </div>
   <div class='ocr_carea' id='block_1_7' title="bbox 1092 232 1954 811">
    <p class='ocr_par' dir='ltr' id='par_1_7' title="bbox 1092 232 1954 811">
     <span class='ocr_line' id='line_1_79' title="bbox 1093 232 1947 274; baseline 0.007 -12"><span class='ocrx_word' id='word_1_577' title='bbox 1093 239 1140 262; x_wconf 89' lang='lat' dir='ltr'>rat</span> <span class='ocrx_word' id='word_1_578' title='bbox 1155 254 1166 270; x_wconf 91' lang='lat'>,</span> <span class='ocrx_word' id='word_1_579' title='bbox 1197 232 1457 272; x_wconf 83' lang='lat' dir='ltr'>quemadmodum</span> <span class='ocrx_word' id='word_1_580' title='bbox 1484 234 1523 264; x_wconf 91' lang='lat' dir='ltr'>de</span> <span class='ocrx_word' id='word_1_581' title='bbox 1549 233 1607 264; x_wconf 89' lang='lat' dir='ltr'>hae</span> <span class='ocrx_word' id='word_1_582' title='bbox 1626 233 1690 274; x_wconf 83' lang='lat' dir='ltr'>ipsa</span> <span class='ocrx_word' id='word_1_583' title='bbox 1709 235 1888 267; x_wconf 77' lang='lat' dir='ltr'>tradidimus</span> <span class='ocrx_word' id='word_1_584' title='bbox 1905 237 1947 270; x_wconf 91' lang='lat' dir='ltr'>su-</span> 
     </span>
     <span class='ocr_line' id='line_1_80' title="bbox 1092 271 1946 314; baseline 0.002 -12"><span class='ocrx_word' id='word_1_585' title='bbox 1092 281 1166 313; x_wconf 84' lang='lat' dir='ltr'>pra,</span> <span class='ocrx_word' id='word_1_586' title='bbox 1191 271 1403 305; x_wconf 74' lang='lat' dir='ltr'>incontinenti</span> <span class='ocrx_word' id='word_1_587' title='bbox 1419 274 1522 305; x_wconf 82' lang='lat' dir='ltr'>addit:</span> <span class='ocrx_word' id='word_1_588' title='bbox 1547 275 1577 305; x_wconf 80' lang='grc' dir='ltr'>Εὶ</span> <span class='ocrx_word' id='word_1_589' title='bbox 1593 274 1621 304; x_wconf 75' lang='grc' dir='ltr'>δὲ</span> <span class='ocrx_word' id='word_1_590' title='bbox 1639 277 1673 306; x_wconf 74' lang='grc' dir='ltr'>μη·</span> <span class='ocrx_word' id='word_1_591' title='bbox 1690 280 1812 314; x_wconf 41' lang='lat' dir='ltr'>vivan,</span> <span class='ocrx_word' id='word_1_592' title='bbox 1836 275 1906 312; x_wconf 57' lang='grc' dir='ltr'><strong><em>αἶ’μι,</em></strong></span> <span class='ocrx_word' id='word_1_593' title='bbox 1921 281 1946 308; x_wconf 64' lang='lat' dir='ltr'>a.</span> 
     </span>
     <span class='ocr_line' id='line_1_81' title="bbox 1093 314 1949 357; baseline 0.006 -15"><span class='ocrx_word' id='word_1_594' title='bbox 1093 327 1115 341; x_wconf 79' lang='grc' dir='ltr'>τι</span> <span class='ocrx_word' id='word_1_595' title='bbox 1135 315 1264 353; x_wconf 54' lang='grc' dir='ltr'>ὲςμόζᾷῆ</span> <span class='ocrx_word' id='word_1_596' title='bbox 1288 317 1482 352; x_wconf 44' lang='lat' dir='ltr'>‘argete—noxus</span> <span class='ocrx_word' id='word_1_597' title='bbox 1503 314 1609 355; x_wconf 60' lang='lat'>121‘3514,</span> <span class='ocrx_word' id='word_1_598' title='bbox 1634 317 1666 347; x_wconf 64' lang='grc' dir='ltr'>ὃς</span> <span class='ocrx_word' id='word_1_599' title='bbox 1686 319 1813 350; x_wconf 63' lang='grc' dir='ltr'>γενομένης</span> <span class='ocrx_word' id='word_1_600' title='bbox 1830 320 1949 357; x_wconf 48' lang='lat' dir='ltr'>&amp;pvb-¹2</span> 
     </span>
     <span class='ocr_line' id='line_1_82' title="bbox 1094 355 1949 399; baseline 0.009 -17"><span class='ocrx_word' id='word_1_601' title='bbox 1094 355 1231 385; x_wconf 65' lang='grc' dir='ltr'><strong><em>ἑπιδόπυς.</em></strong></span> <span class='ocrx_word' id='word_1_602' title='bbox 1279 355 1332 386; x_wconf 74' lang='lat' dir='ltr'>Sin</span> <span class='ocrx_word' id='word_1_603' title='bbox 1356 365 1422 387; x_wconf 73' lang='lat' dir='ltr'>vero</span> <span class='ocrx_word' id='word_1_604' title='bbox 1446 356 1534 397; x_wconf 61' lang='lat' dir='ltr'>patra</span> <span class='ocrx_word' id='word_1_605' title='bbox 1556 366 1613 388; x_wconf 84' lang='lat' dir='ltr'>non</span> <span class='ocrx_word' id='word_1_606' title='bbox 1635 356 1695 396; x_wconf 79' lang='lat' dir='ltr'>fit,</span> <span class='ocrx_word' id='word_1_607' title='bbox 1714 364 1784 398; x_wconf 83' lang='lat' dir='ltr'>puto</span> <span class='ocrx_word' id='word_1_608' title='bbox 1800 364 1949 399; x_wconf 77' lang='lat' dir='ltr'>competere</span> 
     </span>
     <span class='ocr_line' id='line_1_83' title="bbox 1093 394 1950 440; baseline 0.007 -14"><span class='ocrx_word' id='word_1_609' title='bbox 1093 394 1233 426; x_wconf 63' lang='lat' dir='ltr'>astionem</span> <span class='ocrx_word' id='word_1_610' title='bbox 1251 396 1428 437; x_wconf 53' lang='lat' dir='ltr'>prffrfptis</span> <span class='ocrx_word' id='word_1_611' title='bbox 1451 399 1546 428; x_wconf 72' lang='lat' dir='ltr'>verbis</span> <span class='ocrx_word' id='word_1_612' title='bbox 1565 420 1576 436; x_wconf 89' lang='lat'>,</span> <span class='ocrx_word' id='word_1_613' title='bbox 1615 399 1697 439; x_wconf 73' lang='lat' dir='ltr'>quasi</span> <span class='ocrx_word' id='word_1_614' title='bbox 1716 399 1801 440; x_wconf 62' lang='lat' dir='ltr'>fasta</span> <span class='ocrx_word' id='word_1_615' title='bbox 1823 403 1950 440; x_wconf 66' lang='lat' dir='ltr'>pecunia</span> 
     </span>
     <span class='ocr_line' id='line_1_84' title="bbox 1093 438 1949 480; baseline 0.007 -13"><span class='ocrx_word' id='word_1_616' title='bbox 1093 438 1300 468; x_wconf 71' lang='lat' dir='ltr'>aclditaiizento.</span> <span class='ocrx_word' id='word_1_617' title='bbox 1346 438 1602 470; x_wconf 86' lang='lat' dir='ltr'>Additamentum</span> <span class='ocrx_word' id='word_1_618' title='bbox 1621 442 1760 480; x_wconf 66' lang='lat' dir='ltr'>pecuniae</span> <span class='ocrx_word' id='word_1_619' title='bbox 1776 464 1786 480; x_wconf 91' lang='lat'>,</span> <span class='ocrx_word' id='word_1_620' title='bbox 1813 449 1949 480; x_wconf 85' lang='lat' dir='ltr'>quocun·</span> 
     </span>
     <span class='ocr_line' id='line_1_85' title="bbox 1093 478 1948 524; baseline 0.007 -16"><span class='ocrx_word' id='word_1_621' title='bbox 1093 487 1153 518; x_wconf 89' lang='lat' dir='ltr'>que</span> <span class='ocrx_word' id='word_1_622' title='bbox 1167 478 1274 509; x_wconf 87' lang='lat' dir='ltr'>veniat</span> <span class='ocrx_word' id='word_1_623' title='bbox 1291 480 1440 518; x_wconf 86' lang='lat' dir='ltr'>nomine,</span> <span class='ocrx_word' id='word_1_624' title='bbox 1463 479 1651 521; x_wconf 74' lang='lat' dir='ltr'>praescriptis</span> <span class='ocrx_word' id='word_1_625' title='bbox 1676 482 1781 514; x_wconf 83' lang='lat' dir='ltr'>verbis</span> <span class='ocrx_word' id='word_1_626' title='bbox 1797 481 1878 513; x_wconf 69' lang='lat' dir='ltr'>attio</span> <span class='ocrx_word' id='word_1_627' title='bbox 1898 491 1948 524; x_wconf 89' lang='lat' dir='ltr'>pe-</span> 
     </span>
     <span class='ocr_line' id='line_1_86' title="bbox 1093 520 1952 561; baseline 0.007 -12"><span class='ocrx_word' id='word_1_628' title='bbox 1093 526 1159 558; x_wconf 86' lang='lat' dir='ltr'>tet,</span> <span class='ocrx_word' id='word_1_629' title='bbox 1185 520 1213 550; x_wconf 85' lang='lat'>&amp;</span> <span class='ocrx_word' id='word_1_630' title='bbox 1231 528 1341 559; x_wconf 86' lang='lat' dir='ltr'>petet,</span> <span class='ocrx_word' id='word_1_631' title='bbox 1364 522 1510 561; x_wconf 86' lang='lat' dir='ltr'>quoniam</span> <span class='ocrx_word' id='word_1_632' title='bbox 1536 522 1581 552; x_wconf 85' lang='lat' dir='ltr'>ita</span> <span class='ocrx_word' id='word_1_633' title='bbox 1596 523 1791 554; x_wconf 63' lang='lat' dir='ltr'>contractum</span> <span class='ocrx_word' id='word_1_634' title='bbox 1814 521 1868 554; x_wconf 91' lang='lat' dir='ltr'>est.</span> <span class='ocrx_word' id='word_1_635' title='bbox 1911 524 1952 556; x_wconf 84' lang='lat' dir='ltr'>A·</span> 
     </span>
     <span class='ocr_line' id='line_1_87' title="bbox 1094 559 1951 606; baseline 0.004 -16"><span class='ocrx_word' id='word_1_636' title='bbox 1094 560 1134 590; x_wconf 88' lang='lat' dir='ltr'>lia</span> <span class='ocrx_word' id='word_1_637' title='bbox 1162 559 1223 591; x_wconf 85' lang='lat' dir='ltr'>fine</span> <span class='ocrx_word' id='word_1_638' title='bbox 1248 561 1374 592; x_wconf 90' lang='lat' dir='ltr'>nomine</span> <span class='ocrx_word' id='word_1_639' title='bbox 1402 562 1486 593; x_wconf 85' lang='lat' dir='ltr'>larva</span> <span class='ocrx_word' id='word_1_640' title='bbox 1509 564 1602 593; x_wconf 79' lang='lat' dir='ltr'>eodem</span> <span class='ocrx_word' id='word_1_641' title='bbox 1626 568 1766 593; x_wconf 64' lang='lat' dir='ltr'>zamma·</span> <span class='ocrx_word' id='word_1_642' title='bbox 1782 564 1861 602; x_wconf 74' lang='lat' dir='ltr'>loeo,</span> <span class='ocrx_word' id='word_1_643' title='bbox 1882 565 1951 606; x_wconf 85' lang='lat' dir='ltr'>post</span> 
     </span>
     <span class='ocr_line' id='line_1_88' title="bbox 1092 601 1952 645; baseline 0.012 -15"><span class='ocrx_word' id='word_1_644' title='bbox 1092 601 1263 641; x_wconf 85' lang='lat' dir='ltr'>optimam,</span> <span class='ocrx_word' id='word_1_645' title='bbox 1284 611 1374 642; x_wconf 88' lang='lat' dir='ltr'>quam</span> <span class='ocrx_word' id='word_1_646' title='bbox 1391 602 1551 642; x_wconf 80' lang='lat' dir='ltr'>dedimus,</span> <span class='ocrx_word' id='word_1_647' title='bbox 1573 603 1701 645; x_wconf 74' lang='lat' dir='ltr'>glossam</span> <span class='ocrx_word' id='word_1_648' title='bbox 1715 629 1724 644; x_wconf 91' lang='lat'>‚</span> <span class='ocrx_word' id='word_1_649' title='bbox 1744 605 1824 638; x_wconf 90' lang='lat' dir='ltr'>hanc</span> <span class='ocrx_word' id='word_1_650' title='bbox 1842 607 1952 641; x_wconf 66' lang='lat' dir='ltr'>inexo-</span> 
     </span>
     <span class='ocr_line' id='line_1_89' title="bbox 1092 641 1953 682; baseline 0.01 -12"><span class='ocrx_word' id='word_1_651' title='bbox 1092 655 1127 670; x_wconf 69' lang='lat' dir='ltr'>eiv</span> <span class='ocrx_word' id='word_1_652' title='bbox 1146 641 1316 682; x_wconf 68' lang='lat' dir='ltr'>stlbjungitt</span> <span class='ocrx_word' id='word_1_653' title='bbox 1339 645 1409 671; x_wconf 61' lang='lat' dir='ltr'>Tin</span> <span class='ocrx_word' id='word_1_654' title='bbox 1430 644 1573 676; x_wconf 58' lang='grc' dir='ltr'>ἑμΐίςοὶ-ο·</span> <span class='ocrx_word' id='word_1_655' title='bbox 1591 656 1714 680; x_wconf 53' lang='lat' dir='ltr'>pomanus</span> <span class='ocrx_word' id='word_1_656' title='bbox 1729 670 1738 680; x_wconf 81' lang='grc'><strong>.</strong></span> <span class='ocrx_word' id='word_1_657' title='bbox 1762 649 1794 677; x_wconf 64' lang='grc' dir='ltr'>ὣς</span> <span class='ocrx_word' id='word_1_658' title='bbox 1812 647 1848 682; x_wconf 57' lang='grc' dir='ltr'>μδ</span> <span class='ocrx_word' id='word_1_659' title='bbox 1864 653 1953 679; x_wconf 62' lang='grc' dir='ltr'>καλεῖς</span> 
     </span>
     <span class='ocr_line' id='line_1_90' title="bbox 1093 682 1953 722; baseline 0.013 -12"><span class='ocrx_word' id='word_1_660' title='bbox 1093 687 1191 718; x_wconf 26' lang='lat' dir='ltr'>alexae..</span> <span class='ocrx_word' id='word_1_661' title='bbox 1237 682 1302 714; x_wconf 87' lang='lat' dir='ltr'>Cui·</span> <span class='ocrx_word' id='word_1_662' title='bbox 1321 684 1382 715; x_wconf 87' lang='lat' dir='ltr'>hoe</span> <span class='ocrx_word' id='word_1_663' title='bbox 1396 684 1525 716; x_wconf 87' lang='lat' dir='ltr'>dubium</span> <span class='ocrx_word' id='word_1_664' title='bbox 1543 684 1587 716; x_wconf 89' lang='lat' dir='ltr'>est</span> <span class='ocrx_word' id='word_1_665' title='bbox 1609 685 1783 720; x_wconf 75' lang='lat' dir='ltr'>Graeculc‘?</span> <span class='ocrx_word' id='word_1_666' title='bbox 1804 688 1858 720; x_wconf 83' lang='lat' dir='ltr'>etsi</span> <span class='ocrx_word' id='word_1_667' title='bbox 1868 689 1953 722; x_wconf 86' lang='lat' dir='ltr'>enim</span> 
     </span>
     <span class='ocr_line' id='line_1_91' title="bbox 1093 723 1953 770; baseline 0.009 -17"><span class='ocrx_word' id='word_1_668' title='bbox 1093 731 1126 755; x_wconf 89' lang='lat' dir='ltr'>tu</span> <span class='ocrx_word' id='word_1_669' title='bbox 1144 723 1337 764; x_wconf 74' lang='lat' dir='ltr'>quaerendam</span> <span class='ocrx_word' id='word_1_670' title='bbox 1356 725 1463 765; x_wconf 86' lang='lat' dir='ltr'>jubeas</span> <span class='ocrx_word' id='word_1_671' title='bbox 1492 726 1513 757; x_wconf 84' lang='lat' dir='ltr'>l.</span> <span class='ocrx_word' id='word_1_672' title='bbox 1542 735 1589 766; x_wconf 79' lang='lat'>17.</span> <span class='ocrx_word' id='word_1_673' title='bbox 1607 733 1655 767; x_wconf 78' lang='lat' dir='ltr'>pr.</span> <span class='ocrx_word' id='word_1_674' title='bbox 1675 728 1714 768; x_wconf 88' lang='lat' dir='ltr'>ff.</span> <span class='ocrx_word' id='word_1_675' title='bbox 1737 731 1771 760; x_wconf 74' lang='lat' dir='ltr'>de</span> <span class='ocrx_word' id='word_1_676' title='bbox 1788 730 1865 770; x_wconf 56' lang='lat' dir='ltr'>pact.</span> <span class='ocrx_word' id='word_1_677' title='bbox 1891 730 1953 762; x_wconf 87' lang='lat' dir='ltr'>hoc</span> 
     </span>
     <span class='ocr_line' id='line_1_92' title="bbox 1093 764 1954 811; baseline 0.009 -16"><span class='ocrx_word' id='word_1_678' title='bbox 1093 774 1196 796; x_wconf 87' lang='lat' dir='ltr'>tamen</span> <span class='ocrx_word' id='word_1_679' title='bbox 1218 764 1378 797; x_wconf 76' lang='lat' dir='ltr'>subvertes</span> <span class='ocrx_word' id='word_1_680' title='bbox 1395 767 1411 798; x_wconf 73' lang='lat'>,9</span> <span class='ocrx_word' id='word_1_681' title='bbox 1443 766 1494 798; x_wconf 87' lang='lat' dir='ltr'>De</span> <span class='ocrx_word' id='word_1_682' title='bbox 1517 767 1715 800; x_wconf 62' lang='lat' dir='ltr'>condictione</span> <span class='ocrx_word' id='word_1_683' title='bbox 1730 793 1740 808; x_wconf 87' lang='lat'>‚</span> <span class='ocrx_word' id='word_1_684' title='bbox 1771 779 1868 811; x_wconf 85' lang='lat' dir='ltr'>caque</span> <span class='ocrx_word' id='word_1_685' title='bbox 1891 770 1954 803; x_wconf 82' lang='lat' dir='ltr'>sola</span> 
     </span>
    </p>
   </div>
   <div class='ocr_carea' id='block_1_8' title="bbox 1080 806 1952 857">
    <p class='ocr_par' dir='ltr' id='par_1_8' title="bbox 1080 806 1952 857">
     <span class='ocr_line' id='line_1_93' title="bbox 1080 806 1952 857; baseline 0.009 -21"><span class='ocrx_word' id='word_1_686' title='bbox 1080 806 1179 846; x_wconf 91' lang='lat' dir='ltr'>-loqui</span> <span class='ocrx_word' id='word_1_687' title='bbox 1208 806 1344 839; x_wconf 85' lang='lat' dir='ltr'>diximus</span> <span class='ocrx_word' id='word_1_688' title='bbox 1374 809 1403 839; x_wconf 78' lang='lat' dir='ltr'>d.</span> <span class='ocrx_word' id='word_1_689' title='bbox 1435 808 1455 839; x_wconf 83' lang='lat' dir='ltr'>l.</span> <span class='ocrx_word' id='word_1_690' title='bbox 1483 817 1528 848; x_wconf 81' lang='lat'>17.</span> <span class='ocrx_word' id='word_1_691' title='bbox 1562 807 1647 855; x_wconf 54' lang='lat' dir='ltr'>&amp;i</span> <span class='ocrx_word' id='word_1_692' title='bbox 1675 819 1724 841; x_wconf 80' lang='lat'>11.</span> <span class='ocrx_word' id='word_1_693' title='bbox 1756 810 1784 852; x_wconf 85' lang='lat'>§.</span> <span class='ocrx_word' id='word_1_694' title='bbox 1812 820 1840 857; x_wconf 58' lang='lat'>1.</span> <span class='ocrx_word' id='word_1_695' title='bbox 1853 811 1893 852; x_wconf 88' lang='lat' dir='ltr'>ff.</span> <span class='ocrx_word' id='word_1_696' title='bbox 1919 813 1952 844; x_wconf 79' lang='lat' dir='ltr'>de</span> 
     </span>
    </p>
   </div>
   <div class='ocr_carea' id='block_1_9' title="bbox 1086 847 1960 3203">
    <p class='ocr_par' dir='ltr' id='par_1_9' title="bbox 1091 847 1951 922">
     <span class='ocr_line' id='line_1_94' title="bbox 1092 847 1951 894; baseline 0.008 -16"><span class='ocrx_word' id='word_1_697' title='bbox 1092 847 1132 878; x_wconf 88' lang='lat' dir='ltr'>R.</span> <span class='ocrx_word' id='word_1_698' title='bbox 1163 848 1195 879; x_wconf 91' lang='lat' dir='ltr'>C.</span> <span class='ocrx_word' id='word_1_699' title='bbox 1239 848 1299 879; x_wconf 85' lang='lat' dir='ltr'>Sed</span> <span class='ocrx_word' id='word_1_700' title='bbox 1318 848 1356 880; x_wconf 88' lang='lat' dir='ltr'>de</span> <span class='ocrx_word' id='word_1_701' title='bbox 1373 849 1421 881; x_wconf 88' lang='lat' dir='ltr'>his</span> <span class='ocrx_word' id='word_1_702' title='bbox 1442 858 1514 881; x_wconf 86' lang='lat' dir='ltr'>cum</span> <span class='ocrx_word' id='word_1_703' title='bbox 1535 859 1622 882; x_wconf 88' lang='lat' dir='ltr'>omni</span> <span class='ocrx_word' id='word_1_704' title='bbox 1643 852 1770 886; x_wconf 55' lang='lat' dir='ltr'>mos-nice</span> <span class='ocrx_word' id='word_1_705' title='bbox 1797 860 1906 894; x_wconf 85' lang='lat' dir='ltr'>utique</span> <span class='ocrx_word' id='word_1_706' title='bbox 1920 862 1951 885; x_wconf 86' lang='lat' dir='ltr'>a-</span> 
     </span>
     <span class='ocr_line' id='line_1_95' title="bbox 1091 887 1688 922; baseline 0.008 -2"><span class='ocrx_word' id='word_1_707' title='bbox 1091 888 1174 920; x_wconf 62' lang='lat' dir='ltr'>c‘tum</span> <span class='ocrx_word' id='word_1_708' title='bbox 1195 888 1240 919; x_wconf 87' lang='lat' dir='ltr'>est</span> <span class='ocrx_word' id='word_1_709' title='bbox 1265 887 1347 922; x_wconf 86' lang='lat' dir='ltr'>satis.</span> <span class='ocrx_word' id='word_1_710' title='bbox 1686 918 1688 920; x_wconf 86' lang='lat'><em>.</em></span> 
     </span>
    </p>

    <p class='ocr_par' dir='ltr' id='par_1_10' title="bbox 1086 929 1960 2610">
     <span class='ocr_line' id='line_1_96' title="bbox 1134 929 1952 976; baseline 0.009 -16"><span class='ocrx_word' id='word_1_711' title='bbox 1134 929 1330 971; x_wconf 87' lang='lat' dir='ltr'>Praecipuum</span> <span class='ocrx_word' id='word_1_712' title='bbox 1347 931 1464 964; x_wconf 87' lang='lat' dir='ltr'>nodum</span> <span class='ocrx_word' id='word_1_713' title='bbox 1482 931 1650 975; x_wconf 83' lang='lat' dir='ltr'>fregimus:</span> <span class='ocrx_word' id='word_1_714' title='bbox 1680 932 1796 966; x_wconf 86' lang='lat' dir='ltr'>restant</span> <span class='ocrx_word' id='word_1_715' title='bbox 1813 934 1952 976; x_wconf 78' lang='lat' dir='ltr'>quaedam</span> 
     </span>
     <span class='ocr_line' id='line_1_97' title="bbox 1096 970 1951 1016; baseline 0.012 -15"><span class='ocrx_word' id='word_1_716' title='bbox 1096 971 1193 1002; x_wconf 79' lang='lat' dir='ltr'>tricae.</span> <span class='ocrx_word' id='word_1_717' title='bbox 1237 970 1395 1004; x_wconf 88' lang='lat' dir='ltr'>Donellus</span> <span class='ocrx_word' id='word_1_718' title='bbox 1410 974 1447 1004; x_wconf 88' lang='lat' dir='ltr'>ad</span> <span class='ocrx_word' id='word_1_719' title='bbox 1470 975 1491 1005; x_wconf 87' lang='lat' dir='ltr'>l.</span> <span class='ocrx_word' id='word_1_720' title='bbox 1503 975 1614 1014; x_wconf 61' lang='lat' dir='ltr'>Leda,</span> <span class='ocrx_word' id='word_1_721' title='bbox 1637 986 1668 1007; x_wconf 80' lang='lat' dir='ltr'>n.</span> <span class='ocrx_word' id='word_1_722' title='bbox 1689 978 1735 1007; x_wconf 91' lang='lat'>16.</span> <span class='ocrx_word' id='word_1_723' title='bbox 1761 975 1796 1010; x_wconf 52' lang='grc' dir='ltr'>ἐξ</span> <span class='ocrx_word' id='word_1_724' title='bbox 1816 986 1866 1016; x_wconf 81' lang='lat'>24.</span> <span class='ocrx_word' id='word_1_725' title='bbox 1889 987 1951 1010; x_wconf 89' lang='lat' dir='ltr'>me-</span> 
     </span>
     <span class='ocr_line' id='line_1_98' title="bbox 1095 1013 1952 1058; baseline 0.011 -16"><span class='ocrx_word' id='word_1_726' title='bbox 1095 1020 1185 1044; x_wconf 87' lang='lat' dir='ltr'>tuens</span> <span class='ocrx_word' id='word_1_727' title='bbox 1206 1013 1225 1043; x_wconf 87' lang='lat' dir='ltr'>l.</span> <span class='ocrx_word' id='word_1_728' title='bbox 1252 1022 1301 1049; x_wconf 86' lang='lat'>99-</span> <span class='ocrx_word' id='word_1_729' title='bbox 1321 1013 1361 1054; x_wconf 89' lang='lat' dir='ltr'>ff.</span> <span class='ocrx_word' id='word_1_730' title='bbox 1387 1016 1420 1045; x_wconf 78' lang='lat' dir='ltr'>cle</span> <span class='ocrx_word' id='word_1_731' title='bbox 1440 1016 1482 1046; x_wconf 54' lang='lat' dir='ltr'>lf&#39;.</span> <span class='ocrx_word' id='word_1_732' title='bbox 1511 1017 1549 1046; x_wconf 79' lang='lat' dir='ltr'>O.</span> <span class='ocrx_word' id='word_1_733' title='bbox 1577 1026 1615 1047; x_wconf 81' lang='lat' dir='ltr'>ex</span> <span class='ocrx_word' id='word_1_734' title='bbox 1634 1026 1694 1057; x_wconf 81' lang='lat' dir='ltr'>qua</span> <span class='ocrx_word' id='word_1_735' title='bbox 1718 1018 1787 1058; x_wconf 72' lang='lat' dir='ltr'>Cap.</span> <span class='ocrx_word' id='word_1_736' title='bbox 1813 1018 1870 1050; x_wconf 86' lang='lat' dir='ltr'>lil.</span> <span class='ocrx_word' id='word_1_737' title='bbox 1889 1019 1952 1052; x_wconf 88' lang='lat' dir='ltr'>evi-</span> 
     </span>
     <span class='ocr_line' id='line_1_99' title="bbox 1094 1054 1955 1096; baseline 0.009 -12"><span class='ocrx_word' id='word_1_738' title='bbox 1094 1054 1214 1093; x_wconf 83' lang='lat' dir='ltr'>cimus,</span> <span class='ocrx_word' id='word_1_739' title='bbox 1240 1054 1345 1094; x_wconf 61' lang='lat' dir='ltr'>patra,</span> <span class='ocrx_word' id='word_1_740' title='bbox 1378 1064 1489 1096; x_wconf 86' lang='lat' dir='ltr'>utpote</span> <span class='ocrx_word' id='word_1_741' title='bbox 1506 1057 1623 1088; x_wconf 85' lang='lat' dir='ltr'>verbali</span> <span class='ocrx_word' id='word_1_742' title='bbox 1650 1056 1849 1090; x_wconf 76' lang='lat' dir='ltr'>solemnitate</span> <span class='ocrx_word' id='word_1_743' title='bbox 1866 1059 1955 1092; x_wconf 79' lang='lat' dir='ltr'>desti-</span> 
     </span>
     <span class='ocr_line' id='line_1_100' title="bbox 1094 1094 1954 1137; baseline 0.013 -13"><span class='ocrx_word' id='word_1_744' title='bbox 1094 1102 1162 1125; x_wconf 88' lang='lat' dir='ltr'>tuta</span> <span class='ocrx_word' id='word_1_745' title='bbox 1182 1118 1191 1134; x_wconf 87' lang='lat'>,</span> <span class='ocrx_word' id='word_1_746' title='bbox 1223 1094 1432 1135; x_wconf 85' lang='lat' dir='ltr'>stipulationis</span> <span class='ocrx_word' id='word_1_747' title='bbox 1460 1104 1577 1137; x_wconf 80' lang='lat' dir='ltr'>partem</span> <span class='ocrx_word' id='word_1_748' title='bbox 1599 1097 1687 1137; x_wconf 79' lang='lat' dir='ltr'>effe,</span> <span class='ocrx_word' id='word_1_749' title='bbox 1717 1099 1860 1132; x_wconf 69' lang='lat' dir='ltr'>vel&#39;sieii</span> <span class='ocrx_word' id='word_1_750' title='bbox 1890 1111 1954 1135; x_wconf 87' lang='lat' dir='ltr'>non</span> 
     </span>
     <span class='ocr_line' id='line_1_101' title="bbox 1093 1135 1954 1180; baseline 0.01 -15"><span class='ocrx_word' id='word_1_751' title='bbox 1093 1135 1179 1175; x_wconf 80' lang='lat' dir='ltr'>poil&#39;e</span> <span class='ocrx_word' id='word_1_752' title='bbox 1191 1159 1200 1173; x_wconf 94' lang='lat'>‚</span> <span class='ocrx_word' id='word_1_753' title='bbox 1232 1136 1317 1180; x_wconf 73' lang='lat' dir='ltr'>quod</span> <span class='ocrx_word' id='word_1_754' title='bbox 1339 1138 1376 1167; x_wconf 87' lang='lat' dir='ltr'>ad</span> <span class='ocrx_word' id='word_1_755' title='bbox 1389 1138 1595 1170; x_wconf 76' lang='lat' dir='ltr'>detrahentia</span> <span class='ocrx_word' id='word_1_756' title='bbox 1611 1140 1642 1171; x_wconf 91' lang='lat' dir='ltr'>in</span> <span class='ocrx_word' id='word_1_757' title='bbox 1659 1141 1851 1172; x_wconf 88' lang='lat' dir='ltr'>contrarium</span> <span class='ocrx_word' id='word_1_758' title='bbox 1881 1143 1954 1175; x_wconf 82' lang='lat' dir='ltr'>niti-</span> 
     </span>
     <span class='ocr_line' id='line_1_102' title="bbox 1095 1176 1956 1216; baseline 0.012 -11"><span class='ocrx_word' id='word_1_759' title='bbox 1095 1185 1145 1206; x_wconf 84' lang='lat' dir='ltr'>tur</span> <span class='ocrx_word' id='word_1_760' title='bbox 1165 1176 1222 1207; x_wconf 84' lang='lat' dir='ltr'>hae</span> <span class='ocrx_word' id='word_1_761' title='bbox 1252 1178 1319 1207; x_wconf 74' lang='lat' dir='ltr'>iere</span> <span class='ocrx_word' id='word_1_762' title='bbox 1344 1178 1482 1209; x_wconf 85' lang='lat' dir='ltr'>ratione:</span> <span class='ocrx_word' id='word_1_763' title='bbox 1516 1180 1641 1211; x_wconf 83' lang='lat' dir='ltr'>Summa</span> <span class='ocrx_word' id='word_1_764' title='bbox 1655 1181 1758 1213; x_wconf 90' lang='lat' dir='ltr'>minor</span> <span class='ocrx_word' id='word_1_765' title='bbox 1773 1183 1956 1216; x_wconf 86' lang='lat' dir='ltr'>continetur</span> 
     </span>
     <span class='ocr_line' id='line_1_103' title="bbox 1093 1217 1955 1266; baseline 0.013 -20"><span class='ocrx_word' id='word_1_766' title='bbox 1093 1217 1231 1255; x_wconf 83' lang='lat' dir='ltr'>majori,</span> <span class='ocrx_word' id='word_1_767' title='bbox 1263 1217 1403 1258; x_wconf 87' lang='lat' dir='ltr'>adeoque</span> <span class='ocrx_word' id='word_1_768' title='bbox 1435 1220 1559 1260; x_wconf 66' lang='lat' dir='ltr'>paetum</span> <span class='ocrx_word' id='word_1_769' title='bbox 1599 1221 1765 1261; x_wconf 88' lang='lat' dir='ltr'>minuens,</span> <span class='ocrx_word' id='word_1_770' title='bbox 1807 1231 1955 1266; x_wconf 82' lang='lat' dir='ltr'>tanquam</span> 
     </span>
     <span class='ocr_line' id='line_1_104' title="bbox 1094 1258 1956 1300; baseline 0.012 -13"><span class='ocrx_word' id='word_1_771' title='bbox 1094 1266 1181 1299; x_wconf 80' lang='lat' dir='ltr'>pars,</span> <span class='ocrx_word' id='word_1_772' title='bbox 1207 1258 1310 1289; x_wconf 79' lang='lat' dir='ltr'>latitat</span> <span class='ocrx_word' id='word_1_773' title='bbox 1326 1259 1356 1290; x_wconf 85' lang='lat' dir='ltr'>in</span> <span class='ocrx_word' id='word_1_774' title='bbox 1374 1259 1592 1300; x_wconf 79' lang='lat' dir='ltr'>stipulatione,</span> <span class='ocrx_word' id='word_1_775' title='bbox 1624 1263 1654 1293; x_wconf 88' lang='lat' dir='ltr'>h.</span> <span class='ocrx_word' id='word_1_776' title='bbox 1675 1271 1701 1293; x_wconf 89' lang='lat' dir='ltr'>e.</span> <span class='ocrx_word' id='word_1_777' title='bbox 1727 1263 1757 1294; x_wconf 90' lang='lat' dir='ltr'>in</span> <span class='ocrx_word' id='word_1_778' title='bbox 1775 1272 1858 1297; x_wconf 88' lang='lat' dir='ltr'>toto.</span> <span class='ocrx_word' id='word_1_779' title='bbox 1902 1266 1956 1297; x_wconf 88' lang='lat' dir='ltr'>Sic</span> 
     </span>
     <span class='ocr_line' id='line_1_105' title="bbox 1093 1297 1955 1344; baseline 0.012 -16"><span class='ocrx_word' id='word_1_780' title='bbox 1093 1298 1130 1329; x_wconf 81' lang='lat' dir='ltr'>E.</span> <span class='ocrx_word' id='word_1_781' title='bbox 1158 1297 1198 1330; x_wconf 81' lang='lat' dir='ltr'>G.</span> <span class='ocrx_word' id='word_1_782' title='bbox 1229 1299 1342 1339; x_wconf 85' lang='lat' dir='ltr'>(habes</span> <span class='ocrx_word' id='word_1_783' title='bbox 1365 1302 1546 1342; x_wconf 87' lang='lat' dir='ltr'>exemplum</span> <span class='ocrx_word' id='word_1_784' title='bbox 1574 1302 1606 1334; x_wconf 88' lang='lat' dir='ltr'>in</span> <span class='ocrx_word' id='word_1_785' title='bbox 1640 1303 1660 1334; x_wconf 84' lang='lat' dir='ltr'>l.</span> <span class='ocrx_word' id='word_1_786' title='bbox 1681 1312 1734 1343; x_wconf 88' lang='lat'>40.</span> <span class='ocrx_word' id='word_1_787' title='bbox 1760 1303 1800 1344; x_wconf 90' lang='lat' dir='ltr'>ff.</span> <span class='ocrx_word' id='word_1_788' title='bbox 1821 1308 1853 1337; x_wconf 73' lang='lat' dir='ltr'>cie</span> <span class='ocrx_word' id='word_1_789' title='bbox 1878 1307 1955 1339; x_wconf 78' lang='lat' dir='ltr'>Reb.</span> 
     </span>
     <span class='ocr_line' id='line_1_106' title="bbox 1097 1339 1954 1388; baseline 0.011 -18"><span class='ocrx_word' id='word_1_790' title='bbox 1097 1339 1201 1381; x_wconf 81' lang='lat' dir='ltr'>Cred.)</span> <span class='ocrx_word' id='word_1_791' title='bbox 1234 1341 1285 1381; x_wconf 86' lang='lat' dir='ltr'>qui</span> <span class='ocrx_word' id='word_1_792' title='bbox 1310 1344 1403 1382; x_wconf 67' lang='lat'><em>3750.</em></span> <span class='ocrx_word' id='word_1_793' title='bbox 1435 1342 1580 1375; x_wconf 84' lang='lat' dir='ltr'>denarios</span> <span class='ocrx_word' id='word_1_794' title='bbox 1608 1343 1664 1376; x_wconf 82' lang='lat' dir='ltr'>fibi</span> <span class='ocrx_word' id='word_1_795' title='bbox 1688 1344 1774 1376; x_wconf 82' lang='lat' dir='ltr'>reddi</span> <span class='ocrx_word' id='word_1_796' title='bbox 1792 1343 1954 1388; x_wconf 82' lang='lat' dir='ltr'>stipulatus</span> 
     </span>
     <span class='ocr_line' id='line_1_107' title="bbox 1093 1380 1953 1427; baseline 0.01 -16"><span class='ocrx_word' id='word_1_797' title='bbox 1093 1380 1159 1420; x_wconf 91' lang='lat' dir='ltr'>est,</span> <span class='ocrx_word' id='word_1_798' title='bbox 1185 1391 1211 1413; x_wconf 87' lang='lat' dir='ltr'>is</span> <span class='ocrx_word' id='word_1_799' title='bbox 1227 1381 1299 1413; x_wconf 87' lang='lat' dir='ltr'>satis</span> <span class='ocrx_word' id='word_1_800' title='bbox 1324 1391 1483 1416; x_wconf 88' lang='lat' dir='ltr'>trecentos</span> <span class='ocrx_word' id='word_1_801' title='bbox 1507 1384 1597 1426; x_wconf 78' lang='lat' dir='ltr'>(quae</span> <span class='ocrx_word' id='word_1_802' title='bbox 1618 1384 1698 1427; x_wconf 77' lang='lat' dir='ltr'>paCti</span> <span class='ocrx_word' id='word_1_803' title='bbox 1717 1385 1907 1420; x_wconf 87' lang='lat' dir='ltr'>detrahentis</span> <span class='ocrx_word' id='word_1_804' title='bbox 1922 1398 1953 1420; x_wconf 88' lang='lat' dir='ltr'>e·</span> 
     </span>
     <span class='ocr_line' id='line_1_108' title="bbox 1092 1422 1953 1466; baseline 0.009 -13"><span class='ocrx_word' id='word_1_805' title='bbox 1092 1430 1141 1454; x_wconf 86' lang='lat' dir='ltr'>rat</span> <span class='ocrx_word' id='word_1_806' title='bbox 1158 1422 1321 1464; x_wconf 82' lang='lat' dir='ltr'>materies)</span> <span class='ocrx_word' id='word_1_807' title='bbox 1343 1424 1481 1457; x_wconf 91' lang='lat' dir='ltr'>refusum</span> <span class='ocrx_word' id='word_1_808' title='bbox 1498 1427 1537 1458; x_wconf 90' lang='lat' dir='ltr'>iri</span> <span class='ocrx_word' id='word_1_809' title='bbox 1555 1426 1635 1458; x_wconf 90' lang='lat' dir='ltr'>dicit</span> <span class='ocrx_word' id='word_1_810' title='bbox 1650 1450 1661 1466; x_wconf 94' lang='lat'>‚</span> <span class='ocrx_word' id='word_1_811' title='bbox 1685 1434 1720 1459; x_wconf 87' lang='lat' dir='ltr'>ut</span> <span class='ocrx_word' id='word_1_812' title='bbox 1738 1427 1783 1459; x_wconf 87' lang='lat' dir='ltr'>ita</span> <span class='ocrx_word' id='word_1_813' title='bbox 1797 1428 1865 1461; x_wconf 85' lang='lat' dir='ltr'>haec</span> <span class='ocrx_word' id='word_1_814' title='bbox 1876 1428 1953 1462; x_wconf 84' lang='lat' dir='ltr'>suiri-</span> 
     </span>
     <span class='ocr_line' id='line_1_109' title="bbox 1093 1464 1955 1512; baseline 0.01 -18"><span class='ocrx_word' id='word_1_815' title='bbox 1093 1473 1164 1503; x_wconf 87' lang='lat' dir='ltr'>ma,</span> <span class='ocrx_word' id='word_1_816' title='bbox 1188 1464 1279 1506; x_wconf 67' lang='lat' dir='ltr'>paeto</span> <span class='ocrx_word' id='word_1_817' title='bbox 1294 1466 1450 1506; x_wconf 88' lang='lat' dir='ltr'>repetita,</span> <span class='ocrx_word' id='word_1_818' title='bbox 1473 1467 1570 1499; x_wconf 87' lang='lat' dir='ltr'>modo</span> <span class='ocrx_word' id='word_1_819' title='bbox 1586 1466 1735 1501; x_wconf 85' lang='lat' dir='ltr'>solemnis</span> <span class='ocrx_word' id='word_1_820' title='bbox 1753 1468 1790 1501; x_wconf 88' lang='lat' dir='ltr'>fit</span> <span class='ocrx_word' id='word_1_821' title='bbox 1804 1479 1843 1501; x_wconf 87' lang='lat' dir='ltr'>ex</span> <span class='ocrx_word' id='word_1_822' title='bbox 1863 1470 1955 1512; x_wconf 83' lang='lat' dir='ltr'>stipu-</span> 
     </span>
     <span class='ocr_line' id='line_1_110' title="bbox 1092 1505 1954 1552; baseline 0.009 -16"><span class='ocrx_word' id='word_1_823' title='bbox 1092 1505 1213 1537; x_wconf 85' lang='lat' dir='ltr'>latione</span> <span class='ocrx_word' id='word_1_824' title='bbox 1232 1507 1359 1546; x_wconf 83' lang='lat' dir='ltr'>praevia.</span> <span class='ocrx_word' id='word_1_825' title='bbox 1405 1507 1582 1541; x_wconf 86' lang='lat' dir='ltr'>Consensus</span> <span class='ocrx_word' id='word_1_826' title='bbox 1607 1518 1711 1542; x_wconf 89' lang='lat' dir='ltr'>autem</span> <span class='ocrx_word' id='word_1_827' title='bbox 1728 1510 1760 1543; x_wconf 89' lang='lat' dir='ltr'>in</span> <span class='ocrx_word' id='word_1_828' title='bbox 1771 1511 1863 1552; x_wconf 68' lang='lat' dir='ltr'>pacto</span> <span class='ocrx_word' id='word_1_829' title='bbox 1881 1521 1954 1545; x_wconf 90' lang='lat' dir='ltr'>con-</span> 
     </span>
     <span class='ocr_line' id='line_1_111' title="bbox 1093 1545 1952 1594; baseline 0.008 -16"><span class='ocrx_word' id='word_1_830' title='bbox 1093 1545 1214 1578; x_wconf 86' lang='lat' dir='ltr'>sensum</span> <span class='ocrx_word' id='word_1_831' title='bbox 1230 1549 1263 1579; x_wconf 90' lang='lat' dir='ltr'>in</span> <span class='ocrx_word' id='word_1_832' title='bbox 1279 1547 1481 1589; x_wconf 82' lang='lat' dir='ltr'>stipulatione</span> <span class='ocrx_word' id='word_1_833' title='bbox 1501 1551 1730 1591; x_wconf 84' lang='lat' dir='ltr'>praecedentem</span> <span class='ocrx_word' id='word_1_834' title='bbox 1748 1575 1759 1592; x_wconf 93' lang='lat'>,</span> <span class='ocrx_word' id='word_1_835' title='bbox 1784 1561 1897 1594; x_wconf 85' lang='lat' dir='ltr'>utpote</span> <span class='ocrx_word' id='word_1_836' title='bbox 1914 1563 1952 1586; x_wconf 84' lang='lat' dir='ltr'>ae-</span> 
     </span>
     <span class='ocr_line' id='line_1_112' title="bbox 1093 1587 1953 1632; baseline 0.01 -14"><span class='ocrx_word' id='word_1_837' title='bbox 1093 1596 1155 1629; x_wconf 91' lang='lat' dir='ltr'>que</span> <span class='ocrx_word' id='word_1_838' title='bbox 1177 1587 1313 1628; x_wconf 87' lang='lat' dir='ltr'>fortem,</span> <span class='ocrx_word' id='word_1_839' title='bbox 1335 1599 1407 1622; x_wconf 92' lang='lat' dir='ltr'>cum</span> <span class='ocrx_word' id='word_1_840' title='bbox 1425 1591 1570 1624; x_wconf 86' lang='lat' dir='ltr'>videatur</span> <span class='ocrx_word' id='word_1_841' title='bbox 1594 1593 1742 1632; x_wconf 90' lang='lat' dir='ltr'>vincere,</span> <span class='ocrx_word' id='word_1_842' title='bbox 1767 1595 1883 1626; x_wconf 81' lang='lat' dir='ltr'>treceni</span> <span class='ocrx_word' id='word_1_843' title='bbox 1903 1593 1953 1627; x_wconf 91' lang='lat' dir='ltr'>de-</span> 
     </span>
     <span class='ocr_line' id='line_1_113' title="bbox 1093 1629 1953 1675; baseline 0.01 -16"><span class='ocrx_word' id='word_1_844' title='bbox 1093 1629 1170 1660; x_wconf 88' lang='lat' dir='ltr'>narii</span> <span class='ocrx_word' id='word_1_845' title='bbox 1194 1630 1388 1663; x_wconf 87' lang='lat' dir='ltr'>retroversus</span> <span class='ocrx_word' id='word_1_846' title='bbox 1405 1631 1464 1664; x_wconf 90' lang='lat' dir='ltr'>soli</span> <span class='ocrx_word' id='word_1_847' title='bbox 1483 1634 1512 1665; x_wconf 94' lang='lat' dir='ltr'>in</span> <span class='ocrx_word' id='word_1_848' title='bbox 1539 1633 1772 1675; x_wconf 79' lang='lat' dir='ltr'>stipulationem</span> <span class='ocrx_word' id='word_1_849' title='bbox 1790 1635 1908 1668; x_wconf 84' lang='lat' dir='ltr'>veniss&#39;e</span> <span class='ocrx_word' id='word_1_850' title='bbox 1923 1645 1953 1668; x_wconf 90' lang='lat' dir='ltr'>e-</span> 
     </span>
     <span class='ocr_line' id='line_1_114' title="bbox 1092 1671 1952 1718; baseline 0.01 -17"><span class='ocrx_word' id='word_1_851' title='bbox 1092 1671 1270 1703; x_wconf 79' lang='lat' dir='ltr'>xistimandi</span> <span class='ocrx_word' id='word_1_852' title='bbox 1290 1671 1381 1711; x_wconf 89' lang='lat' dir='ltr'>sunt,</span> <span class='ocrx_word' id='word_1_853' title='bbox 1404 1674 1476 1714; x_wconf 87' lang='lat' dir='ltr'>quia</span> <span class='ocrx_word' id='word_1_854' title='bbox 1493 1674 1610 1706; x_wconf 86' lang='lat' dir='ltr'>summa</span> <span class='ocrx_word' id='word_1_855' title='bbox 1636 1675 1667 1707; x_wconf 91' lang='lat' dir='ltr'>in</span> <span class='ocrx_word' id='word_1_856' title='bbox 1686 1675 1888 1718; x_wconf 86' lang='lat' dir='ltr'>stipulatione</span> <span class='ocrx_word' id='word_1_857' title='bbox 1902 1677 1952 1710; x_wconf 86' lang='lat' dir='ltr'>ad·</span> 
     </span>
     <span class='ocr_line' id='line_1_115' title="bbox 1093 1712 1953 1760; baseline 0.01 -18"><span class='ocrx_word' id='word_1_858' title='bbox 1093 1712 1156 1743; x_wconf 92' lang='lat' dir='ltr'>huc</span> <span class='ocrx_word' id='word_1_859' title='bbox 1172 1713 1290 1753; x_wconf 83' lang='lat' dir='ltr'>reliqua</span> <span class='ocrx_word' id='word_1_860' title='bbox 1310 1712 1383 1754; x_wconf 78' lang='lat' dir='ltr'>ipso&#39;</span> <span class='ocrx_word' id='word_1_861' title='bbox 1395 1715 1482 1754; x_wconf 86' lang='lat' dir='ltr'>jure,</span> <span class='ocrx_word' id='word_1_862' title='bbox 1506 1723 1541 1747; x_wconf 90' lang='lat' dir='ltr'>ut</span> <span class='ocrx_word' id='word_1_863' title='bbox 1559 1716 1603 1748; x_wconf 93' lang='lat' dir='ltr'>ita</span> <span class='ocrx_word' id='word_1_864' title='bbox 1618 1716 1738 1757; x_wconf 88' lang='lat' dir='ltr'>dicam,</span> <span class='ocrx_word' id='word_1_865' title='bbox 1763 1717 1879 1750; x_wconf 87' lang='lat' dir='ltr'>caduca</span> <span class='ocrx_word' id='word_1_866' title='bbox 1897 1718 1953 1760; x_wconf 85' lang='lat' dir='ltr'>fit,</span> 
     </span>
     <span class='ocr_line' id='line_1_116' title="bbox 1092 1753 1954 1802; baseline 0.012 -19"><span class='ocrx_word' id='word_1_867' title='bbox 1092 1753 1303 1785; x_wconf 87' lang='lat' dir='ltr'>incontinenti</span> <span class='ocrx_word' id='word_1_868' title='bbox 1321 1756 1436 1797; x_wconf 85' lang='lat' dir='ltr'>quippe</span> <span class='ocrx_word' id='word_1_869' title='bbox 1455 1757 1503 1788; x_wconf 84' lang='lat' dir='ltr'>illi</span> <span class='ocrx_word' id='word_1_870' title='bbox 1520 1756 1687 1790; x_wconf 84' lang='lat' dir='ltr'>consensus</span> <span class='ocrx_word' id='word_1_871' title='bbox 1702 1758 1807 1798; x_wconf 74' lang='lat' dir='ltr'>deest,</span> <span class='ocrx_word' id='word_1_872' title='bbox 1830 1769 1884 1801; x_wconf 87' lang='lat' dir='ltr'>per</span> <span class='ocrx_word' id='word_1_873' title='bbox 1898 1769 1954 1802; x_wconf 87' lang='lat' dir='ltr'>po-</span> 
     </span>
     <span class='ocr_line' id='line_1_117' title="bbox 1093 1793 1954 1846; baseline 0.012 -22"><span class='ocrx_word' id='word_1_874' title='bbox 1093 1793 1250 1826; x_wconf 88' lang='lat' dir='ltr'>steriorem</span> <span class='ocrx_word' id='word_1_875' title='bbox 1268 1797 1443 1829; x_wconf 70' lang='lat' dir='ltr'>correctus:</span> <span class='ocrx_word' id='word_1_876' title='bbox 1468 1806 1594 1830; x_wconf 67' lang='lat' dir='ltr'>mantnt</span> <span class='ocrx_word' id='word_1_877' title='bbox 1619 1800 1763 1846; x_wconf 78' lang='lat' dir='ltr'>equidem</span> <span class='ocrx_word' id='word_1_878' title='bbox 1786 1801 1897 1841; x_wconf 85' lang='lat' dir='ltr'>verba,</span> <span class='ocrx_word' id='word_1_879' title='bbox 1920 1808 1954 1834; x_wconf 85' lang='lat' dir='ltr'>at</span> 
     </span>
     <span class='ocr_line' id='line_1_118' title="bbox 1092 1836 1954 1884; baseline 0.01 -18"><span class='ocrx_word' id='word_1_880' title='bbox 1092 1836 1147 1867; x_wconf 90' lang='lat' dir='ltr'>illa</span> <span class='ocrx_word' id='word_1_881' title='bbox 1177 1845 1273 1876; x_wconf 87' lang='lat' dir='ltr'>quum</span> <span class='ocrx_word' id='word_1_882' title='bbox 1299 1836 1361 1868; x_wconf 83' lang='lat' dir='ltr'>fine</span> <span class='ocrx_word' id='word_1_883' title='bbox 1388 1838 1540 1871; x_wconf 80' lang='lat' dir='ltr'>consensu</span> <span class='ocrx_word' id='word_1_884' title='bbox 1561 1850 1625 1882; x_wconf 87' lang='lat' dir='ltr'>non</span> <span class='ocrx_word' id='word_1_885' title='bbox 1643 1841 1820 1882; x_wconf 79' lang='lat' dir='ltr'>iubfistant,</span> <span class='ocrx_word' id='word_1_886' title='bbox 1844 1841 1954 1884; x_wconf 82' lang='lat' dir='ltr'>sponte</span> 
     </span>
     <span class='ocr_line' id='line_1_119' title="bbox 1086 1876 1954 1924; baseline 0.009 -17"><span class='ocrx_word' id='word_1_887' title='bbox 1086 1876 1145 1908; x_wconf 56' lang='lat' dir='ltr'>§sua</span> <span class='ocrx_word' id='word_1_888' title='bbox 1162 1877 1349 1910; x_wconf 87' lang='lat' dir='ltr'>intercidere</span> <span class='ocrx_word' id='word_1_889' title='bbox 1366 1880 1548 1913; x_wconf 85' lang='lat' dir='ltr'>creduntur.</span> <span class='ocrx_word' id='word_1_890' title='bbox 1593 1881 1677 1914; x_wconf 85' lang='lat' dir='ltr'>Haec</span> <span class='ocrx_word' id='word_1_891' title='bbox 1692 1883 1748 1915; x_wconf 88' lang='lat' dir='ltr'>ille</span> <span class='ocrx_word' id='word_1_892' title='bbox 1765 1880 1885 1924; x_wconf 88' lang='lat' dir='ltr'>ingenti</span> <span class='ocrx_word' id='word_1_893' title='bbox 1902 1893 1954 1924; x_wconf 82' lang='lat' dir='ltr'>ap·</span> 
     </span>
     <span class='ocr_line' id='line_1_120' title="bbox 1094 1919 1954 1965; baseline 0.009 -17"><span class='ocrx_word' id='word_1_894' title='bbox 1094 1926 1211 1959; x_wconf 84' lang='lat' dir='ltr'>paratu.</span> <span class='ocrx_word' id='word_1_895' title='bbox 1258 1919 1374 1951; x_wconf 85' lang='lat' dir='ltr'>Verum</span> <span class='ocrx_word' id='word_1_896' title='bbox 1404 1921 1425 1953; x_wconf 92' lang='lat' dir='ltr'>fi</span> <span class='ocrx_word' id='word_1_897' title='bbox 1451 1921 1560 1953; x_wconf 83' lang='lat' dir='ltr'>avulso</span> <span class='ocrx_word' id='word_1_898' title='bbox 1586 1924 1709 1955; x_wconf 84' lang='lat' dir='ltr'>cortice</span> <span class='ocrx_word' id='word_1_899' title='bbox 1732 1933 1797 1956; x_wconf 86' lang='lat' dir='ltr'>rem</span> <span class='ocrx_word' id='word_1_900' title='bbox 1823 1924 1954 1965; x_wconf 82' lang='lat' dir='ltr'>propius</span> 
     </span>
     <span class='ocr_line' id='line_1_121' title="bbox 1094 1960 1952 1999; baseline 0.009 -10"><span class='ocrx_word' id='word_1_901' title='bbox 1094 1960 1271 1991; x_wconf 88' lang='lat' dir='ltr'>intucamur</span> <span class='ocrx_word' id='word_1_902' title='bbox 1291 1983 1302 1999; x_wconf 92' lang='lat'>,</span> <span class='ocrx_word' id='word_1_903' title='bbox 1332 1961 1411 1994; x_wconf 78' lang='lat' dir='ltr'>hanc</span> <span class='ocrx_word' id='word_1_904' title='bbox 1436 1962 1566 1995; x_wconf 88' lang='lat' dir='ltr'>Donelli</span> <span class='ocrx_word' id='word_1_905' title='bbox 1584 1965 1856 1997; x_wconf 86' lang='lat' dir='ltr'>ratiocinationem</span> <span class='ocrx_word' id='word_1_906' title='bbox 1876 1974 1952 1998; x_wconf 90' lang='lat' dir='ltr'>con-</span> 
     </span>
     <span class='ocr_line' id='line_1_122' title="bbox 1093 1999 1954 2047; baseline 0.008 -16"><span class='ocrx_word' id='word_1_907' title='bbox 1093 1999 1185 2031; x_wconf 85' lang='lat' dir='ltr'>stabit</span> <span class='ocrx_word' id='word_1_908' title='bbox 1213 2001 1359 2033; x_wconf 78' lang='lat' dir='ltr'>laborare.</span> <span class='ocrx_word' id='word_1_909' title='bbox 1413 2004 1536 2036; x_wconf 89' lang='lat' dir='ltr'>Sortem</span> <span class='ocrx_word' id='word_1_910' title='bbox 1559 2027 1568 2043; x_wconf 91' lang='lat'>‚</span> <span class='ocrx_word' id='word_1_911' title='bbox 1594 2005 1623 2036; x_wconf 67' lang='grc' dir='ltr'>ἃ</span> <span class='ocrx_word' id='word_1_912' title='bbox 1638 2015 1746 2037; x_wconf 87' lang='lat' dir='ltr'>omnes</span> <span class='ocrx_word' id='word_1_913' title='bbox 1761 2005 1954 2047; x_wconf 74' lang='lat' dir='ltr'>singulasque</span> 
     </span>
     <span class='ocr_line' id='line_1_123' title="bbox 1094 2040 1954 2085; baseline 0.009 -13"><span class='ocrx_word' id='word_1_914' title='bbox 1094 2040 1186 2072; x_wconf 83' lang='lat' dir='ltr'>soi-tis</span> <span class='ocrx_word' id='word_1_915' title='bbox 1206 2050 1308 2082; x_wconf 84' lang='lat' dir='ltr'>partes</span> <span class='ocrx_word' id='word_1_916' title='bbox 1326 2053 1366 2074; x_wconf 82' lang='lat' dir='ltr'>ex</span> <span class='ocrx_word' id='word_1_917' title='bbox 1382 2044 1583 2085; x_wconf 85' lang='lat' dir='ltr'>stipulatione</span> <span class='ocrx_word' id='word_1_918' title='bbox 1593 2044 1745 2079; x_wconf 89' lang='lat' dir='ltr'>solemnes</span> <span class='ocrx_word' id='word_1_919' title='bbox 1764 2046 1825 2078; x_wconf 78' lang='lat' dir='ltr'>esse</span> <span class='ocrx_word' id='word_1_920' title='bbox 1844 2056 1954 2080; x_wconf 88' lang='lat' dir='ltr'>verum</span> 
     </span>
     <span class='ocr_line' id='line_1_124' title="bbox 1093 2081 1960 2128; baseline 0.01 -16"><span class='ocrx_word' id='word_1_921' title='bbox 1093 2081 1154 2113; x_wconf 88' lang='lat' dir='ltr'>est:</span> <span class='ocrx_word' id='word_1_922' title='bbox 1182 2082 1231 2114; x_wconf 83' lang='lat' dir='ltr'>sed</span> <span class='ocrx_word' id='word_1_923' title='bbox 1249 2083 1269 2114; x_wconf 87' lang='grc'>11</span> <span class='ocrx_word' id='word_1_924' title='bbox 1288 2093 1370 2115; x_wconf 75' lang='lat' dir='ltr'>nova</span> <span class='ocrx_word' id='word_1_925' title='bbox 1387 2086 1514 2118; x_wconf 85' lang='lat' dir='ltr'>accedat</span> <span class='ocrx_word' id='word_1_926' title='bbox 1527 2086 1648 2127; x_wconf 67' lang='lat' dir='ltr'>pastio,</span> <span class='ocrx_word' id='word_1_927' title='bbox 1671 2088 1726 2128; x_wconf 68' lang='lat' dir='ltr'>qui</span> <span class='ocrx_word' id='word_1_928' title='bbox 1739 2088 1792 2120; x_wconf 92' lang='lat' dir='ltr'>illa</span> <span class='ocrx_word' id='word_1_929' title='bbox 1807 2087 1960 2122; x_wconf 83' lang='lat' dir='ltr'>solemnis-</span> 
     </span>
     <span class='ocr_line' id='line_1_125' title="bbox 1094 2123 1952 2171; baseline 0.01 -18"><span class='ocrx_word' id='word_1_930' title='bbox 1094 2123 1206 2155; x_wconf 85' lang='lat' dir='ltr'>evadet</span> <span class='ocrx_word' id='word_1_931' title='bbox 1217 2125 1234 2155; x_wconf 71' lang='lat'>‘2</span> <span class='ocrx_word' id='word_1_932' title='bbox 1266 2134 1306 2155; x_wconf 86' lang='lat' dir='ltr'>cx</span> <span class='ocrx_word' id='word_1_933' title='bbox 1332 2125 1558 2167; x_wconf 76' lang='lat' dir='ltr'>stipulatione?</span> <span class='ocrx_word' id='word_1_934' title='bbox 1582 2137 1782 2170; x_wconf 87' lang='lat' dir='ltr'>nequaquam.</span> <span class='ocrx_word' id='word_1_935' title='bbox 1829 2129 1952 2171; x_wconf 82' lang='lat' dir='ltr'>Separa-</span> 
     </span>
     <span class='ocr_line' id='line_1_126' title="bbox 1094 2164 1952 2211; baseline 0.008 -16"><span class='ocrx_word' id='word_1_936' title='bbox 1094 2172 1135 2196; x_wconf 79' lang='lat' dir='ltr'>tae</span> <span class='ocrx_word' id='word_1_937' title='bbox 1151 2164 1221 2196; x_wconf 87' lang='lat' dir='ltr'>sunt</span> <span class='ocrx_word' id='word_1_938' title='bbox 1240 2169 1488 2207; x_wconf 57' lang='lat' dir='ltr'>contendente,</span> <span class='ocrx_word' id='word_1_939' title='bbox 1520 2168 1657 2209; x_wconf 84' lang='lat' dir='ltr'>separata</span> <span class='ocrx_word' id='word_1_940' title='bbox 1679 2179 1784 2202; x_wconf 83' lang='lat' dir='ltr'>earum</span> <span class='ocrx_word' id='word_1_941' title='bbox 1804 2171 1952 2211; x_wconf 87' lang='lat' dir='ltr'>nomina,</span> 
     </span>
     <span class='ocr_line' id='line_1_127' title="bbox 1093 2207 1952 2247; baseline 0.009 -10"><span class='ocrx_word' id='word_1_942' title='bbox 1093 2207 1190 2238; x_wconf 80' lang='lat' dir='ltr'>altera</span> <span class='ocrx_word' id='word_1_943' title='bbox 1212 2208 1291 2238; x_wconf 82' lang='lat' dir='ltr'>nuda</span> <span class='ocrx_word' id='word_1_944' title='bbox 1310 2232 1318 2247; x_wconf 93' lang='lat'>‚</span> <span class='ocrx_word' id='word_1_945' title='bbox 1358 2209 1456 2240; x_wconf 85' lang='lat' dir='ltr'>altera</span> <span class='ocrx_word' id='word_1_946' title='bbox 1483 2208 1639 2242; x_wconf 88' lang='lat' dir='ltr'>solemnis.</span> <span class='ocrx_word' id='word_1_947' title='bbox 1695 2211 1790 2244; x_wconf 83' lang='lat' dir='ltr'>Nuda</span> <span class='ocrx_word' id='word_1_948' title='bbox 1816 2213 1847 2244; x_wconf 89' lang='lat' dir='ltr'>in</span> <span class='ocrx_word' id='word_1_949' title='bbox 1874 2210 1952 2244; x_wconf 89' lang='lat' dir='ltr'>sole·</span> 
     </span>
     <span class='ocr_line' id='line_1_128' title="bbox 1093 2250 1951 2294; baseline 0.008 -16"><span class='ocrx_word' id='word_1_950' title='bbox 1093 2257 1194 2279; x_wconf 88' lang='lat' dir='ltr'>mnem</span> <span class='ocrx_word' id='word_1_951' title='bbox 1213 2258 1274 2280; x_wconf 85' lang='lat' dir='ltr'>non</span> <span class='ocrx_word' id='word_1_952' title='bbox 1295 2250 1399 2281; x_wconf 68' lang='lat' dir='ltr'>transit</span> <span class='ocrx_word' id='word_1_953' title='bbox 1411 2274 1420 2289; x_wconf 87' lang='lat'>‚</span> <span class='ocrx_word' id='word_1_954' title='bbox 1434 2250 1510 2282; x_wconf 84' lang='lat' dir='ltr'>licet</span> <span class='ocrx_word' id='word_1_955' title='bbox 1527 2260 1646 2292; x_wconf 88' lang='lat' dir='ltr'>partem</span> <span class='ocrx_word' id='word_1_956' title='bbox 1664 2253 1749 2293; x_wconf 84' lang='lat' dir='ltr'>ejus,</span> <span class='ocrx_word' id='word_1_957' title='bbox 1773 2252 1858 2294; x_wconf 87' lang='lat' dir='ltr'>quod</span> <span class='ocrx_word' id='word_1_958' title='bbox 1876 2252 1951 2285; x_wconf 80' lang='lat' dir='ltr'>sole-</span> 
     </span>
     <span class='ocr_line' id='line_1_129' title="bbox 1093 2289 1953 2331; baseline 0.007 -11"><span class='ocrx_word' id='word_1_959' title='bbox 1093 2289 1206 2320; x_wconf 84' lang='lat' dir='ltr'>mniter</span> <span class='ocrx_word' id='word_1_960' title='bbox 1232 2299 1443 2331; x_wconf 71' lang='lat' dir='ltr'>nuncupatum</span> <span class='ocrx_word' id='word_1_961' title='bbox 1469 2290 1513 2323; x_wconf 89' lang='lat' dir='ltr'>est</span> <span class='ocrx_word' id='word_1_962' title='bbox 1522 2314 1533 2330; x_wconf 88' lang='lat'>‚</span> <span class='ocrx_word' id='word_1_963' title='bbox 1562 2292 1592 2324; x_wconf 91' lang='lat' dir='ltr'>in</span> <span class='ocrx_word' id='word_1_964' title='bbox 1619 2292 1649 2325; x_wconf 86' lang='lat' dir='ltr'>se</span> <span class='ocrx_word' id='word_1_965' title='bbox 1663 2295 1842 2326; x_wconf 83' lang='lat' dir='ltr'>concludat.</span> <span class='ocrx_word' id='word_1_966' title='bbox 1888 2293 1953 2326; x_wconf 87' lang='lat' dir='ltr'>De-</span> 
     </span>
     <span class='ocr_line' id='line_1_130' title="bbox 1092 2330 1952 2374; baseline 0.007 -13"><span class='ocrx_word' id='word_1_967' title='bbox 1092 2330 1188 2371; x_wconf 88' lang='lat' dir='ltr'>nique</span> <span class='ocrx_word' id='word_1_968' title='bbox 1212 2331 1378 2364; x_wconf 77' lang='lat' dir='ltr'>consensus</span> <span class='ocrx_word' id='word_1_969' title='bbox 1405 2333 1492 2364; x_wconf 84' lang='lat' dir='ltr'>tollit</span> <span class='ocrx_word' id='word_1_970' title='bbox 1520 2332 1722 2374; x_wconf 83' lang='lat' dir='ltr'>consensum,</span> <span class='ocrx_word' id='word_1_971' title='bbox 1748 2343 1783 2367; x_wconf 91' lang='lat' dir='ltr'>ut</span> <span class='ocrx_word' id='word_1_972' title='bbox 1799 2335 1854 2367; x_wconf 81' lang='lat' dir='ltr'>ille</span> <span class='ocrx_word' id='word_1_973' title='bbox 1869 2335 1952 2367; x_wconf 68' lang='lat' dir='ltr'>dice:-</span> 
     </span>
     <span class='ocr_line' id='line_1_131' title="bbox 1092 2371 1954 2418; baseline 0.006 -15"><span class='ocrx_word' id='word_1_974' title='bbox 1092 2371 1165 2410; x_wconf 81' lang='lat' dir='ltr'>bat,</span> <span class='ocrx_word' id='word_1_975' title='bbox 1189 2371 1239 2404; x_wconf 89' lang='lat' dir='ltr'>sed</span> <span class='ocrx_word' id='word_1_976' title='bbox 1256 2375 1357 2405; x_wconf 82' lang='lat' dir='ltr'>nudus</span> <span class='ocrx_word' id='word_1_977' title='bbox 1373 2374 1499 2405; x_wconf 87' lang='lat' dir='ltr'>nudum.</span> <span class='ocrx_word' id='word_1_978' title='bbox 1545 2374 1720 2408; x_wconf 80' lang='lat' dir='ltr'>Consensus</span> <span class='ocrx_word' id='word_1_979' title='bbox 1738 2376 1824 2418; x_wconf 89' lang='lat' dir='ltr'>prior</span> <span class='ocrx_word' id='word_1_980' title='bbox 1842 2377 1954 2409; x_wconf 86' lang='lat' dir='ltr'>verbo-</span> 
     </span>
     <span class='ocr_line' id='line_1_132' title="bbox 1093 2412 1954 2457; baseline 0.007 -13"><span class='ocrx_word' id='word_1_981' title='bbox 1093 2423 1160 2444; x_wconf 86' lang='lat' dir='ltr'>rum</span> <span class='ocrx_word' id='word_1_982' title='bbox 1178 2412 1326 2447; x_wconf 71' lang='lat' dir='ltr'>formulte</span> <span class='ocrx_word' id='word_1_983' title='bbox 1352 2416 1429 2446; x_wconf 87' lang='lat' dir='ltr'>adeo</span> <span class='ocrx_word' id='word_1_984' title='bbox 1447 2414 1492 2447; x_wconf 90' lang='lat' dir='ltr'>est</span> <span class='ocrx_word' id='word_1_985' title='bbox 1513 2415 1708 2457; x_wconf 87' lang='lat' dir='ltr'>implicitus,</span> <span class='ocrx_word' id='word_1_986' title='bbox 1734 2424 1768 2448; x_wconf 91' lang='lat' dir='ltr'>ut</span> <span class='ocrx_word' id='word_1_987' title='bbox 1788 2416 1872 2448; x_wconf 89' lang='lat' dir='ltr'>hunc</span> <span class='ocrx_word' id='word_1_988' title='bbox 1891 2417 1954 2450; x_wconf 81' lang='lat' dir='ltr'>fine</span> 
     </span>
     <span class='ocr_line' id='line_1_133' title="bbox 1092 2454 1954 2497; baseline 0.006 -12"><span class='ocrx_word' id='word_1_989' title='bbox 1092 2455 1146 2486; x_wconf 81' lang='lat' dir='ltr'>illa</span> <span class='ocrx_word' id='word_1_990' title='bbox 1163 2454 1311 2496; x_wconf 83' lang='lat' dir='ltr'>abrogare</span> <span class='ocrx_word' id='word_1_991' title='bbox 1331 2464 1464 2496; x_wconf 77' lang='lat' dir='ltr'>nequeat</span> <span class='ocrx_word' id='word_1_992' title='bbox 1488 2456 1657 2497; x_wconf 88' lang='lat' dir='ltr'>posterior:</span> <span class='ocrx_word' id='word_1_993' title='bbox 1690 2457 1759 2490; x_wconf 85' lang='lat' dir='ltr'>sunt</span> <span class='ocrx_word' id='word_1_994' title='bbox 1778 2458 1861 2490; x_wconf 91' lang='lat' dir='ltr'>enim</span> <span class='ocrx_word' id='word_1_995' title='bbox 1877 2467 1954 2491; x_wconf 89' lang='lat' dir='ltr'>con·</span> 
     </span>
     <span class='ocr_line' id='line_1_134' title="bbox 1093 2496 1953 2535; baseline 0.006 -9"><span class='ocrx_word' id='word_1_996' title='bbox 1093 2496 1208 2527; x_wconf 71' lang='lat' dir='ltr'>tractus</span> <span class='ocrx_word' id='word_1_997' title='bbox 1225 2497 1398 2535; x_wconf 80' lang='lat' dir='ltr'>individui,</span> <span class='ocrx_word' id='word_1_998' title='bbox 1419 2499 1448 2528; x_wconf 65' lang='lat' dir='ltr'>dt</span> <span class='ocrx_word' id='word_1_999' title='bbox 1463 2499 1512 2529; x_wconf 87' lang='lat' dir='ltr'>vis</span> <span class='ocrx_word' id='word_1_1000' title='bbox 1533 2498 1620 2529; x_wconf 85' lang='lat' dir='ltr'>unita</span> <span class='ocrx_word' id='word_1_1001' title='bbox 1637 2497 1766 2531; x_wconf 83' lang='lat' dir='ltr'>foi-tior.</span> <span class='ocrx_word' id='word_1_1002' title='bbox 1810 2498 1884 2531; x_wconf 83' lang='lat' dir='ltr'>Pars</span> <span class='ocrx_word' id='word_1_1003' title='bbox 1899 2508 1953 2532; x_wconf 80' lang='lat' dir='ltr'>eo·</span> 
     </span>
     <span class='ocr_line' id='line_1_135' title="bbox 1092 2537 1952 2583; baseline 0.007 -16"><span class='ocrx_word' id='word_1_1004' title='bbox 1092 2547 1159 2568; x_wconf 81' lang='lat' dir='ltr'>ruia</span> <span class='ocrx_word' id='word_1_1005' title='bbox 1178 2537 1196 2583; x_wconf 77' lang='lat' dir='ltr'>ii</span> <span class='ocrx_word' id='word_1_1006' title='bbox 1214 2540 1392 2577; x_wconf 67' lang='lat' dir='ltr'>auferatur,</span> <span class='ocrx_word' id='word_1_1007' title='bbox 1417 2548 1486 2578; x_wconf 76' lang='lat' dir='ltr'>pars</span> <span class='ocrx_word' id='word_1_1008' title='bbox 1503 2538 1523 2570; x_wconf 86' lang='lat' dir='ltr'>si</span> <span class='ocrx_word' id='word_1_1009' title='bbox 1538 2547 1681 2579; x_wconf 87' lang='lat' dir='ltr'>maneat,</span> <span class='ocrx_word' id='word_1_1010' title='bbox 1702 2542 1904 2582; x_wconf 60' lang='grc' dir='ltr'>μεταμόςφυης</span> <span class='ocrx_word' id='word_1_1011' title='bbox 1921 2550 1952 2573; x_wconf 86' lang='lat' dir='ltr'>e-</span> 
     </span>
     <span class='ocr_line' id='line_1_136' title="bbox 1092 2587 1239 2610; baseline 0 0"><span class='ocrx_word' id='word_1_1012' title='bbox 1092 2588 1133 2610; x_wconf 84' lang='grc'><strong>1“1[</strong></span> <span class='ocrx_word' id='word_1_1013' title='bbox 1153 2587 1239 2610; x_wconf 71' lang='lat' dir='ltr'>mira.</span> 
     </span>
    </p>

    <p class='ocr_par' dir='ltr' id='par_1_11' title="bbox 1088 2618 1954 3203">
     <span class='ocr_line' id='line_1_137' title="bbox 1134 2618 1954 2662; baseline 0.007 -12"><span class='ocrx_word' id='word_1_1014' title='bbox 1134 2618 1227 2651; x_wconf 77' lang='lat' dir='ltr'>Nihil</span> <span class='ocrx_word' id='word_1_1015' title='bbox 1258 2621 1407 2652; x_wconf 85' lang='lat' dir='ltr'>momenti</span> <span class='ocrx_word' id='word_1_1016' title='bbox 1444 2630 1570 2662; x_wconf 88' lang='lat' dir='ltr'>quoque</span> <span class='ocrx_word' id='word_1_1017' title='bbox 1599 2621 1707 2662; x_wconf 87' lang='lat' dir='ltr'>adjicit</span> <span class='ocrx_word' id='word_1_1018' title='bbox 1739 2623 1954 2656; x_wconf 80' lang='lat' dir='ltr'>detrahentium</span> 
     </span>
     <span class='ocr_line' id='line_1_138' title="bbox 1093 2661 1951 2707; baseline 0.008 -16"><span class='ocrx_word' id='word_1_1019' title='bbox 1093 2662 1232 2702; x_wconf 83' lang='lat' dir='ltr'>patronis</span> <span class='ocrx_word' id='word_1_1020' title='bbox 1266 2662 1285 2691; x_wconf 73' lang='lat' dir='ltr'>l.</span> <span class='ocrx_word' id='word_1_1021' title='bbox 1314 2670 1338 2692; x_wconf 87' lang='lat'>1.</span> <span class='ocrx_word' id='word_1_1022' title='bbox 1373 2661 1400 2702; x_wconf 51' lang='grc' dir='ltr'>ς’.</span> <span class='ocrx_word' id='word_1_1023' title='bbox 1422 2672 1451 2703; x_wconf 79' lang='lat'>3.</span> <span class='ocrx_word' id='word_1_1024' title='bbox 1482 2662 1583 2701; x_wconf 64' lang='lat' dir='ltr'>versic,</span> <span class='ocrx_word' id='word_1_1025' title='bbox 1613 2673 1678 2694; x_wconf 85' lang='lat' dir='ltr'>cum</span> <span class='ocrx_word' id='word_1_1026' title='bbox 1705 2665 1812 2706; x_wconf 77' lang='lat' dir='ltr'>adjicit</span> <span class='ocrx_word' id='word_1_1027' title='bbox 1846 2665 1888 2707; x_wconf 88' lang='lat' dir='ltr'>ff.</span> <span class='ocrx_word' id='word_1_1028' title='bbox 1917 2667 1951 2698; x_wconf 82' lang='lat' dir='ltr'>de</span> 
     </span>
     <span class='ocr_line' id='line_1_139' title="bbox 1094 2702 1954 2748; baseline 0.006 -14"><span class='ocrx_word' id='word_1_1029' title='bbox 1094 2702 1135 2734; x_wconf 80' lang='lat' dir='ltr'>V.</span> <span class='ocrx_word' id='word_1_1030' title='bbox 1162 2703 1201 2734; x_wconf 80' lang='lat' dir='ltr'>O.</span> <span class='ocrx_word' id='word_1_1031' title='bbox 1227 2711 1317 2742; x_wconf 77' lang='lat' dir='ltr'>quam</span> <span class='ocrx_word' id='word_1_1032' title='bbox 1336 2702 1492 2735; x_wconf 79' lang='lat' dir='ltr'>Doneilus</span> <span class='ocrx_word' id='word_1_1033' title='bbox 1512 2706 1541 2735; x_wconf 74' lang='grc' dir='ltr'>[ἰ.</span> <span class='ocrx_word' id='word_1_1034' title='bbox 1565 2714 1596 2736; x_wconf 79' lang='grc' dir='ltr'>η.</span> <span class='ocrx_word' id='word_1_1035' title='bbox 1626 2706 1673 2736; x_wconf 83' lang='lat'>1&#39;6.</span> <span class='ocrx_word' id='word_1_1036' title='bbox 1696 2705 1725 2737; x_wconf 74' lang='grc' dir='ltr'>ἃ.</span> <span class='ocrx_word' id='word_1_1037' title='bbox 1747 2715 1817 2738; x_wconf 91' lang='lat' dir='ltr'>curn</span> <span class='ocrx_word' id='word_1_1038' title='bbox 1833 2716 1872 2738; x_wconf 93' lang='lat' dir='ltr'>eo</span> <span class='ocrx_word' id='word_1_1039' title='bbox 1888 2707 1954 2748; x_wconf 87' lang='lat' dir='ltr'>plu-</span> 
     </span>
     <span class='ocr_line' id='line_1_140' title="bbox 1094 2745 1954 2785; baseline 0.006 -10"><span class='ocrx_word' id='word_1_1040' title='bbox 1094 2753 1141 2775; x_wconf 85' lang='lat' dir='ltr'>res</span> <span class='ocrx_word' id='word_1_1041' title='bbox 1159 2751 1320 2783; x_wconf 80' lang='lat' dir='ltr'>tantopere</span> <span class='ocrx_word' id='word_1_1042' title='bbox 1342 2753 1470 2785; x_wconf 68' lang='lat' dir='ltr'>urgeiit3</span> <span class='ocrx_word' id='word_1_1043' title='bbox 1495 2746 1588 2777; x_wconf 89' lang='lat' dir='ltr'>nami</span> <span class='ocrx_word' id='word_1_1044' title='bbox 1615 2745 1644 2777; x_wconf 88' lang='lat' dir='ltr'>se</span> <span class='ocrx_word' id='word_1_1045' title='bbox 1666 2745 1825 2780; x_wconf 90' lang='lat' dir='ltr'>Donellus</span> <span class='ocrx_word' id='word_1_1046' title='bbox 1840 2748 1954 2780; x_wconf 82' lang='lat' dir='ltr'>verita·</span> 
     </span>
     <span class='ocr_line' id='line_1_141' title="bbox 1095 2784 1952 2830; baseline 0.007 -15"><span class='ocrx_word' id='word_1_1047' title='bbox 1095 2793 1157 2816; x_wconf 87' lang='lat' dir='ltr'>tem</span> <span class='ocrx_word' id='word_1_1048' title='bbox 1184 2784 1387 2825; x_wconf 57' lang='lat' dir='ltr'>praesagiens,</span> <span class='ocrx_word' id='word_1_1049' title='bbox 1419 2784 1556 2826; x_wconf 82' lang='lat' dir='ltr'>fatetur,</span> <span class='ocrx_word' id='word_1_1050' title='bbox 1580 2787 1587 2818; x_wconf 94' lang='lat' dir='ltr'>i</span> <span class='ocrx_word' id='word_1_1051' title='bbox 1616 2787 1696 2819; x_wconf 86' lang='lat' dir='ltr'>idem</span> <span class='ocrx_word' id='word_1_1052' title='bbox 1712 2788 1759 2828; x_wconf 84' lang='lat' dir='ltr'>agi</span> <span class='ocrx_word' id='word_1_1053' title='bbox 1777 2789 1815 2820; x_wconf 90' lang='lat' dir='ltr'>de</span> <span class='ocrx_word' id='word_1_1054' title='bbox 1830 2788 1952 2830; x_wconf 83' lang='lat' dir='ltr'>stipula-</span> 
     </span>
     <span class='ocr_line' id='line_1_142' title="bbox 1095 2825 1953 2869; baseline 0.008 -13"><span class='ocrx_word' id='word_1_1055' title='bbox 1095 2827 1182 2857; x_wconf 83' lang='lat' dir='ltr'>tione</span> <span class='ocrx_word' id='word_1_1056' title='bbox 1204 2825 1349 2856; x_wconf 77' lang='lat' dir='ltr'>omiiibus</span> <span class='ocrx_word' id='word_1_1057' title='bbox 1376 2828 1512 2859; x_wconf 80' lang='lat' dir='ltr'>numeris</span> <span class='ocrx_word' id='word_1_1058' title='bbox 1544 2828 1683 2860; x_wconf 86' lang='lat' dir='ltr'>nondum</span> <span class='ocrx_word' id='word_1_1059' title='bbox 1709 2828 1868 2869; x_wconf 86' lang='lat' dir='ltr'>absoluta,</span> <span class='ocrx_word' id='word_1_1060' title='bbox 1890 2838 1953 2863; x_wconf 90' lang='lat' dir='ltr'>non</span> 
     </span>
     <span class='ocr_line' id='line_1_143' title="bbox 1092 2867 1952 2912; baseline 0.007 -15"><span class='ocrx_word' id='word_1_1061' title='bbox 1092 2867 1130 2897; x_wconf 88' lang='lat' dir='ltr'>de</span> <span class='ocrx_word' id='word_1_1062' title='bbox 1148 2867 1243 2907; x_wconf 75' lang='lat' dir='ltr'>pactis</span> <span class='ocrx_word' id='word_1_1063' title='bbox 1258 2867 1357 2897; x_wconf 82' lang='lat' dir='ltr'>eidem</span> <span class='ocrx_word' id='word_1_1064' title='bbox 1387 2868 1521 2907; x_wconf 70' lang='lat' dir='ltr'>adjectis.</span> <span class='ocrx_word' id='word_1_1065' title='bbox 1567 2870 1626 2902; x_wconf 88' lang='lat' dir='ltr'>Sed</span> <span class='ocrx_word' id='word_1_1066' title='bbox 1652 2871 1722 2909; x_wconf 70' lang='lat' dir='ltr'>hoc,</span> <span class='ocrx_word' id='word_1_1067' title='bbox 1745 2871 1869 2912; x_wconf 89' lang='lat' dir='ltr'>inquit,</span> <span class='ocrx_word' id='word_1_1068' title='bbox 1890 2870 1952 2903; x_wconf 80' lang='lat' dir='ltr'>nul-</span> 
     </span>
     <span class='ocr_line' id='line_1_144' title="bbox 1093 2909 1952 2953; baseline 0.006 -14"><span class='ocrx_word' id='word_1_1069' title='bbox 1093 2909 1153 2939; x_wconf 82' lang='lat' dir='ltr'>lum</span> <span class='ocrx_word' id='word_1_1070' title='bbox 1172 2914 1223 2938; x_wconf 68' lang='grc' dir='ltr'><em>ιιιιε</em></span> <span class='ocrx_word' id='word_1_1071' title='bbox 1252 2915 1326 2938; x_wconf 63' lang='lat' dir='ltr'>cerie</span> <span class='ocrx_word' id='word_1_1072' title='bbox 1351 2912 1587 2942; x_wconf 67' lang='lat' dir='ltr'>couieimzendum</span> <span class='ocrx_word' id='word_1_1073' title='bbox 1619 2911 1772 2952; x_wconf 72' lang='lat' dir='ltr'>discrimen</span> <span class='ocrx_word' id='word_1_1074' title='bbox 1791 2910 1842 2953; x_wconf 84' lang='lat' dir='ltr'>est.</span> <span class='ocrx_word' id='word_1_1075' title='bbox 1886 2912 1952 2944; x_wconf 83' lang='lat' dir='ltr'>Iino</span> 
     </span>
     <span class='ocr_line' id='line_1_145' title="bbox 1094 2951 1950 2994; baseline 0.008 -16"><span class='ocrx_word' id='word_1_1076' title='bbox 1094 2959 1171 2979; x_wconf 83' lang='lat' dir='ltr'>vero</span> <span class='ocrx_word' id='word_1_1077' title='bbox 1196 2958 1339 2988; x_wconf 65' lang='lat' dir='ltr'>magnum</span> <span class='ocrx_word' id='word_1_1078' title='bbox 1361 2973 1369 2988; x_wconf 88' lang='lat'><em>‚</em></span> <span class='ocrx_word' id='word_1_1079' title='bbox 1413 2951 1442 2981; x_wconf 68' lang='grc' dir='ltr'>ὅ(</span> <span class='ocrx_word' id='word_1_1080' title='bbox 1479 2951 1631 2993; x_wconf 88' lang='lat' dir='ltr'>imprimis</span> <span class='ocrx_word' id='word_1_1081' title='bbox 1667 2953 1768 2984; x_wconf 87' lang='lat' dir='ltr'>notari</span> <span class='ocrx_word' id='word_1_1082' title='bbox 1797 2953 1950 2994; x_wconf 85' lang='lat' dir='ltr'>dignum:</span> 
     </span>
     <span class='ocr_line' id='line_1_146' title="bbox 1093 2989 1951 3030; baseline 0.008 -11"><span class='ocrx_word' id='word_1_1083' title='bbox 1093 2989 1343 3030; x_wconf 75' lang='lat' dir='ltr'>quandoquidem</span> <span class='ocrx_word' id='word_1_1084' title='bbox 1368 2993 1591 3025; x_wconf 76' lang='lat' dir='ltr'>controversia:</span> <span class='ocrx_word' id='word_1_1085' title='bbox 1615 2994 1759 3025; x_wconf 85' lang='lat' dir='ltr'>meritum</span> <span class='ocrx_word' id='word_1_1086' title='bbox 1775 2994 1806 3026; x_wconf 92' lang='lat' dir='ltr'>in</span> <span class='ocrx_word' id='word_1_1087' title='bbox 1828 3004 1867 3026; x_wconf 91' lang='lat' dir='ltr'>eo</span> <span class='ocrx_word' id='word_1_1088' title='bbox 1884 2992 1951 3026; x_wconf 86' lang='lat' dir='ltr'>solo</span> 
     </span>
     <span class='ocr_line' id='line_1_147' title="bbox 1092 3031 1952 3076; baseline 0.007 -16"><span class='ocrx_word' id='word_1_1089' title='bbox 1092 3031 1174 3061; x_wconf 80' lang='lat' dir='ltr'>vei-ti</span> <span class='ocrx_word' id='word_1_1090' title='bbox 1202 3031 1335 3071; x_wconf 76' lang='lat' dir='ltr'>probant</span> <span class='ocrx_word' id='word_1_1091' title='bbox 1359 3032 1499 3072; x_wconf 76' lang='lat' dir='ltr'>abunde,</span> <span class='ocrx_word' id='word_1_1092' title='bbox 1530 3044 1598 3076; x_wconf 86' lang='lat' dir='ltr'>quae</span> <span class='ocrx_word' id='word_1_1093' title='bbox 1625 3033 1771 3066; x_wconf 74' lang='lat' dir='ltr'>haetenus</span> <span class='ocrx_word' id='word_1_1094' title='bbox 1800 3034 1952 3076; x_wconf 85' lang='lat' dir='ltr'>disputata</span> 
     </span>
     <span class='ocr_line' id='line_1_148' title="bbox 1092 3071 1951 3116; baseline 0.006 -14"><span class='ocrx_word' id='word_1_1095' title='bbox 1092 3071 1172 3103; x_wconf 88' lang='lat' dir='ltr'>sunt.</span> <span class='ocrx_word' id='word_1_1096' title='bbox 1216 3071 1271 3103; x_wconf 87' lang='lat' dir='ltr'>Ait</span> <span class='ocrx_word' id='word_1_1097' title='bbox 1302 3078 1330 3105; x_wconf 71' lang='lat' dir='ltr'>il.</span> <span class='ocrx_word' id='word_1_1098' title='bbox 1362 3073 1462 3112; x_wconf 60' lang='lat' dir='ltr'>miste.</span> <span class='ocrx_word' id='word_1_1099' title='bbox 1496 3085 1560 3107; x_wconf 80' lang='lat' dir='ltr'>cum</span> <span class='ocrx_word' id='word_1_1100' title='bbox 1582 3074 1689 3116; x_wconf 78' lang='lat' dir='ltr'>adjicit</span> <span class='ocrx_word' id='word_1_1101' title='bbox 1707 3075 1749 3106; x_wconf 86' lang='lat' dir='ltr'>ali</span> <span class='ocrx_word' id='word_1_1102' title='bbox 1769 3077 1820 3107; x_wconf 83' lang='lat' dir='ltr'>uid</span> <span class='ocrx_word' id='word_1_1103' title='bbox 1839 3077 1887 3108; x_wconf 80' lang='lat' dir='ltr'>vel</span> <span class='ocrx_word' id='word_1_1104' title='bbox 1905 3078 1951 3108; x_wconf 79' lang='lat' dir='ltr'>de-</span> 
     </span>
     <span class='ocr_line' id='line_1_149' title="bbox 1089 3113 1952 3157; baseline 0.006 -14"><span class='ocrx_word' id='word_1_1105' title='bbox 1089 3114 1203 3151; x_wconf 75' lang='lat' dir='ltr'>trahit,</span> <span class='ocrx_word' id='word_1_1106' title='bbox 1236 3113 1318 3152; x_wconf 73' lang='lat' dir='ltr'>five,</span> <span class='ocrx_word' id='word_1_1107' title='bbox 1349 3123 1382 3146; x_wconf 89' lang='lat' dir='ltr'>ut</span> <span class='ocrx_word' id='word_1_1108' title='bbox 1408 3116 1503 3148; x_wconf 81' lang='lat' dir='ltr'>etiam</span> <span class='ocrx_word' id='word_1_1109' title='bbox 1529 3116 1625 3157; x_wconf 89' lang='lat' dir='ltr'>aliqui</span> <span class='ocrx_word' id='word_1_1110' title='bbox 1646 3124 1719 3148; x_wconf 87' lang='lat' dir='ltr'>ante</span> <span class='ocrx_word' id='word_1_1111' title='bbox 1773 3116 1952 3149; x_wconf 82' lang='lat' dir='ltr'>alcandrum</span> 
     </span>
     <span class='ocr_line' id='line_1_150' title="bbox 1088 3153 1951 3203; baseline 0.002 -17"><span class='ocrx_word' id='word_1_1112' title='bbox 1088 3153 1197 3192; x_wconf 85' lang='lat' dir='ltr'>Libri,</span> <span class='ocrx_word' id='word_1_1113' title='bbox 1220 3164 1283 3185; x_wconf 78' lang='lat' dir='ltr'>cum</span> <span class='ocrx_word' id='word_1_1114' title='bbox 1301 3156 1441 3201; x_wconf 67' lang='lat' dir='ltr'>adjicitur</span> <span class='ocrx_word' id='word_1_1115' title='bbox 1462 3157 1574 3203; x_wconf 75' lang='lat' dir='ltr'>aliquid</span> <span class='ocrx_word' id='word_1_1116' title='bbox 1590 3157 1637 3188; x_wconf 81' lang='lat' dir='ltr'>vel</span> <span class='ocrx_word' id='word_1_1117' title='bbox 1659 3157 1823 3189; x_wconf 76' lang='lat' dir='ltr'>detrahitur</span> <span class='ocrx_word' id='word_1_1118' title='bbox 1836 3168 1847 3188; x_wconf 87' lang='lat'>.·</span> <span class='ocrx_word' id='word_1_1119' title='bbox 1866 3157 1951 3188; x_wconf 88' lang='lat' dir='ltr'>ideo-</span> 
     </span>
    </p>
   </div>
   <div class='ocr_carea' id='block_1_10' title="bbox 186 3191 1950 3240">
    <p class='ocr_par' dir='ltr' id='par_1_12' title="bbox 186 3191 1950 3240">
     <span class='ocr_line' id='line_1_151' title="bbox 186 3191 1950 3240; baseline 0.003 -16"><span class='ocrx_word' id='word_1_1120' title='bbox 186 3191 229 3226; x_wconf 78' lang='lat' dir='ltr'>R.</span> <span class='ocrx_word' id='word_1_1121' title='bbox 255 3192 288 3225; x_wconf 89' lang='lat' dir='ltr'>C.</span> <span class='ocrx_word' id='word_1_1122' title='bbox 311 3192 369 3226; x_wconf 69' lang='lat' dir='ltr'>litt.</span> <span class='ocrx_word' id='word_1_1123' title='bbox 398 3194 430 3228; x_wconf 86' lang='lat' dir='ltr'>S.</span> <span class='ocrx_word' id='word_1_1124' title='bbox 454 3204 542 3237; x_wconf 86' lang='lat' dir='ltr'>quae,</span> <span class='ocrx_word' id='word_1_1125' title='bbox 567 3205 640 3237; x_wconf 79' lang='lat' dir='ltr'>cuin</span> <span class='ocrx_word' id='word_1_1126' title='bbox 659 3195 857 3235; x_wconf 73' lang='lat' dir='ltr'>undecimum</span> <span class='ocrx_word' id='word_1_1127' title='bbox 875 3203 1042 3234; x_wconf 75' lang='lat' dir='ltr'>nummum</span> <span class='ocrx_word' id='word_1_1128' title='bbox 1083 3204 1144 3237; x_wconf 80' lang='lat' dir='ltr'>que</span> <span class='ocrx_word' id='word_1_1129' title='bbox 1165 3195 1185 3228; x_wconf 83' lang='grc'>11</span> <span class='ocrx_word' id='word_1_1130' title='bbox 1202 3195 1350 3236; x_wconf 70' lang='lat' dir='ltr'>probatio</span> <span class='ocrx_word' id='word_1_1131' title='bbox 1366 3206 1408 3231; x_wconf 70' lang='lat' dir='ltr'>ex</span> <span class='ocrx_word' id='word_1_1132' title='bbox 1425 3207 1465 3229; x_wconf 79' lang='lat' dir='ltr'>eo</span> <span class='ocrx_word' id='word_1_1133' title='bbox 1480 3206 1581 3240; x_wconf 80' lang='lat' dir='ltr'>petita</span> <span class='ocrx_word' id='word_1_1134' title='bbox 1599 3198 1742 3239; x_wconf 84' lang='lat' dir='ltr'>valeret,</span> <span class='ocrx_word' id='word_1_1135' title='bbox 1764 3198 1816 3232; x_wconf 85' lang='lat' dir='ltr'>cui</span> <span class='ocrx_word' id='word_1_1136' title='bbox 1834 3197 1950 3230; x_wconf 75' lang='lat' dir='ltr'>bonum</span> 
     </span>
    </p>
   </div>
   <div class='ocr_carea' id='block_1_11' title="bbox 1881 3237 1951 3277">
    <p class='ocr_par' dir='ltr' id='par_1_13' title="bbox 1881 3237 1951 3277">
     <span class='ocr_line' id='line_1_152' title="bbox 1881 3237 1951 3277; baseline 0.014 -6"><span class='ocrx_word' id='word_1_1137' title='bbox 1881 3237 1951 3277; x_wconf 84' lang='lat' dir='ltr'>est,</span> 
     </span>
    </p>
   </div>
  </div>
 </body>
</html>
