2008 3436
248 100 529 150 QuAEsr

55 189 99 221 ibi
126 189 239 230 recipit
256 212 265 228 ,
299 188 516 231 Ulysliponem
545 186 710 220 destinatas
727 209 736 224 ,
761 186 790 217 δε
816 188 917 226 111110;

55 231 92 262 ad
109 231 182 262 alias
199 230 410 271 recipiendas,
430 231 629 270 navigaturus
645 228 680 259 ad
698 228 783 260 Far-0.
804 229 917 271 [113111-

53 281 171 313 ponem
196 271 347 313 appellit,
371 272 400 304 ὅ(
419 280 537 304 merces
559 279 707 313 exponit,
733 273 762 302 61
781 274 822 302 ob
843 281 916 303 vcn-

53 323 120 344 tum
136 313 297 346 adversum
317 313 360 345 ibi
386 312 575 355 aliquamdiu
597 321 744 345 moratur.
791 311 916 344 Deinde

52 357 181 396 navigat
202 355 238 386 ad
254 354 331 386 Faro
348 379 356 391 ,
382 355 434 387 sed
453 356 484 386 in
501 363 540 384 eo
555 354 667 385 itinere
686 355 809 395 capitur
829 364 846 385 a
861 364 915 386 na-

51 404 92 426 ve
112 396 265 428 Tureica.
299 396 532 429 Ass'ecuratores
554 395 657 435 ajunt,
683 397 744 427 1101
771 395 832 429 esl'e
850 405 915 427 mu-

53 446 175 477 tatum,
199 438 228 470 δε
247 438 394 479 quidem,
419 444 451 468 ut
476 444 542 468 erat
566 438 850 477 verisimillimum,
875 447 914 471 ex

50 477 120 519 ipso
147 481 362 512 exercitorum
392 479 558 516 mandato,
588 478 678 520 seque
704 481 782 512 adeo
801 481 838 512 ad
863 481 913 511 da-

51 529 160 554 mnum
176 521 403 554 resarciendum
428 530 490 552 non
519 521 638 558 teneri,
665 520 714 553 sed
736 532 837 555 tamen
862 521 913 553 da-

49 572 195 596 mnantur
210 561 413 594 Amsterdami
425 562 608 603 ajudicibus
626 572 726 595 rerum
744 564 912 596 maritima-

48 614 118 636 rum
145 615 195 637 22.
227 602 314 635 Nov.
354 607 442 645 1726.
474 606 502 635 ὅ(
528 614 544 635 a
569 604 711 636 Scabinis
743 610 789 640 18.
814 606 910 637 Mart.

51 654 141 686 1729.
166 647 195 677 ὅ(
220 654 237 676 a
263 644 359 677 Curia
384 656 412 684 7.
451 645 541 678 Febr.
577 655 666 688 1732.
699 648 743 679 ita
768 655 869 679 tamen
894 655 912 676 a

48 686 162 726 Curia,
189 694 222 718 ut
241 687 498 719 asl'ecuratoribus
513 686 593 720 salva
610 688 686 721 ell'et
707 689 788 721 atrio
802 688 909 720 adver-

45 727 96 760 sus
116 728 294 770 magistrum
308 754 315 766 ,
341 729 361 761 si
384 730 513 771 proprio
531 730 637 762 Marte
655 738 712 762 iter
733 730 887 764 mutasset.

89 776 195 816 Qun
216 784 240 802 υ..
257 772 406 812 pellatam
431 772 507 803 esl‘et
520 796 529 806 ,
551 772 634 814 inter
653 783 761 805 omnes
779 773 908 804 Senato-

44 823 93 846 res
118 823 200 845 nune
222 813 386 845 videbatur
410 812 571 852 constare,
598 815 700 847 nullos
725 822 852 854 portus,
878 814 909 846 in

38 855 252 888 jnstruinento
278 855 513 887 assecurationis
538 865 600 888 non
628 857 790 897 expressos
807 879 817 895 ,
841 856 908 887 abs-

44 907 106 939 que
123 897 304 929 necestitate
328 896 403 928 adiri
431 897 538 938 posse,
561 899 701 939 quamvis
727 898 785 930 sint
813 898 907 929 inter-

43 939 138 971 medii
158 940 239 971 inter
257 940 384 978 locum,
410 949 426 970 a
443 948 526 980 quo,
549 940 578 971 δε
605 940 709 971 10011111
723 963 732 978 ,
760 939 797 971 ad
815 948 907 980 quem

43 980 230 1013 destinatum
244 981 304 1012 iter
322 978 384 1018 est,
407 990 502 1022 quum
524 980 666 1022 Ulyffipo
682 981 846 1020 interjacet
862 980 905 1011 in-

44 1030 91 1054 ter
110 1022 181 1054 Pur-r
199 1033 217 1053 α
236 1022 309 1053 Part
325 1025 353 1053 ὁ(
371 1021 457 1054 Fczro.
503 1022 538 1053 Id
555 1023 638 1054 enim
660 1022 679 1054 si
700 1023 810 1054 liceret
830 1021 908 1052 citra

42 1064 228 1096 consensum
251 1063 514 1101 assecuratorum,
539 1064 598 1094 iter
621 1072 712 1103 quam
736 1062 907 1104 longissime

41 1106 140 1146 posset
161 1105 239 1137 trabi
258 1114 320 1136 non
339 1104 400 1136 fine
424 1105 533 1144 majori
558 1103 802 1137 allecuratorum
825 1104 906 1145 peri-

42 1147 118 1178 culo
134 1147 164 1178 in
185 1146 350 1180 subeundis
371 1147 533 1186 portubus.
579 1145 672 1178 Unde
699 1147 728 1178 ὅ(
750 1146 780 1177 111
807 1145 905 1177 solent

41 1186 179 1229 stipulari
201 1188 299 1228 majus
319 1188 502 1228 praemium,
527 1188 578 1219 ubi
601 1188 630 1218 in
652 1188 763 1219 eodem
781 1187 904 1225 itinere,

39 1231 73 1261 in
93 1231 125 1260 cie
146 1230 227 1261 κεί-111»
250 1236 328 1261 rorice
345 1255 349 1261 .
377 1229 455 1260 varii
473 1237 581 1270 portus
595 1227 775 1262 subeuntur.
824 1229 856 1261 Si
874 1229 904 1260 id

39 1271 218 1311 expressum
243 1281 307 1303 non
330 1270 366 1303 sit
385 1294 394 1308 ,
425 1271 454 1302 ὅ(
483 1279 586 1302 tamen
615 1271 685 1303 loca
722 1270 905 1303 intermedia

39 1315 209 1351 adeantur,
223 1321 378 1344 mutatum
389 1312 447 1343 iter
458 1312 588 1353 intelligi
603 1336 612 1349 ‚
630 1323 756 1351 omnes,
776 1312 904 1350 utdixi,

39 1357 208 1388 Senatores
226 1364 308 1386 nune
327 1352 573 1386 consentiebant.
600 1353 705 1392 Dico,
730 1364 807 1386 num·
825 1363 902 1387 con-

40 1395 236 1440 sentiebant,
255 1396 328 1436 quia
344 1405 406 1427 non
422 1395 561 1428 omnium
577 1396 760 1428 Senatorum
776 1405 810 1427 ea
829 1394 903 1429 sem-

37 1448 95 1482 per
112 1437 264 1470 sententia
273 1437 336 1469 fuit
347 1460 355 1474 ‚
377 1446 468 1475 quam
488 1437 520 1468 in
537 1447 601 1469 rem
617 1438 804 1471 consulenda
818 1436 902 1479 sunt,

38 1489 108 1523 qute
127 1477 215 1520 supra
233 1479 300 1510 dixi
330 1478 362 1510 C.
386 1477 441 1510 III.
467 1478 510 1519 ty}
532 1478 753 1520 Aaisterilaiiii,
777 1479 813 1514 {9⁹
836 1480 902 1511 duo-

37 1525 89 1556 hus
101 1519 183 1562 seqq.
211 1521 243 1552 C.
268 1519 323 1552 IV.
347 1519 390 1561 vs.
412 1519 472 1551 His
486 1519 634 1563 ficbjici'o,
661 1521 769 1563 &²qu-
801 1521 833 1552 C.
860 1520 902 1553 V.

36 1565 80 1607 ij
104 1560 224 1608 Quum,
249 1561 284 1598 ὅ)
295 1561 358 1604 seq.
386 1562 418 1593 C.
444 1557 580 1604 V11>2vsl
607 1563 703 1599 Titius
732 1561 902 1603 Aiiksterda-

36 1608 88 1639 mi.
116 1611 147 1641 C.
175 1604 262 1637 VlII.
287 1605 329 1639 vfi
364 1602 461 1634 Titius
485 1605 552 1645 qui,
578 1604 684 1646 &seq
709 1605 740 1637 C.
766 1604 824 1636 IX.
848 1611 903 1646 per

39 1654 143 1682 totum,
169 1646 204 1681 ὅθ
223 1646 254 1677 C.
280 1644 320 1677 X.
344 1644 386 1685 vj.
411 1644 635 1686 Astatia-atores.
661 1647 779 1679 Verum
796 1645 817 1678 si
834 1646 903 1688 quis

38 1690 108 1723 haec
133 1688 240 1722 omnia
262 1686 431 1729 perpendat
446 1710 455 1726 ,
488 1688 736 1727 animadvertet,
758 1688 810 1720 vel
831 1698 902 1719 cau-

36 1732 83 1765 sas
100 1733 131 1764 111
158 1729 244 1764 fatto
269 1728 423 1766 variasse,
446 1729 497 1761 vel
523 1730 597 1761 alias
621 1730 712 1762 fuisse
736 1730 903 1762 decidendi

36 1775 176 1807 rationes
197 1795 207 1810 ,
243 1781 314 1803 cum
338 1770 496 1809 maxime,
531 1771 615 1812 quod
643 1771 903 1804 assecuratoribus

36 1825 102 1849 non
123 1814 219 1856 prosit
239 1821 395 1845 mutatum
419 1813 499 1851 iter,
518 1812 541 1845 si
557 1813 702 1855 magister
720 1822 821 1846 mutet
843 1813 906 1845 fine

36 1858 194 1890 mandato.
241 1855 301 1886 Sed
326 1854 475 1894 quicquid
492 1854 558 1894 ejus
582 1856 626 1886 rei
647 1855 703 1891 sit,
728 1865 812 1887 nunc
826 1878 836 1894 ,
858 1854 904 1886 111-

39 1909 132 1941 (11111111
151 1921 160 1936 ,
191 1905 300 1928 oannes
320 1896 483 1927 Senatores
507 1895 723 1928 existimabant
740 1919 750 1934 ,
776 1897 847 1928 loca
867 1896 905 1927 ad

37 1941 171 1972 eundem
199 1937 323 1970 cursun
349 1937 427 1974 sita,
448 1936 470 1968 fi
492 1937 530 1968 de
549 1937 586 1968 iis
613 1937 698 1970 sileat
720 1937 903 1979 stipulatio,

37 1982 112 2014 adiri
140 1990 203 2012 non
228 1978 330 2021 posse,
355 1978 408 2010 nisi
436 1987 474 2010 ex
494 1978 671 2011 necessitate
687 1980 737 2011 vel
753 1978 904 2011 consensu

36 2023 289 2058 affecurarorum.
338 2019 388 2052 De
415 2018 598 2060 Ulyffipone
619 2021 704 2053 nulla
729 2021 850 2052 mentio
872 2021 902 2052 in

37 2064 259 2105 stipulatione,
284 2071 344 2093 nec
364 2061 427 2093 ulla
442 2070 509 2092 eam
528 2061 660 2093 adeundi
677 2062 836 2094 necessitas
852 2062 904 2094 vel

36 2104 204 2138 consensus
223 2103 476 2135 assecuratorurn.
522 2103 654 2135 Mutato
671 2104 713 2135 fic
731 2104 844 2135 itinere
856 2113 904 2136 res

38 2145 185 2186 expedita
207 2145 252 2177 est
274 2155 315 2176 ex
339 2144 366 2186 ᾗ.
386 2154 415 2185 7.
440 2144 482 2176 A.
510 2145 607 2175 teneri
626 2154 738 2186 nempe
755 2144 902 2176 assecura-

39 2197 123 2220 tores
138 2209 148 2225 ‚
172 2186 194 2219 fi
214 2186 356 2225 magister
377 2186 492 2228 absque
516 2186 663 2218 mandato
687 2187 901 2219 exercitorum

36 2230 98 2262 iter
115 2237 234 2267 mutet,
259 2227 340 2259 salva
357 2227 418 2259 illis
437 2227 559 2258 at'tione
574 2237 686 2260 contra
701 2227 900 2269 magistrum,

35 2279 72 2303 ut
93 2271 173 2302 hanc
191 2279 316 2311 quoque
336 2268 430 2300 Curia
448 2267 679 2307 reservaverat,
699 2270 749 2303 sed
772 2279 836 2302 non
855 2277 901 2301 te-

37 2312 124 2350 neri,
145 2311 165 2342 ss
182 2310 400 2343 mandantibus
419 2310 649 2343 exercitoribus
665 2312 726 2343 iter
746 2319 902 2343 mutatum

34 2354 84 2387 sit.
129 2352 331 2398 Quapropter
346 2351 385 2382 de
407 2351 474 2384 solo
493 2351 578 2383 fatto
596 2352 759 2392 quaefitum
781 2352 848 2389 est,
872 2353 903 2384 ὅ(

35 2396 74 2427 (10
90 2405 129 2427 00
145 2395 210 2429 (blo
225 2393 321 2434 quaeri
339 2392 489 2431 debebat,
512 2392 532 2424 si
552 2392 731 2432 subsistant,
755 2404 826 2435 quae
843 2394 903 2425 alia

39 2437 206 2469 occasione
233 2436 364 2467 Senatus
388 2434 541 2474 judicavit
565 2444 615 2476 30.
644 2435 727 2475 Sept.
757 2444 847 2475 1717.
871 2436 899 2466 d.

40 2479 74 2510 C.
90 2478 177 2511 VIII.
197 2476 240 2518 ‘vfi
257 2476 354 2508 Titius
370 2477 419 2516 171ιὶ
429 2497 440 2513 ,
463 2474 499 2509 &³
506 2474 568 2516 seq.
601 2476 660 2507 Sed
677 2476 814 2508 difficilis
829 2485 900 2518 pro-

35 2519 113 2551 batu
130 2530 196 2557 res,
220 2528 259 2550 an
283 2517 313 2548 &
333 2517 407 2557 quid
429 2516 623 2549 exercitores
646 2516 792 2558 magistro
809 2517 899 2548 navis

33 2560 272 2596 mandaverint,
296 2558 327 2589 id
353 2557 422 2589 sciri
450 2567 514 2590 non
536 2557 638 2598 potest
661 2559 716 2591 nisi
735 2568 775 2590 ex
796 2558 900 2590 forma

35 2603 177 2640 itineris,
199 2610 290 2642 quam
307 2599 458 2640 magistris
474 2599 533 2630 suis
551 2600 764 2640 enavigaturis
779 2600 897 2632 exerci-

35 2652 121 2675 tores
142 2643 216 2674 dare
232 2640 352 2679 solent,
376 2641 426 2673 vel
441 2651 479 2673 ex
498 2640 615 2680 literis,
639 2641 676 2672 ad
693 2651 748 2674 eos
772 2649 899 2683 peregre

35 2685 260 2726 scriptis,quae
276 2682 416 2714 mandata
431 2682 485 2714 illa
501 2682 785 2723 comprehendunt.
808 2681 900 2714 Nihil

34 2727 148 2758 horum
165 2723 403 2765 proferebatur,
417 2724 446 2755 ὅ(
464 2724 571 2765 utique
587 2723 733 2756 celabunt
742 2724 900 2755 exercito-

34 2767 135 2806 res,s1
150 2766 201 2798 sibi
222 2763 336 2796 obstet.
356 2763 404 2795 An
424 2765 581 2804 dicemus,
598 2765 749 2806 quicquid
758 2763 902 2806 magister

34 2810 99 2851 egit
111 2805 356 2849 praesumendum
366 2804 427 2836 esse
443 2815 482 2838 ex
494 2807 637 2838 mandato
647 2830 656 2845 ,
668 2807 720 2839 vel
736 2807 830 2838 etiam
840 2806 902 2838 sine

35 2850 182 2883 mandato
198 2846 317 2889 egiffe?
336 2845 644 2887 Utrumquedifficile
653 2848 736 2880 dieta
751 2848 837 2880 esset.
858 2847 900 2879 E-

36 2900 105 2924 rant
123 2900 227 2922 tamen
246 2889 430 2926 Senatores,
478 2888 507 2919 ui
522 2897 602 2921 onus
616 2890 767 2931 probandi
782 2889 901 2929 rejicie-

35 2934 111 2964 bant
124 2932 154 2963 in
165 2931 388 2963 assecuratores
398 2952 407 2967 ,
417 2937 452 2960 ut
490 2929 498 2959 i
511 2938 623 2970 nempe
631 2931 800 2971 probarent
817 2939 901 2961 man-

37 2975 145 3006 daturn
156 2971 293 3004 mutandi
313 2969 434 3002 itineris
441 2969 512 3008 ,sed
527 2979 622 3011 quum
638 2972 704 3005 fere
716 2971 902 3014 impossibile

37 3016 75 3048 fit
113 3022 149 3044 ut
166 3013 308 3044 mandata
323 3035 331 3046 .
352 3011 389 3042 ab
405 3011 635 3044 exercitoribus
648 3013 799 3054 magistris
810 3013 900 3051 data,

39 3055 263 3089 assecuratores
280 3051 415 3084 nancisci
433 3053 464 3085 ὅ(
482 3052 624 3093 proferre
636 3054 768 3094 poffinc,
791 3055 901 3095 pleris-

39 3107 101 3139 que
123 3095 324 3128 senatoribus
344 3094 377 3125 id
399 3092 500 3126 visum
523 3093 570 3126 est
583 3094 688 3127 durius
706 3096 737 3128 &
753 3096 900 3138 iniquius.

78 3220 139 3290 (13)
161 3219 272 3292 Olijierv.
295 3219 411 3251 Tumult.
435 3219 468 3250 T.
487 3220 553 3251 XII.
571 3229 600 3250 η.
623 3227 709 3257 2900.

111 3269 164 3291 om.

582 98 810 146 JURIS
860 99 1227 147 PRIVATI,

1279 101 1366 138 Lm.
1384 103 1451 141 iv.
1479 106 1517 142 0.
1537 107 1637 145 xvi.
1756 101 1828 166 4⁵7

961 188 1072 221 Media
1090 188 1142 220 via
1167 189 1307 231 placuit,
1329 197 1365 222 ut
1390 200 1501 234 nempe
1544 195 1642 228 riores
1664 195 1830 228 sententiaa

961 231 1190 271 probarentur,
1221 231 1242 264 si
1264 232 1463 273 jurejurando
1488 245 1503 265 a
1540 246 1638 269 rmare
1659 237 1755 278 parati
1781 246 1829 269 es·

961 273 1029 303 sent
1045 274 1258 319 eigercitores‚
1280 273 1310 306 se
1328 284 1374 306 ma
1400 273 1474 306 istro
1497 285 1560 308 non
1578 279 1750 317 mandasse,
1772 277 1826 310 vel

959 312 1150 359 permisisse,
1177 322 1211 347 ut
1235 323 1363 356 portum
1421 317 1431 348 1
1456 315 1658 357 ffiponensem
1688 319 1828 358 subiret,

959 354 1010 385 vel
1030 355 1107 388 alios
1124 357 1304 389 contractus
1322 358 1361 389 de
1376 367 1429 397 per
1446 358 1569 390 erendis
1587 361 1742 391 mercibus
1766 361 1827 392 ini-

958 403 1008 427 ret
1031 405 1072 428 ex
1093 397 1146 430 sua
1164 398 1255 440 ipsius
1281 397 1450 438 sententia,
1474 399 1516 431 sin
1545 406 1650 431 autem
1670 401 1826 432 exercito-

958 446 1005 469 res
1020 438 1050 470 id
1067 439 1279 480 jusjurandum
1300 441 1402 481 jurare
1420 441 1560 479 nollent.
1578 439 1827 474 rescinderentur

980 479 1078 512 riores
1094 481 1257 514 sententiae
1267 506 1276 521 ‚
1300 483 1330 515 &
1341 482 1579 515 absolverentur
1592 481 1825 515 assecuratores.

975 528 1004 551 ta
1022 521 1194 561 judicatum
1211 523 1256 555 est
1277 533 1304 565 7.
1328 524 1405 565 Maj.
1431 534 1520 566 1735.
1546 525 1606 567 (3)

999 562 1166 596 Mercator
1189 564 1471 608 Middelburgensis
1498 568 1624 599 mandat
1641 567 1826 600 Proxenetae

956 603 1237 639 Rotterdammensi
1249 631 1258 646 ‚
1278 616 1312 639 ut
1331 617 1440 639 curare
1455 608 1553 640 vellet
1569 608 1828 645 assecurationem

956 654 1017 676 van
1042 648 1235 690 Miildelburg
1259 659 1335 680 naar
1362 649 1494 681 Batavia
1511 674 1520 689 ‚
1557 657 1615 682 met
1637 650 1684 682 het
1694 651 1780 691 scibip
1800 650 1822 678 'c

959 687 1018 718 Sloi
1028 694 1071 720 ter
1080 689 1200 732 Hooge,
1213 691 1352 731 Schipper
1362 691 1483 724 Wllem
1499 694 1532 723 a'e
1544 692 1637 729 Smin,
1657 700 1690 733 op
1710 700 1823 733 10300.

949 728 1057 768 filvere
1076 731 1231 764 Ducanaris
1248 743 1284 763 en
1302 742 1393 776 7320.
1410 734 1537 776 guldens
1550 745 1608 766 acm
1626 734 1739 777 getelcce
1758 731 1822 774 gel-

955 773 1010 803 den
1036 779 1068 814 op
1089 783 1140 804 een
1165 775 1326 806 Noturz'ale
1353 774 1507 816 Obligalie
1535 781 1584 807 ten
1609 775 1680 818 laste
1701 785 1763 806 van
1787 775 1824 804 de

953 823 1052 846 voorn.
1081 814 1202 848 Willem
1220 817 1253 847 de
1275 816 1360 847 811111.
1407 817 1492 849 Varii
1516 817 1737 850 assecuratores
1763 824 1824 856 pro

952 863 1084 897 utraque
1102 856 1217 890 summa
1234 858 1263 888 in
1283 858 1349 889 1111εο
1365 860 1460 890 verba
1476 858 1649 899 fidejubent
1661 869 1712 891 22.
1723 858 1825 890 Mart.

956 906 1045 939 1732.
1079 897 1201 938 Navis,
1226 900 1285 931 iter
1305 898 1393 932 suum
1408 898 1617 942 prosequens,
1640 901 1734 942 periit
1750 896 1825 930 011111

951 939 1098 971 omnibus
1115 941 1290 973 mercibus.
1314 939 1396 972 salva
1415 950 1515 973 tamen
1533 944 1665 983 pecunia
1683 949 1823 973 numera-

951 987 1002 1017 ta,
1027 990 1122 1021 atque
1149 982 1228 1014 adeo
1257 981 1341 1014 salva
1365 983 1418 1014 illa
1442 982 1557 1016 summa
1583 994 1692 1025 10300.
1713 981 1820 1014 Duca-

951 1028 1072 1054 tonum.
1128 1023 1198 1055 Alia
1220 1032 1323 1055 autem
1357 1023 1475 1056 summa
1500 1034 1593 1067 7320.
1626 1025 1821 1057 florenorum

947 1061 1017 1094 data
1037 1072 1101 1094 01111
1117 1064 1290 1096 Navarcho
1309 1064 1364 1097 sub
1387 1065 1512 1097 foenore
1534 1066 1682 1106 nautico,
1706 1067 1736 1098 &
1763 1065 1820 1097 ille

949 1101 1134 1137 Navarehus
1150 1115 1190 1138 ex
1209 1116 1245 1138 ea
1264 1115 1502 1148 comparaverat
1518 1117 1654 1145 merces,
1672 1117 1739 1148 quae
1757 1116 1820 1138 una

949 1154 1020 1176 cum
1049 1147 1122 1177 navi
1152 1148 1321 1188 perierant.
1367 1149 1536 1180 Mercator
1556 1149 1819 1189 Middelburgen—

947 1186 1003 1226 fis,
1029 1197 1113 1219 ratus
1131 1211 1140 1226 ,
1170 1189 1223 1221 fibi
1249 1189 1455 1223 ass'ecuratum
1475 1189 1536 1222 esse
1560 1190 1636 1222 illud
1661 1190 1819 1221 creditum

948 1237 1040 1269 7320.
1058 1228 1249 1263 florenorum
1261 1255 1271 1270 ‚
1298 1232 1390 1273 idque
1414 1232 1538 1272 periiffe
1561 1241 1633 1263 cum
1649 1241 1731 1263 nave
1747 1240 1817 1271 per-

947 1272 1028 1310 dita,
1051 1271 1275 1306 assecuratores
1298 1273 1608 1305 Rotterdammenses
1635 1273 1715 1314 apud
1735 1272 1819 1313 Judi-

947 1321 1000 1344 ces
1017 1313 1191 1347 maritimos
1208 1337 1218 1353 ,
1249 1315 1303 1356 qui
1323 1315 1364 1346 ibi
1389 1314 1477 1354 sunt,
1503 1315 1676 1353 convenit,
1703 1323 1738 1345 ut
1761 1313 1818 1346 sibi

947 1352 1130 1387 resarcirent
1150 1356 1305 1393 damnum.
1357 1355 1397 1388 Hi
1425 1365 1538 1397 negant
1554 1380 1564 1396 ,
1597 1356 1627 1388 se
1648 1356 1818 1398 quicquam

946 1396 1060 1428 debere
1079 1420 1088 1436 ,
1118 1398 1192 1439 quia
1219 1408 1282 1430 non
1306 1396 1558 1431 assecuraverunt
1584 1407 1703 1430 merses
1720 1419 1731 1435 ,
1764 1396 1817 1428 sed

947 1439 1108 1480 pecuniam
1127 1448 1341 1480 numeratam,
1364 1439 1487 1473 scilicet
1502 1449 1594 1483 7320.
1613 1439 1738 1482 guidem
1755 1448 1817 1470 aasz

946 1479 1060 1522 gecelde
1078 1480 1202 1522 gelden,
1227 1482 1257 1514 δε
1273 1481 1314 1515 fic
1329 1491 1454 1523 quoque
1470 1481 1500 1514 se
1525 1491 1597 1514 011111
1619 1480 1822 1513 conci-actum

946 1521 1105 1554 adnotaffe
1125 1523 1157 1554 in
1173 1523 1261 1555 libris
1281 1524 1359 1563 suis,
1384 1533 1512 1556 omnem
1526 1531 1632 1555 autem
1650 1523 1817 1564 pecuniam

946 1572 1157 1602 numeratam,
1182 1565 1254 1596 navi
1274 1565 1472 1607 impositam,
1502 1565 1595 1598 fuisse
1612 1564 1747 1603 salvam,
1770 1571 1817 1595 at-

945 1613 1006 1646 que
1033 1605 1110 1637 adeo
1133 1605 1163 1637 se
1188 1606 1227 1638 de
1244 1606 1359 1640 damno
1382 1616 1446 1639 non
1470 1607 1578 1639 teneri.
1624 1605 1750 1647 Judices
1770 1612 1815 1637 ta-

944 1655 1018 1678 men
1036 1647 1187 1679 maritimi
1208 1657 1238 1689 7.
1256 1648 1334 1690 Aug.
1357 1658 1446 1695 1734.
1469 1648 1638 1681 secundum
1652 1648 1816 1679 Mercato-

944 1697 1011 1719 rem
1040 1688 1351 1729 Middelburgensem
1387 1691 1478 1722 litem
1505 1690 1657 1722 dederunt
1676 1713 1685 1727 ,
1722 1689 1751 1721 δι,
1774 1689 1817 1720 1111

945 1738 1068 1771 quoque
1085 1739 1124 1762 ex
1140 1732 1347 1772 appellatione
1365 1731 1460 1764 Curia
1480 1731 1661 1764 Hollandiae
1681 1739 1728 1770 15.
1747 1730 1815 1771 Jan.

953 1780 989 1812 17
1014 1781 1043 1813 7.

986 1855 992 1860 ⁹
1024 1813 1108 1860 ursus
1123 1813 1169 1846 est
1185 1815 1377 1857 appellatum
1398 1817 1437 1849 ad
1453 1816 1600 1850 Senatum
1611 1839 1620 1855 ‚
1646 1815 1677 1848 &
1697 1815 1724 1847 is
1739 1823 1814 1847 cen-

949 1854 1009 1887 suit
1022 1878 1032 1894 ‚
1055 1855 1135 1887 nihil
1155 1858 1322 1898 quicquam
1344 1858 1478 1898 referre,
1502 1858 1576 1899 quid
1593 1857 1815 1889 affecuratores

951 1897 983 1928 in
1004 1896 1091 1928 libris
1114 1896 1176 1929 suis
1203 1899 1437 1932 annotaviffent
1454 1924 1464 1938 ,
1489 1909 1615 1931 omnem
1635 1899 1720 1930 enim
1741 1906 1813 1928 cau-

950 1936 1012 1969 sam
1035 1938 1170 1979 pendere
1194 1949 1236 1972 ex
1251 1940 1457 1974 instrumento
1483 1940 1737 1975 assecurationis,
1761 1938 1815 1970 cui

947 1978 1210 2020 subscripserant,
1241 1982 1272 2014 ὅ(
1294 1982 1418 2023 quidem
1443 1983 1485 2014 ibi
1502 1981 1654 2014 distinffis
1675 1979 1815 2023 periodis

947 2020 1153 2054 assecuratum
1173 2031 1240 2055 erat
1261 2033 1304 2064 op
1331 2033 1441 2065 10300.
1453 2023 1562 2063 fisvere
1580 2022 1753 2060 Damam,
1775 2031 1814 2052 en

946 2068 980 2103 op
999 2073 1091 2104 7320.
1110 2063 1251 2105 guldem,
1275 2066 1369 2097 welke
1392 2071 1425 2106 op
1446 2066 1601 2107 Obligatie
1618 2074 1722 2095 waren
1740 2072 1812 2094 aan-

945 2105 1038 2146 getelt
1065 2115 1124 2135 acm
1149 2106 1204 2137 den
1230 2107 1370 2147 Schipper
1383 2129 1394 2145 ,
1427 2107 1457 2139 &
1480 2107 1573 2148 plene
1592 2105 1755 2138 conflabat
1771 2112 1814 2135 ex

945 2154 981 2176 ea
1000 2145 1062 2186 ipsa
1080 2147 1212 2188 pecunia
1230 2146 1434 2181 Navarchum
1458 2147 1649 2189 comparasse
1667 2154 1786 2177 merces
1801 2168 1815 2184 ,

945 2196 1017 2227 quae
1039 2196 1110 2219 011111
1128 2198 1210 2219 1111νο
1226 2189 1404 2229 perierant,
1425 2190 1454 2221 ὅ(
1479 2198 1575 2230 porro
1591 2187 1753 2219 constabat
1769 2196 1814 2218 ex

946 2227 1127 2260 testimonio
1151 2230 1355 2269 plurimorum
1382 2230 1620 2267 Mercatorum,
1652 2227 1812 2260 Affecura-

946 2277 1050 2301 torum
1071 2292 1082 2308 ,
1114 2270 1143 2302 &
1167 2270 1437 2310 Proxenetarum,
1463 2279 1528 2304 tam
1552 2269 1813 2309 Middelburgen·

944 2310 1041 2349 sium,
1065 2320 1156 2352 quam
1179 2312 1312 2353 ipsorum
1337 2311 1691 2351 Rotterdammensium‚
1718 2309 1814 2349 stilo,

945 2359 982 2383 ut
1003 2361 1121 2384 vocant
1138 2377 1147 2389 ,
1175 2354 1343 2386 mercantur
1366 2363 1459 2394 penes
1483 2353 1513 2386 se
1539 2353 1601 2385 esse
1628 2360 1814 2393 receptum,

946 2400 1000 2432 ut,
1025 2394 1077 2434 qui
1102 2393 1289 2426 assecuravit
1309 2402 1343 2435 op
1368 2395 1494 2436 gestient,
1518 2394 1739 2435 navigantibus
1759 2393 1811 2424 da-

947 2441 978 2464 ta
992 2458 1001 2473 ,
1031 2434 1210 2466 affecuraffe
1234 2436 1360 2467 videtur
1388 2442 1422 2476 op
1443 2441 1563 2467 cantant
1580 2435 1667 2477 geld,
1697 2434 1719 2466 fi
1738 2443 1809 2466 eam

944 2475 1106 2516 pecuniam
1123 2477 1303 2517 navigantes
1322 2475 1428 2508 secum
1448 2476 1571 2516 ferant,
1594 2486 1678 2507 mear
1691 2481 1724 2516 op
1740 2485 1809 2518 goe-

943 2517 1052 2554 deren,
1077 2515 1098 2548 si
1116 2517 1298 2558 navigantes
1322 2527 1361 2549 ex
1379 2527 1415 2548 ea
1433 2519 1566 2558 pecunia
1586 2526 1707 2550 merces
1725 2526 1812 2549 com-

942 2565 1070 2600 parent,
1095 2557 1125 2589 ὅ(
1151 2557 1204 2589 has
1228 2558 1332 2591 secum
1355 2558 1480 2597 ferant,
1505 2568 1582 2591 tunc
1604 2559 1689 2591 enim
1706 2557 1810 2591 surro-

942 2607 1027 2672 {atas
1041 2598 1139 2630 videri
1158 2609 1276 2633 merces
1291 2601 1364 2632 loco
1377 2601 1521 2641 pecunia:
1542 2608 1714 2632 numerata:
1733 2622 1745 2638 ,
1778 2599 1810 2631 δε

967 2649 985 2671 0
1010 2648 1165 2681 perpetuo
1189 2641 1245 2673 usu
1261 2640 1386 2674 servari.
1433 2641 1613 2680 Addebam,
1635 2641 1715 2672 hanc
1731 2649 1809 2672 con-

943 2681 1097 2714 ditionem
1120 2681 1305 2724 significari,
1329 2683 1351 2715 fi
1375 2682 1580 2720 assecuratio,
1602 2690 1636 2714 ut
1656 2682 1729 2720 hic,
1749 2680 1808 2712 fiat

943 2728 976 2763 op
1003 2723 1176 2765 aangetelcle
1197 2724 1303 2767 gelden
1318 2746 1331 2763 ,
1354 2730 1388 2764 op
1414 2724 1567 2766 Obligatie
1586 2732 1719 2764 gegeven
1744 2731 1806 2753 acm

943 2774 991 2796 zoo
1010 2765 1044 2805 of
1065 2774 1113 2796 zoo
1132 2775 1184 2796 een
1205 2767 1376 2808 navigant,
1397 2774 1453 2796 eos
1476 2764 1656 2804 navigantes
1682 2770 1807 2796 tantum

942 2815 1007 2838 non
1030 2805 1149 2846 semper
1164 2815 1231 2837 eam
1251 2806 1416 2845 pecuniam
1437 2805 1614 2846 impendere
1628 2813 1809 2846 comparan-

943 2847 990 2879 dis
1005 2847 1182 2886 mercibus,
1208 2847 1257 2878 sed
1275 2847 1305 2879 ὅ(
1326 2846 1430 2887 posse,
1455 2846 1476 2878 si
1493 2847 1593 2878 velint
1614 2855 1681 2877 eam
1700 2846 1809 2878 secum

942 2887 1035 2921 ferre.
1068 2888 1117 2920 Ex
1136 2897 1174 2919 eo
1192 2887 1248 2919 usu
1265 2887 1312 2920 illi
1328 2887 1610 2929 interpretabantur
1625 2887 1713 2927 haec,
1736 2896 1809 2927 quae

941 2930 1028 2969 dixi,
1052 2929 1311 2962 assecurationum
1332 2929 1451 2966 verba,
1485 2937 1542 2960 nec
1562 2928 1653 2960 aliter
1682 2936 1810 2969 quoque

943 2971 1091 3009 Senatus,
1112 2970 1155 3002 fic
1171 2969 1300 3002 edoctus
1312 2993 1321 3008 ,
1354 2970 1577 3010 interpretatus
1594 2968 1657 3008 est,
1681 2969 1809 3010 praeser-

946 3013 1004 3045 tim
1023 3022 1096 3044 curn
1120 3011 1241 3043 nullum
1266 3011 1361 3043 ullius
1382 3010 1518 3043 hominis
1543 3009 1757 3042 testimonium
1772 3010 1808 3044 in

945 3054 1139 3086 contrarium
1157 3052 1366 3084 adhiberetur.

987 3095 1047 3128 Sed
1071 3093 1242 3127 movebant
1256 3093 1383 3135 quidam
1395 3093 1580 3134 Senatores,
1601 3093 1686 3135 quod
1704 3100 1815 3167 tamnen

1736 3144 1753 3166 a
1779 3143 1809 3166 0-

1107 3256 1188 3298 Mm
1208 3264 1240 3288 m
