2008 3436
361 146 400 193 r.
479 149 968 193 c.coNRAD1
1039 156 1481 221 PRAEFArtoj.
1742 163 1812 212 '295'

53 249 89 283 vi
109 249 200 284 enim
215 274 225 291 ‚
251 258 352 295 quam
368 246 490 292 impari
508 255 633 281 conatu
649 272 657 286 ,
683 255 784 297 quam
802 243 931 298 exiguo
964 243 1109 298 ingenio
1125 247 1288 300 nonnulla
1310 250 1542 286 tentaverim:
1567 252 1743 289 neminem
1762 261 1814 288 ta}

54 298 133 334 in'cn
153 309 221 334 tam
243 297 395 344 iniquum
409 296 561 342 judicem
575 295 782 335 extime1c0‚
810 305 890 340 qui,
918 293 1051 347 leviora
1070 305 1146 349 quae
1162 295 1234 340 ipse
1251 296 1340 351 ultro
1359 297 1527 352 profiteor
1546 328 1557 345 ‚
1582 312 1623 337 ac
1638 301 1697 337 sub
1713 303 1814 338 dubi-

56 357 152 384 tante
167 347 301 384 calamo
323 345 464 381 tandem
483 342 660 390 adscripti,
687 342 857 379 bonorum
876 353 978 378 venia
1000 345 1210 380 interdicere
1227 355 1386 391 protinus
1411 348 1510 384 velit.

105 446 212 482 initur
229 445 264 481 in
288 443 318 493 §.
345 455 376 479 2.
404 443 643 479 existimabam
660 441 728 488 legi
745 440 863 487 posse:
888 454 954 488 quae
969 452 1075 478 omnes
1097 443 1282 490 conscripta.»
1297 443 1426 492 exstant
1443 449 1478 482 in
1499 447 1615 483 Libros
1632 448 1687 484 sex
1710 451 1810 496 Papi-

54 499 95 532 rii
108 474 141 531 :b
154 494 278 530 leviter
298 495 479 529 immutata
504 492 696 537 scriptura,
731 502 833 537 quam
859 501 942 526 nota
970 492 1156 527 numeralis
1185 493 1251 529 VI.
1278 494 1312 528 in
1331 506 1435 531 manu
1452 499 1599 533 exaratis
1620 499 1810 535 Codicibus

53 543 214 590 suageilit
242 542 388 588 primum
413 542 567 586 Cujicro
601 540 639 577 δι
661 551 762 587 quam
791 539 921 575 deinde
944 539 1106 586 sequutus
1131 540 1181 576 est
1199 568 1208 582 ‚
1237 542 1454 588 Ronanus,
1482 547 1652 593 legendo:
1680 551 1713 583 in
1730 550 1810 583 libro

44 583 142 642 scitia
159 593 294 637 Papirii.
348 590 418 626 Vix
437 591 529 629 enirn
543 616 554 632 ,
578 590 670 636 quod
696 590 772 624 aliis
789 590 922 636 placet,
949 588 1088 624 videtur
1111 590 1281 628 Partitius
1307 593 1458 640 quinque
1476 596 1591 632 Libris
1609 608 1668 632 aut
1681 598 1810 643 patrias

53 644 275 691 antiquitates
303 639 457 687 ritusque
483 639 609 686 priscos
630 665 642 683 ,
674 647 734 674 aut
757 640 885 673 Numae
912 646 1044 672 tanturn
1062 638 1174 685 Leges
1195 642 1240 676 de
1258 642 1362 678 sacris
1377 645 1603 691 complexus,
1630 647 1729 683 sexto
1748 647 1812 683 de·

52 705 144 730 mutu
165 690 312 738 reliquas
330 690 420 734 leges
436 689 570 735 regim,
596 689 692 724 velut
710 687 958 733 adpendicem,
987 686 1160 733 adjecisse.
1212 690 1341 736 Neque
1357 694 1596 740 inpedimento
1618 696 1688 741 est,
1715 694 1811 744 quod

53 743 223 789 sequitur;
256 739 291 774 Is
315 740 415 779 liber,
448 746 483 773 ut
504 738 662 780 diximus,
694 737 874 783 appellatur
889 735 957 780 Jus
980 736 1082 771 Civile
1106 737 1342 784 Papirianum:
1369 754 1472 789 quum
1488 742 1536 779 ,δε
1560 755 1676 791 partes
1692 745 1809 791 operis

52 790 190 839 plurali.
216 787 253 825 ἃ
276 788 471 823 universum
489 799 575 834 opus
593 786 751 834 fingulari
768 785 943 821 locutione
963 786 1149 821 commode
1168 787 1341 835 designari
1362 792 1501 837 possint:
1530 805 1643 841 neque
1660 795 1811 830 insolen.

53 852 124 877 tem
153 837 221 874 ess‘e
250 836 383 872 numeri
407 837 440 872 in
466 847 530 871 una
548 836 739 882 eademque
757 835 915 869 oratione
936 835 1251 872 commutationem
1267 864 1277 880 ,
1304 839 1379 875 aliis
1395 843 1566 888 exemplis
1588 843 1741 888 constat,
1770 843 1809 882 δε

53 890 121 926 Vir
151 886 380 932 Ampliffimus
409 885 587 920 admonuit
615 884 658 919 ad
692 885 732 919 L.
751 884 848 918 Lecta
875 883 948 929 Cap.
975 884 1054 918 XII.
1108 884 1230 935 Quarti
1257 898 1373 924 autem
1399 889 1494 926 casus
1514 902 1578 937 pro
1596 894 1694 930 sexto
1715 894 1808 929 usur·

53 937 158 986 pandi
179 946 328 976 morem,
356 934 467 970 adhuc
485 934 595 969 minus
611 942 715 978 eget,
741 941 779 967 ut
793 933 909 968 multis
924 934 1081 978 probem.
1131 935 1216 970 Nec
1237 946 1323 972 vero
1352 937 1488 976 dicetur
1505 940 1574 977 fine
1596 944 1708 990 aliqua
1731 945 1808 988 spe-

54 989 128 1031 cie,
154 985 291 1031 singulis
306 983 441 1019 foriitan
462 984 517 1017 sex
550 983 645 1016 libris
674 979 835 1016 cometias
859 993 900 1016 ac
915 981 1090 1018 distindtas
1108 982 1208 1019 fuifle
1226 986 1338 1032 Regis
1358 989 1523 1036 cujusque
1544 992 1660 1037 leges,
1687 994 1727 1028 ad
1743 994 1807 1029 Su-

53 1039 195 1084 perbum
213 1043 336 1080 usque,
371 1043 437 1077 quo
463 1041 632 1076 regnante
656 1028 808 1065 fioruiffe
831 1041 1044 1067 memoratur
1069 1033 1258 1077 Firmius,
1286 1035 1322 1070 ἃ
1341 1039 1396 1083 qui
1419 1038 1536 1084 legum
1558 1040 1623 1076 fuit
1645 1041 1805 1087 eversor,

53 1097 122 1122 non
140 1084 237 1120 lator.
288 1080 391 1124 Apud
415 1079 643 1115 Macitoiiiurt
675 1088 771 1114 certe
791 1079 957 1116 Saturnal.
983 1081 1010 1115 1.
1039 1093 1066 1116 c.
1097 1084 1151 1117 16.
1187 1094 1231 1118 ex
1255 1084 1361 1119 Libro
1381 1087 1427 1121 ss.
1458 1087 1595 1125 ΟΜΝΗ
1611 1091 1804 1129 LicmiANt

52 1135 96 1171 de
111 1130 269 1169 nundinis
299 1127 335 1164 ἃ
358 1129 402 1163 de
425 1127 599 1164 flaminica
626 1129 707 1164 talia
728 1127 951 1173 adferuntur,
986 1142 1061 1177 quae
1084 1131 1126 1166 ad
1142 1131 1273 1167 Numae
1290 1135 1438 1181 aliquam
1459 1138 1574 1184 legem
1597 1149 1738 1184 notata,
1764 1143 1803 1178 ὄε

50 1181 201 1229 ejusdem
225 1178 362 1214 ΟΜΝΗ
386 1176 454 1213 ess'c
472 1177 654 1221 videntur,
679 1179 776 1226 cujus
797 1179 902 1214 etiam
919 1179 1046 1225 aliquid
1080 1180 1120 1215 ad
1146 1179 1359 1218 flaminicam
1382 1187 1565 1230 pertinens
1583 1188 1742 1226 laudatur
1768 1203 1804 1225 a-

46 1230 114 1278 pud
130 1227 255 1275 Festum
274 1237 382 1263 voce:
424 1230 509 1262 ricae.
565 1226 669 1277 Quod
691 1226 715 1262 fi
741 1228 890 1263 eundem
918 1229 1090 1264 credimus
1117 1229 1295 1267 Grumum
1319 1233 1549 1272 L1c1N1ANUM
1573 1246 1678 1284 atque
1705 1240 1801 1276 Gna-⁷

46 1289 139 1316 mun
156 1279 344 1318 haecum,
377 1277 474 1323 cujus
500 1275 586 1311 iiber
613 1277 669 1312 Dr:
696 1277 788 1323 Jumz
812 1278 1009 1315 Papiniano
1033 1279 1159 1314 citatur
1185 1283 1218 1315 in
1244 1281 1287 1317 L.
1312 1294 1394 1327 144.
1422 1284 1467 1320 D.
1493 1287 1529 1322 de
1557 1290 1645 1324 verb.·
1675 1288 1800 1337 signif.

46 1328 84 1365 δι
103 1327 200 1373 cujus
220 1325 315 1362 aliud
336 1324 571 1371 fragmentum
590 1335 687 1361 extat
703 1324 792 1371 apud
816 1326 1043 1363 Maenomurt
1069 1328 1205 1364 Saturni
1231 1331 1293 1366 111.
1321 1344 1349 1367 c.
1377 1334 1424 1368 ΙΙ.
1456 1335 1507 1371 uti
1527 1336 1562 1372 id
1580 1337 1690 1374 visum
1707 1339 1802 1375 BER-

43 1387 192 1414 TRANDO
219 1373 255 1411 ἃ
283 1374 427 1410 Gnono
450 1375 486 1410 in
515 1374 597 1410 vitis
624 1376 817 1422 JCtorum:
852 1375 1015 1412 GRANIUS
1042 1377 1077 1413 in
1100 1378 1363 1416 Commentario
1383 1382 1442 1418 suo
1464 1385 1624 1432 sequutus
1643 1388 1692 1424 est
1708 1389 1800 1426 ordi-

44 1438 125 1463 nem
145 1424 184 1462 δε
200 1424 421 1471 partitionem
440 1424 543 1470 Jums
564 1423 776 1467 Parmam,
802 1424 872 1466 ita,
898 1435 934 1461 ut
948 1426 1060 1461 Libro
1084 1427 1129 1462 Π.
1182 1429 1311 1465 Numae
1328 1431 1427 1478 leges
1444 1433 1678 1472 illustraverit.r
1724 1438 1800 1474 Cae-

45 1486 160 1513 terum
173 1485 277 1522 quum
293 1474 326 1509 in
347 1472 436 1508 nulla
451 1484 488 1509 re
508 1472 573 1508 alia
588 1473 725 1509 facilior
742 1474 781 1509 sit
800 1474 924 1520 lapsus,
951 1487 1063 1523 neque
1079 1475 1296 1523 frequentior
1313 1507 1323 1523 ‚
1356 1481 1412 1516 vel
1429 1484 1519 1530 apud
1537 1484 1628 1531 ipsos
1653 1486 1802 1532 scripto}

41 1536 98 1562 res
113 1524 272 1571 antiquos
288 1521 441 1558 confusio
452 1548 463 1566 ,
488 1534 591 1569 quam
605 1523 639 1559 in
657 1523 856 1559 nominibus
871 1533 1048 1561 veterum:
1075 1524 1179 1561 facile
1192 1539 1329 1575 quoque
1346 1528 1528 1569 ferendum
1548 1533 1634 1570 effet
1652 1535 1687 1572 in
1703 1536 1799 1572 Pon-

41 1584 171 1616 pmuo,
203 1572 252 1615 fi,
283 1582 383 1618 quem
408 1569 500 1606 infra
530 1571 561 1618 §.
590 1574 648 1618 36.
674 1573 840 1608 Pontium
865 1582 970 1610 vocat
995 1574 1065 1611 hoc
1087 1573 1117 1622 §.
1145 1586 1178 1610 2.
1203 1577 1353 1614 Sextum
1383 1581 1607 1629 appellasset,
1640 1586 1800 1632 quamvis

41 1623 81 1660 ἀ
98 1622 236 1660 forsitan
254 1624 508 1666 ignoraremus,
533 1632 623 1657 anne
642 1622 803 1658 habuerit
823 1622 920 1668 hujus
945 1623 996 1659 rei
1014 1625 1161 1659 causam.
1213 1625 1309 1675 Quid
1334 1629 1426 1664 enim
1439 1657 1448 1673 ‚
1469 1630 1492 1666 fi
1510 1631 1583 1678 jam
1604 1633 1677 1680 ejus
1694 1644 1799 1672 aetate

39 1673 212 1711 incertum
229 1670 449 1706 fuitPipnui
466 1681 665 1715 praenomen
687 1672 763 1708 aliis
785 1672 951 1714 Sextum,
977 1673 1049 1708 aliis
1075 1674 1241 1710 Pontum
1264 1675 1489 1715 dicentibus?
1513 1680 1550 1717 ὅτ.
1565 1683 1666 1728 quid.=
1691 1683 1798 1721 fiPu-

37 1732 115 1759 3211
140 1731 290 1763 nomen,
315 1719 396 1754 inde
411 1719 545 1763 imponi
564 1720 720 1765 solitum,
745 1722 824 1768 quod
845 1724 914 1768 quis
928 1722 1044 1768 Populo
1061 1732 1212 1770 acceptus
1223 1723 1364 1772 fuzffi’t,
1391 1739 1517 1765 revera
1533 1731 1617 1767 olim
1634 1732 1796 1770 additum

37 1771 210 1813 Pmmo,
235 1772 290 1805 uni
306 1781 346 1804 ex
370 1769 603 1814 principalzbus
626 1771 708 1805 viris
726 1796 738 1814 ,
764 1781 865 1818 quam
891 1773 1000 1807 Sexti
1025 1783 1227 1819 praenomen
1251 1775 1295 1812 ab
1313 1775 1438 1814 ordine
1456 1780 1617 1817 nascendi
1635 1782 1669 1817 ei
1685 1783 1719 1818 in
1741 1782 1796 1819 fa-

37 1820 133 1857 milia
147 1819 221 1865 jam
241 1816 442 1864 obtigiffet?
470 1819 656 1865 Utcunque
675 1819 734 1862 fit,
760 1817 850 1855 aliud
868 1820 1003 1867 insuper
1021 1833 1224 1867 praenomen
1252 1823 1335 1870 CAJt
1348 1851 1361 1869 ‚
1388 1825 1510 1864 frustra
1525 1829 1714 1878 adfingitur
1730 1832 1797 1868 Pa-

35 1870 120 1917 pirio
141 1867 258 1904 nostro
276 1896 284 1910 ‚
320 1868 471 1903 excitata
504 1867 796 1905 HALicARNassm
829 1869 919 1905 fide:
944 1882 1045 1917 quam
1075 1871 1102 1906 is
1119 1871 1163 1906 de
1180 1872 1248 1907 alio
1264 1875 1400 1918 prorsus
1419 1878 1457 1912 C.
1474 1878 1632 1924 Papirio,
1658 1879 1794 1917 summo'

35 1919 252 1960 Pou'rirtctz,
278 1916 414 1960 scribit,
441 1928 510 1951 eum
534 1918 647 1952 Nmnae
663 1919 746 1964 leges
762 1917 830 1965 post
844 1920 957 1965 ejet‘tos
971 1919 1080 1966 Reges
1096 1922 1128 1954 in
1144 1922 1304 1966 publicum
1323 1923 1411 1969 usum
1426 1927 1602 1974 revocaffe:
1629 1931 1796 1976 quemad-

37 1967 180 2004 modum
202 1967 245 2002 ab
273 1976 419 2013 utroque
441 1965 549 2000 etiam
573 1966 726 2005 diversus
743 1969 792 2003 est
807 1968 950 2004 Manius
975 1969 1129 2015 Papirius
1143 1995 1153 2013 ‚
1178 1982 1280 2016 quem
1297 1973 1445 2017 primum
1466 1976 1605 2022 Regem
1623 1978 1797 2015 sacrificu-

36 2017 110 2055 lum
132 2026 286 2053 creatum
301 2015 408 2052 refert
425 2015 649 2061 DiONstus,
676 2016 713 2054 ἃ
730 2029 832 2065 quem
855 2017 1017 2055 Pontifici
1033 2018 1131 2054 fuisse
1153 2018 1367 2066 subjeetum,
1405 2035 1449 2060 ex
1481 2025 1581 2062 Livio
1614 2028 1797 2075 novimus.3

87 2116 127 2151 In
152 2115 184 2163 §-
200 2127 234 2160 5.
260 2116 398 2152 Verba:
423 2115 488 2150 His
505 2115 629 2161 legibus
644 2117 742 2160 latis,
769 2119 883 2164 coepit,
908 2125 944 2153 ut
963 2118 1158 2154 naturaliter
1177 2123 1305 2157 evenire
1314 2121 1418 2169 solet,
1444 2132 1481 2159 ut
1497 2126 1724 2174 interpretatio
1739 2130 1798 2165 de-⁴

30 2164 190 2212 fideraret
205 2165 410 2200 Prudentium
432 2166 622 2201 onerositate
641 2165 845 2213 neceffizriam
865 2166 924 2213 effi
948 2167 1194 2214 disputationem
1211 2170 1311 2217 fori:
1335 2172 1412 2216 post
1438 2173 1554 2221 varios
1573 2177 1717 2212 aliorum
1734 2190 1796 2214 co-

37 2223 138 2251 natus
161 2214 230 2249 Vir
254 2213 407 2260 Ampliss'·
446 2225 490 2250 ex
507 2215 620 2249 MStis
638 2216 702 2250 suis
719 2218 754 2251 <Sc
776 2217 917 2263 vulgata
937 2217 1022 2263 legit
1039 2229 1047 2253 :
1076 2226 1110 2253 ut
1134 2219 1358 2266 interpretatio
1374 2220 1563 2266 desideraret
1581 2225 1795 2263 Prudentium‘

37 2264 278 2304 austeritatem,
305 2261 566 2309 neceſjariamque
585 2263 828 2310 disputationem
844 2264 919 2312 fori
927 2276 938 2300 .·
971 2267 1164 2311 Caeterum,
1191 2270 1283 2315 quod
1301 2271 1490 2307 Florentiae
1507 2272 1574 2308 est:
1602 2274 1795 2322 disputatio*-

37 2311 178 2359 nefori;
204 2311 239 2347 id
258 2316 424 2353 omnine,
452 2322 489 2347 ut
514 2313 675 2349 vitiosum
692 2316 845 2350 damnat.
898 2315 964 2351 Sed
986 2315 1010 2351 fi
1025 2317 1080 2351 cui
1106 2318 1273 2355 servanda
1297 2319 1458 2355 videatur
1477 2322 1649 2358 Hetrusca
1672 2325 1795 2369 litera,-

38 2362 213 2408 legamus:
239 2361 304 2396 His
322 2362 445 2407 legibus
460 2363 557 2403 latis.
583 2364 699 2409 coepit,
724 2372 759 2398 ut
777 2365 973 2399 naturaliter
995 2368 1123 2401 evenire
1138 2366 1243 2413 solet,
1269 2376 1305 2403 ut
1329 2371 1560 2415 interpretatio
1577 2371 1792 2416 desideraret,

37 2410 244 2446 Prudentium
267 2412 486 2446 austeritatem
519 2411 723 2458 neceffariam
746 2412 1032 2460 effidisputatione
1043 2414 1138 2462 fori:
1172 2427 1208 2451 ut
1227 2418 1337 2453 sentus
1356 2416 1417 2460 fit,
1442 2419 1556 2467 legum
1575 2421 1795 2460 decemviraz

37 2459 119 2496 lium
143 2459 469 2505 interpretationem
498 2459 696 2497 defideraffe
722 2461 794 2508 ipsa
819 2462 1052 2508 disputatione
1069 2464 1135 2499 fori
1150 2490 1160 2506 ,
1187 2476 1223 2500 ut
1243 2466 1467 2502 Prudentium
1492 2468 1677 2507 auetoritas
1692 2483 1792 2508 acce-

36 2508 157 2551 deret,
182 2515 258 2554 quae
275 2508 364 2544 certi
382 2509 511 2554 aliquid
529 2510 703 2546 definiret.
757 2511 842 2546 Non
868 2512 1104 2555 dissimulabo,
1131 2514 1317 2551 Florentiae
1341 2516 1410 2562 legi
1429 2517 1553 2554 etiam:
1581 2522 1795 2556 auctoritates<

36 2555 93 2592 sed
111 2556 244 2593 facilius
260 2558 327 2594 hoe
347 2558 515 2603 verbum,
540 2571 642 2606 quam
667 2559 833 2603 alterurn,
859 2560 1093 2606 disputatione,
1122 2563 1274 2600 admittit
1291 2564 1523 2610 adjefflonem
1545 2568 1654 2605 literae
1675 2569 1797 2605 similis

36 2606 213 2653 sequenti,
237 2617 282 2641 n:
306 2606 375 2642 hoc
394 2608 499 2644 modo
515 2620 524 2645 ε
548 2611 768 2644 auctoritatem
784 2610 1000 2656 neceffizriam.
1055 2611 1185 2660 Utique
1199 2613 1261 2650 nisi
1278 2616 1481 2652 alterutrum
1500 2627 1631 2654 nomen
1647 2619 1683 2655 in
1692 2626 1795 2666 quar-⁷

37 2664 113 2690 tum
134 2653 247 2691 casum
263 2655 482 2703 rediga-mm,
505 2658 617 2694 nul-lus
633 2658 738 2695 educi
757 2659 872 2696 sensus
889 2660 1017 2707 potest-.-
1444 2661 1446 2664 ⁴

83 2753 204 2788 Eodem
226 2757 362 2798 tempore
384 2752 426 2794 E?
456 2751 676 2803 Magistratus
694 2760 776 2806 jura
790 2760 981 2803 reddebant,
1014 2760 1056 2802 ὅ)
1071 2762 1240 2811 utseirent
1259 2765 1365 2807 cives,
1391 2765 1470 2811 quod
1486 2766 1545 2812 jus
1564 2766 1600 2801 de
1615 2767 1738 2812 q'uaq‘ue'
1759 2766 1797 2802 re'

37 2804 165 2847 quisque
193 2802 330 2837 dicturus
356 2802 451 2849 effer,
478 2805 576 2852 seque
603 2809 847 2853 praemuniret,
885 2811 999 2846 Edibta
1015 2815 1250 2859 proponebant:
1276 2813 1322 2848 fic
1339 2816 1445 2860 vulgo
1466 2814 1592 2861 legitur
1611 2816 1646 2850 in
1673 2814 1704 2863 §.
1735 2822 1795 2851 10.·

38 2851 182 2886 Habent
199 2861 314 2886 tamen
330 2851 509 2889 Editiones
525 2856 681 2902 quaedarn
693 2869 703 2893 :⁴
719 2861 817 2904 seque
826 2862 1076 2904 praemunirenc:
1103 2862 1139 2897 δε
1156 2862 1340 2912 sequuntur
1359 2862 1427 2896 hoc
1443 2862 1598 2909 plerique
1615 2864 1789 2910 Interpre-

39 2909 110 2940 tes‚
135 2898 319 2934 confirmat
336 2901 441 2936 etiarn
459 2903 588 2940 Noster
603 2917 647 2940 ex
664 2907 776 2942 MStis
796 2908 878 2944 suis:
908 2921 1013 2955 atque
1035 2911 1102 2945 hoc
1122 2911 1228 2945 modo
1252 2909 1280 2945 τὲ
1303 2912 1492 2955 praemunire
1509 2911 1659 2947 refertur
1681 2915 1722 2948 ad
1741 2914 1791 2949 ci-

37 2958 113 2984 ves.
166 2947 319 2990 Nescio,
345 2959 434 2984 anne
456 2961 499 2986 ex
518 2954 733 2999 proprietate
761 2956 948 2994 locutionis
979 2959 1113 2994 Latinae
1138 2958 1174 2993 ἃ
1199 2960 1254 2993 usu
1277 2959 1368 3004 Juris
1390 2959 1611 2995 commodius
1630 2961 1766 3008 legatur
1779 2979 1795 3006 ,-

36 2997 131 3032 nulla
148 2995 295 3038 inserta,
320 2996 377 3031 sed
396 3009 461 3034 una
480 3000 602 3037 leviter
628 3013 759 3039 mutata
775 3006 912 3042 Litera:
934 3006 1032 3053 seque
1046 3014 1273 3053 praemoneret:
1299 3008 1320 3041 i.
1342 3018 1373 3041 e.
1404 3007 1629 3053 Magistratus
1651 3011 1747 3047 cives
1763 3012 1795 3048 i·

37 3045 125 3080 nitio
145 3044 371 3090 Magistratus
388 3057 554 3084 moneret.
605 3048 823 3098 Pmmomre,
850 3055 898 3091 est
916 3068 1070 3098 mature,
1094 3056 1129 3090 in
1148 3066 1303 3102 ternpore
1320 3066 1478 3090 monere.
1532 3058 1655 3094 Sensus
1671 3059 1721 3094 est
1740 3059 1792 3096 fa·

37 3093 113 3128 cilis
133 3092 170 3128 <St
193 3096 329 3137 planus:
355 3103 387 3129 ut
396 3095 527 3142 scirent
540 3100 626 3135 cives
639 3119 656 3143 ,v
675 3104 752 3147 quod
766 3105 826 3150 jus
841 3105 878 3139 de
900 3116 1020 3150 quaque
1034 3114 1068 3138 re
1082 3105 1210 3150 quisque
1237 3105 1374 3138 amarus
1395 3103 1490 3151 effer,
1507 3106 1605 3152 seque
1619 3118 1793 3154 praemone-

36 3152 110 3188 ηις
135 3142 248 3177 Εᾱὶἑῐα
275 3148 501 3189 proponebant.
554 3148 727 3185 Monendi
752 3154 897 3188 verbum
926 3153 975 3188 est
999 3154 1176 3199 proprium
1202 3152 1424 3196 Edic'torum3
1459 3166 1495 3189 ut
1511 3157 1624 3191 multis
1649 3158 1796 3201 Fumi,-

36 3190 172 3226 'i'aciri
187 3218 196 3230 ,
223 3193 397 3228 Suetonii
422 3195 509 3230 locis
535 3195 688 3232 osten-dit
706 3200 806 3234 Bam.
829 3201 1008 3248 Briffimius
1022 3227 1033 3244 ‚
1059 3203 1095 3235 de
1110 3201 1266 3246 formulis
1291 3203 1331 3236 L.
1357 3203 1421 3238 ΙΙΙ.
1475 3204 1698 3251 Ditiiftatre‘s
1714 3207 1795 3242 Edi-

39 3240 83 3274 §zo
103 3241 348 3286 adriana-erunt,
373 3243 421 3278 ait
438 3244 479 3280 M
492 3255 660 3283 AR01AN
673 3257 719 3282 us
741 3248 776 3284 in
793 3250 813 3284 I.
833 3260 890 3295 39.
916 3251 963 3288 D.
991 3251 1027 3287 de
1046 3249 1206 3298 trengam
1251 3252 1347 3287 Inter
1366 3251 1442 3298 ipsa·
1458 3254 1727 3302 Magistratuum
1747 3257 1800 3290 Et

1743 3303 1800 3340 dit
