2008 3436
119 159 166 193 μ

363 245 758 300 CORNELH
827 232 971 295 van

1035 241 1655 293 BYNKERSHOEK

205 359 1898 447 OBSERVATIONUM.

114 496 778 597 JURIJS

457 625 821 679 LJIBIZR

777 760 960 796 CAP

1006 494 1903 563 ROMANI

928 623 1563 675 SEt3UsVDZJS

1011 760 1045 796 U
1095 760 1130 794 T
1227 761 1254 794 Ι.

617 849 667 886 De
692 850 814 895 origine
839 845 1045 895 Succeſjionis
1071 848 1103 882 in
1130 845 1225 892 causa
1252 846 1408 894 intestati.

165 963 172 989 'v
238 961 348 1029 'QG
377 962 499 1004 origine
528 962 632 1004 Juris,
672 972 736 1004 quo
771 958 851 1003 apud
889 970 998 992 omnes

221 1007 231 1017 ²
346 1003 467 1037 Gentes
491 1012 653 1045 receptum
677 1003 743 1043 est,
770 1013 805 1034 ut
829 1003 917 1035 liberi
943 1012 996 1041 co-

246 1066 251 1069 -
304 1054 321 1086 χ·
346 1047 494 1087 gnatique
517 1046 672 1077 dei-‘urielis
692 1045 877 1083 succedant,
903 1043 997 1074 video

151 1111 158 1116 ,
182 1091 185 1123 -ξ
209 1110 215 1115 .
250 1086 318 1133 432*AE
348 1088 472 1128 quaeri3
505 1088 533 1119 δ(
565 1097 674 1118 omnes
697 1086 831 1127 probant
856 1092 996 1126 repeten-

125 1125 314 1162 waffl
346 1129 415 1159 dam
447 1138 464 1159 a
495 1128 675 1168 conjettura
706 1127 881 1158 voluntatis
899 1150 908 1165 ,
943 1134 995 1163 ut,

129 1169 220 1202 cujus
243 1166 329 1199 nulla
353 1169 398 1201 est
421 1169 562 1211 express'a
586 1168 729 1207 testatio,
754 1168 896 1199 obtineat
921 1176 998 1207 praer

132 1199 244 1247 sumta,
270 1217 330 1248 qua
353 1211 435 1242 bona
450 1211 676 1251 intelligantur
700 1211 788 1240 illum
813 1208 919 1250 sequi,
944 1216 996 1238 cu-

129 1252 178 1283 ]US
215 1257 251 1279 ea
279 1250 340 1282 effe
370 1252 505 1283 voluisse
535 1251 718 1286 defunctum
756 1250 893 1281 maxime
933 1255 999 1287 erat

132 1287 304 1324 probabile.
352 1293 400 1325 Ita
421 1292 492 1334 post
514 1293 592 1324 alios
616 1291 749 1323 Grotius
770 1297 803 1322 ae
821 1292 902 1332 Jztre
920 1289 1001 1324 B&

131 1326 171 1359 P.
201 1331 272 1363 Lib.
302 1333 342 1365 Π.
374 1335 406 1366 C.
424 1345 452 1375 7.
488 1333 516 1375 §.
540 1345 570 1375 3.
597 1333 727 1371 dubito,
752 1343 790 1364 an
813 1333 916 1371 reste,
940 1332 1001 1362 uti-

134 1377 196 1409 que
220 1372 260 1413 fi,
286 1382 321 1405 ut
344 1385 398 1417 par
420 1375 483 1415 est,
511 1375 609 1417 Leges
632 1374 845 1413 attendamus,
877 1383 946 1415 quae
971 1373 1002 1403 in

134 1411 225 1444 causa
248 1415 386 1448 intestati
410 1417 609 1449 haereditates
631 1414 796 1455 deferunt,
825 1423 900 1446 tunc
921 1414 1004 1445 enim

134 1457 202 1484 eam
228 1454 412 1489 sententiam
437 1459 489 1490 vel
513 1456 578 1490 sola
601 1466 683 1488 uxor
707 1467 724 1488 a
746 1456 934 1488 succeffione
950 1465 1003 1486 ex-

135 1493 221 1527 clusa
236 1497 409 1539 refutabit,
434 1500 465 1531 in
482 1500 564 1531 hanc
583 1499 716 1540 quippe,
742 1508 834 1539 quam
851 1498 882 1529 in
899 1506 1004 1538 quem-

136 1544 198 1575 que
221 1538 317 1570 alium
340 1549 532 1582 cognatum,
557 1540 671 1571 amoris
688 1540 1006 1580 impetummaj01·em

135 1577 198 1609 effe
220 1579 331 1613 Moses
354 1582 437 1614 dixit
457 1583 496 1614 L.
514 1582 536 1614 Ι.
563 1582 594 1613 C.
613 1592 644 1614 2.
666 1581 694 1622 §.
712 1591 761 1621 24.
786 1581 815 1612 &
839 1580 884 1612 est
908 1579 1004 1611 veris-

135 1618 256 1652 fimum.
282 1622 314 1654 Si
337 1624 436 1664 major
460 1624 596 1665 impetus
613 1624 643 1655 ἅ
662 1626 748 1661 seur),
769 1622 887 1662 major,
914 1630 1006 1661 quam

135 1669 194 1701 pro
218 1662 364 1705 reliquis,
391 1665 568 1697 voluntatis
592 1664 780 1705 conJecttu-a.
827 1662 879 1695 Ne
902 1663 1006 1693 dicam

136 1703 176 1734 de
205 1704 350 1746 languida
381 1705 462 1748 saepe
489 1706 658 1739 Parentum
682 1704 950 1745 Liberorumque,
976 1703 1007 1734 &

137 1755 205 1777 rara
234 1746 378 1778 Fratrum
408 1748 533 1789 gratia,
567 1746 641 1787 quin
675 1747 705 1778 &
727 1746 766 1776 de
790 1745 1007 1791 Cognatorum

137 1787 245 1828 magis.
291 1787 356 1820 Ubi
379 1789 462 1820 inter
485 1789 565 1821 alios
587 1787 794 1830 frigusculum
811 1811 820 1826 ‚
846 1794 927 1817 inter
951 1785 1008 1816 hos

139 1828 253 1870 incipit
277 1829 403 1870 odium,
436 1840 556 1872 quaeque
585 1832 664 1869 apud
699 1833 853 1859 concordes
883 1828 1008 1858 vincula

142 1872 306 1907 caritatis,
329 1873 525 1903 incitamenta
544 1873 661 1902 irarum
682 1874 761 1911 apud
782 1870 912 1909 inferrfiis
927 1869 1008 1906 sient,

140 1920 177 1944 ut
192 1921 266 1943 vere
280 1912 416 1945 Tacitus
433 1914 471 1944 L.
491 1914 515 1945 Ι.
536 1913 650 1943 Annal.
669 1913 699 1943 C.
714 1922 764 1952 55.
789 1911 869 1943 unde
888 1912 1008 1942 &acer-

141 1957 219 1986 rima
231 1957 439 1994 proximorum
457 1957 524 1987 odia
542 1953 594 1996 effe
611 1954 694 1987 idem
709 1953 791 1986 reete
805 1953 887 1986 dixit
904 1953 940 1984 L.
953 1952 1007 1985 IV.

141 1996 259 2036 Hister.
284 1997 315 2028 C.
337 2006 386 2035 70.

183 2038 284 2079 Igitur
307 2039 366 2070 alia
390 2038 588 2071 successionis
611 2039 693 2070 ratio
716 2037 881 2080 quaerenda
896 2035 962 2076 est,
981 2037 1010 2068 ἃ

139 2079 226 2112 forte
250 2080 362 2112 alia&
386 2080 500 2111 melior
524 2080 589 2122 peti
612 2080 732 2121 poterit
755 2089 796 2110 ex
827 2079 1013 2109 conditione

142 2130 359 2162 cognatorum.
406 2121 430 2152 F
432 2122 544 2153 amiliae
570 2121 753 2153 univerlitas
776 2119 916 2161 quaedam
940 2118 985 2150 est
1002 2143 1011 2158 ,

142 2163 180 2194 ab
203 2161 375 2194 Aristotele
393 2186 402 2201 ,
428 2163 458 2194 ἃ
480 2163 549 2194 aliis
563 2186 572 2202 ,
605 2162 799 2203 Reipublicae
824 2169 1011 2201 comparata.

144 2204 259 2236 Parens
278 2227 294 2242 ,,
319 2204 393 2234 dum
425 2204 509 2235 vivit
524 2228 533 2243 ‚
566 2204 656 2243 hujus
686 2201 897 2235 univcrsitatis
920 2210 1014 2242 caput

145 2244 205 2284 est,
231 2244 311 2284 five,
338 2252 372 2276 ut
397 2243 494 2284 Gajus
517 2246 577 2284 ait,
598 2247 739 2285 princeps
755 2245 884 2284 sauritim
908 2244 927 2274 l.
947 2248 1013 2279 ¹96·

142 2294 194 2328 pr.
228 2289 261 2317 (le
283 2285 324 2318 V.
348 2287 379 2317 S.
403 2295 512 2317 omnes
537 2287 565 2318 δ’(
590 2286 695 2317 omnia
719 2285 876 2316 exercitio
900 2284 1014 2315 habens

147 2329 178 2361 &
200 2327 364 2369 potestate.
420 2327 525 2359 Liberi
550 2337 614 2358 non
640 2326 726 2358 secus
750 2335 843 2367 atque
867 2325 1013 2357 aceeliio-

147 2379 202 2401 nes
225 2369 474 2408 considerantur,
499 2376 602 2410 partes
627 2376 727 2399 tamen
752 2367 885 2398 universi
902 2376 1014 2408 corpo-

147 2411 216 2448 ris;
239 2411 321 2441 unde
345 2420 413 2451 quae
438 2410 474 2441 ad
499 2419 614 2450 corpus
638 2410 819 2449 pertinent,
850 2408 944 2439 etiam
969 2407 1015 2438 vi-

148 2462 192 2483 vo
215 2460 326 2492 patre,
360 2451 496 2492 iptorum
521 2451 582 2482 else
606 2451 777 2481 creduntur
795 2474 804 2489 ,
831 2458 892 2480 tam
916 2449 1015 2480 domi-

148 2493 203 2524 nio
226 2494 242 2523 l.
268 2502 315 2524 11.
334 2493 367 2533 ff
398 2496 430 2523 ile
456 2493 524 2524 Lib.
549 2491 585 2526 (5⁹
603 2490 677 2531 posi.
700 2496 804 2522 [urea.
831 2490 901 2530 inst.
926 2499 1018 2531 quam

148 2534 332 2576 pbffeffione
353 2535 373 2565 l.
397 2545 426 2565 2.
452 2535 479 2574 §.
505 2544 531 2565 2.
547 2534 587 2574 ff.
610 2540 664 2573 pro
687 2533 804 2564 Hiemi,
829 2532 873 2563 ita
897 2539 1016 2569 tau-ren,

150 2583 185 2607 ut
209 2585 338 2617 parens,
364 2577 452 2616 cujus
476 2585 578 2607 omnis
602 2574 647 2606 ert
671 2574 807 2615 pOtellas
826 2597 835 2613 ,
869 2582 963 2603 etiam
988 2574 1018 2603 in

150 2616 234 2658 ipsos
259 2617 374 2648 liberos
391 2641 400 2656 ‚
442 2626 481 2647 cx
515 2617 636 2648 ratione
660 2616 735 2650 meri
759 2615 836 2656 juris
860 2612 1020 2645 censeatur

153 2667 279 2699 quoque
302 2658 479 2699 acquirere,
502 2658 587 2699 quod
604 2658 773 2688 liberorum
798 2655 842 2687 est
866 2656 884 2686 l.
909 2665 956 2695 79-
977 2655 1019 2695 ff.

152 2703 185 2730 de
216 2700 292 2739 Acq.
325 2701 375 2730 veh
403 2702 486 2729 omna
530 2701 636 2730 Lvaered.
681 2698 740 2729 Sed
763 2698 821 2728 alia
839 2721 848 2736 ,
875 2704 909 2727 ut
933 2696 1019 2734 dixi,

151 2741 234 2772 ratio
256 2739 302 2772 cst
333 2741 363 2772 in
397 2740 619 2772 transferendis
649 2738 884 2770 liaereditatibus
903 2761 912 2775 ,
946 2744 1021 2767 tune

152 2782 235 2813 enim
260 2782 348 2813 liberi
374 2789 523 2823 putantur
546 2780 638 2811 fuisse
661 2793 834 2809 evremaro-1:11
854 2801 862 2813 ,
902 2780 930 2809 ἃ
955 2779 1021 2818 jure

151 2821 195 2853 sui
221 2822 385 2854 succedere
409 2833 448 2853 ex
473 2822 641 2863 proximO,
666 2821 750 2861 quod
768 2819 942 2857 habebant,
966 2819 1020 2849 do-

154 2864 252 2894 minio
276 2864 306 2896 &
330 2864 513 2904 posl'essione
529 2887 537 2902 ,
571 2871 656 2893 nunc
680 2863 771 2902 plene
795 2861 873 2892 nacti
894 2884 902 2899 ‚
937 2859 1021 2900 quod

155 2912 225 2934 ante
247 2905 517 2946 contemplatione
539 2904 625 2944 juris.
679 2903 738 2934 Sed
769 2902 857 2943 plura
889 2911 917 2931 in
945 2901 1022 2931 lianc

157 2954 220 2974 rem
251 2945 486 2977 observavimus
516 2946 556 2977 L.
580 2944 592 2976 I
629 2945 661 2976 C,
691 2953 735 2980 19.
783 2943 826 2975 Ut
849 2950 953 2973 autem
988 2941 1021 2972 li-

154 2984 218 3015 beri
243 2987 387 3026 proxime
403 3011 413 3025 ,
438 2986 479 3019 sie
503 2986 572 3027 post
597 2986 711 3017 liberos
733 2984 785 3015 alii
805 3008 814 3022 ,
849 2983 1020 3014 durmnodo

156 3025 290 3069 ejusdem
313 3026 457 3065 familiae,
483 3027 650 3068 possidere,
676 3027 723 3064 ἃ,
750 3033 783 3055 ut
807 3025 924 3065 quique
951 3022 1020 3054 sunt

157 3074 187 3095 in
211 3068 352 3104 proxima
376 3068 578 3108 pollellione,
605 3067 739 3099 haeredes
763 3065 824 3096 cll'e
841 3065 1020 3105 intelligun-

119 3140 121 3143 Α
159 3113 228 3142 tui-3
251 3107 405 3147 eleganter
430 3109 492 3139 hoc
516 3109 651 3141 Tacitus
675 3107 819 3148 expreliit
844 3110 876 3136 cle
909 3107 1019 3136 Moy-ili.

162 3146 302 3190 German.
328 3150 352 3178 C
384 3158 431 3180 20.
465 3150 626 3182 Haerecles,
651 3149 770 3189 inquit,
786 3147 1023 3186 successibusque

152 3188 207 3226 sui
227 3189 330 3227 cuique
352 3189 456 3220 liberi.-
478 3190 514 3224 δ’
536 3190 652 3221 nullum
676 3189 890 3229 testamentum.
938 3189 970 3217 Si
988 3189 1009 3218 li

161 3228 224 3259 beri
240 3236 296 3258 non
312 3228 384 3267 snut
401 3234 556 3269 proximus
577 3234 695 3272 gradus
723 3239 760 3261 iN
786 3238 1020 3266 mssassrom,

1032 962 1157 1002 fratres
1173 985 1182 998 ‚
1204 962 1335 1001 patrui,
1357 961 1513 993 avunculi.
1559 960 1664 993 Habet
1688 959 1759 993 sane
1781 960 1906 993 univer-

1040 1006 1110 1038 sitas
1134 1003 1259 1035 samilia:
1276 1027 1285 1042 ,
1311 1004 1341 1034 ὃ(
1365 1012 1405 1034 ex
1428 1010 1463 1034 ea
1487 1002 1670 1034 succedendi
1692 1001 1742 1042 jus
1759 1026 1769 1042 ,
1800 999 1909 1033 nescio

1040 1045 1115 1087 quid
1138 1044 1236 1076 simile
1258 1054 1330 1075 cum
1354 1054 1392 1075 eo
1412 1068 1421 1083 ,
1447 1045 1531 1085 quod
1562 1043 1729 1075 constituit
1761 1045 1781 1074 1.
1819 1052 1843 1074 1.
1878 1053 1908 1074 2.

1040 1099 1070 1129 3.
1099 1097 1127 1125 4.
1161 1087 1189 1117 ὅ(
1215 1097 1247 1126 5.
1275 1087 1305 1117 C.
1335 1088 1368 1116 de
1398 1086 1578 1117 Haereanat.
1605 1086 1720 1117 Deczzr.
1757 1085 1799 1116 ibi
1823 1084 1910 1115 enim

1040 1127 1183 1170 placuit,
1216 1128 1355 1158 extinfta
1378 1126 1529 1158 societate
1553 1126 1752 1167 cognationis
1783 1125 1909 1156 interla-

1041 1170 1090 1208 ti,
1115 1169 1254 1209 reliquos
1276 1168 1413 1208 ejusdem
1431 1191 1441 1207 ,
1479 1169 1567 1208 cujus
1589 1169 1692 1199 fuerat
1715 1165 1881 1198 defunctus
1899 1189 1910 1205 ‚

1042 1210 1178 1250 Collegii
1203 1210 1370 1251 participes
1395 1209 1567 1241 succedere.
1614 1209 1722 1249 thue
1745 1208 1833 1240 liberi
1858 1217 1911 1249 pa-

1042 1251 1183 1284 rentibus
1199 1275 1209 1290 ‚
1240 1251 1281 1283 fic
1296 1251 1391 1291 ,Rege
1413 1250 1563 1282 defuneto
1592 1250 1609 1291 (
1626 1250 1715 1289 cujus
1730 1273 1739 1288 ,
1772 1248 1795 1281 fi
1818 1250 1910 1280 Sene-

1044 1302 1112 1324 cam
1136 1292 1277 1323 audimus
1300 1292 1370 1323 Lib.
1393 1291 1463 1323 Vll.
1487 1296 1521 1323 de
1550 1292 1676 1330 Berzejic.
1705 1291 1736 1321 C.
1758 1300 1789 1328 4.
1821 1291 1852 1321 in
1877 1299 1911 1320 o-

1044 1334 1129 1366 mnia
1151 1333 1287 1374 potestas
1310 1332 1401 1406 crat&
1424 1333 1540 1374 accipit
1563 1332 1700 1374 populus
1723 1331 1753 1364 δεῖ
1775 1331 1824 1371 §us
1846 1330 1913 1370 sui,

1048 1376 1079 1407 &
1110 1374 1262 1415 integram
1294 1383 1370 1415 pote
1400 1382 1482 1405 atem
1513 1373 1636 1405 suarum
1674 1382 1805 1411 rerum,
1840 1380 1913 1412 qua-

1047 1425 1118 1448 rum
1141 1423 1213 1446 ante
1237 1425 1302 1447 non
1325 1416 1381 1447 nisi
1426 1425 1563 1448 vowwfflr
1599 1415 1751 1457 quandam
1777 1413 1887 1445 habuit
1903 1435 1914 1451 ‚

1050 1466 1118 1498 quae
1141 1466 1158 1487 a
1181 1466 1253 1498 rege
1266 1458 1422 1488 moriente
1444 1456 1591 1488 destituta
1617 1455 1736 1487 tranfiit
1757 1454 1794 1486 ad
1815 1462 1915 1495 popu-

1050 1498 1115 1530 lum
1132 1522 1142 1537 ‚
1175 1499 1227 1538 qui
1251 1498 1296 1529 ita
1319 1505 1452 1530 caeteros
1482 1498 1625 1530 excludit
1641 1520 1651 1536 ,
1693 1497 1766 1538 quia
1795 1505 1828 1527 re
1851 1493 1917 1541 ipsa

1048 1539 1219 1581 possidebat
1260 1540 1414 1580 proxime.
1476 1539 1521 1571 Et
1559 1537 1820 1581 quemadmodum
1856 1538 1916 1568 ier-

1049 1590 1124 1619 vus,
1143 1580 1195 1621 qui
1212 1580 1359 1612 direetam
1376 1581 1553 1612 libertatem
1571 1579 1783 1618 nanciscitur,
1806 1576 1917 1609 defun-

2002 576 2005 590 l

1049 1622 1100 1653 eto
1113 1622 1243 1654 domino
1258 1645 1267 1661 ,
1292 1632 1360 1654 eam
1376 1621 1468 1653 habet
1492 1621 1547 1654 suo
1566 1622 1633 1662 jure
1648 1645 1657 1661 ‚
1683 1628 1718 1651 ut
1742 1629 1781 1652 nc
1806 1629 1844 1650 ue
1862 1619 1918 1650 ali·
1966 1647 1972 1649 A
2004 1660 2008 1667 ⁴

1049 1673 1113 1704 quo
1133 1662 1218 1694 facto
1238 1663 1275 1695 fit
1295 1673 1392 1704 opus,
1424 1663 1467 1694 ita
1492 1664 1522 1694 ἂ
1543 1663 1601 1694 filii
1624 1662 1760 1702 fiiiaeque
1800 1660 1920 1692 amilias

1050 1703 1120 1744 post
1137 1712 1273 1736 mortem
1289 1706 1385 1746 patris
1400 1703 1502 1736 statim
1520 1704 1549 1736 ὃς
1566 1704 1599 1735 vi
1619 1703 1671 1735 sua
1688 1703 1848 1744 accipiunt
1863 1701 1919 1733 do-

1051 1746 1182 1777 minium
1202 1746 1231 1777 &
1251 1746 1468 1787 poss'eiiionem
1493 1755 1623 1784 eorum,
1649 1755 1718 1787 quae
1740 1744 1866 1785 quidem
1890 1742 1922 1774 &

1052 1795 1124 1818 ante
1139 1786 1310 1826 habebant,
1336 1787 1386 1819 sed
1402 1787 1480 1818 vivo
1497 1794 1586 1828 patre
1608 1796 1673 1818 non
1690 1785 1810 1817 libera:
1834 1784 1921 1816 ideo-

1054 1838 1114 1869 que
1130 1837 1230 1869 neque
1240 1828 1306 1859 ullo
1320 1828 1405 1860 fatto
1421 1828 1601 1869 parentibus
1621 1827 1810 1866 succedunt,
1827 1833 1859 1857 at
1875 1825 1921 1865 ju-

1053 1879 1087 1900 re
1104 1868 1171 1908 suo,
1188 1869 1394 1910 quasi&olim
1410 1869 1549 1908 domini,
1568 1877 1603 1900 ut
1619 1868 1702 1900 belle
1718 1867 1813 1899 docet
1834 1868 1843 1897 l
1871 1876 1922 1899 11.

1047 1912 1087 1952 ff.
1111 1913 1144 1942 de
1171 1911 1273 1942 Liber.
1296 1911 1332 1946 &²
1354 1910 1430 1952 post.
1470 1913 1540 1942 haer.
1566 1909 1638 1951 inst.
1665 1910 1695 1942 &
1718 1910 1738 1941 l.
1763 1918 1793 1950 7.
1814 1908 1856 1951 ff.
1887 1910 1924 1941 de

1054 1954 1125 1984 Bon.
1144 1955 1278 1985 dantum.

1096 1995 1309 2026 Similitudine
1323 2002 1427 2027 autem
1443 2005 1460 2027 a
1474 1995 1581 2028 liberis
1605 1994 1726 2036 sumpta
1741 2017 1751 2033 ,
1782 1992 1835 2034 Jus
1858 1993 1922 2025 Ro-

1054 2046 1178 2068 manum
1189 2060 1198 2075 ,
1223 2046 1287 2077 quo
1303 2037 1340 2067 de
1357 2037 1493 2077 agimus,
1524 2037 1674 2068 ,roximos
1688 2042 1835 2076 agnatos,
1847 2043 1926 2066 mox

1055 2077 1188 2118 gentiles
1203 2078 1240 2108 ad
1261 2076 1481 2109 defunctorum
1516 2077 1704 2109 iaereditates
1727 2085 1843 2107 vocare
1865 2085 1924 2107 cae-

1056 2119 1121 2160 pit,
1146 2128 1186 2149 ex
1200 2118 1305 2149 eadem
1323 2128 1434 2159 nempe
1456 2120 1595 2158 ratione,
1619 2117 1674 2149 etfi
1699 2117 1731 2149 in
1752 2116 1837 2148 facto
1861 2126 1926 2149 non

1057 2169 1146 2200 teque
1164 2159 1341 2191 manifesta:
1372 2169 1443 2191 nam
1459 2160 1489 2191 (St
1501 2159 1614 2191 fratres
1628 2166 1717 2190 erant
1738 2159 1927 2196 omnir-eu,

1058 2201 1222 2242 omnisque
1242 2209 1426 2241 agnatorum
1448 2201 1478 2232 δι
1500 2201 1666 2242 gentilium
1691 2199 1771 2231 ordo
1793 2199 1927 2231 eundern

1057 2250 1177 2283 patrem
1194 2242 1324 2273 habebat
1340 2251 1561 2281 communem,
1577 2242 1647 2280 cui,
1673 2241 1703 2272 ὅ(
1718 2240 1790 2272 inde
1806 2240 1926 2281 iis,qui

1057 2294 1096 2315 ex
1119 2293 1158 2313 eo
1183 2283 1245 2314 orti
1270 2282 1338 2314 sunt
1355 2307 1364 2322 ‚
1390 2283 1507 2324 quique
1523 2284 1566 2314 ita
1583 2291 1729 2323 tanquam
1744 2290 1846 2323 partes
1861 2282 1931 2322 eius

1702 2323 1753 2355 Ex
1771 2322 1818 2354 his
1833 2331 1928 2354 nemo

1058 2366 1118 2405 cst,
1145 2366 1197 2406 qui
1213 2375 1276 2396 non
1299 2365 1335 2396 ad
1349 2364 1500 2396 familiam
1525 2365 1703 2406 pertineat,
1736 2364 1767 2396 &
1785 2364 1930 2395 videatur

1059 2409 1153 2439 etiam
1174 2406 1346 2447 polliderc,
1379 2416 1448 2447 qua:
1474 2407 1540 2446 ejus
1564 2405 1635 2437 sunt
1651 2429 1662 2444 ,
1687 2405 1738 2437 sed
1764 2405 1843 2437 alius
1865 2405 1930 2437 alio

1059 2449 1154 2490 prior,
1188 2448 1342 2488 Cognati,
1368 2448 1439 2488 quia
1452 2446 1598 2485 familiae,
1617 2454 1652 2477 ut
1668 2446 1709 2479 fic
1724 2446 1843 2485 dicam,
1860 2455 1929 2487 par-

1062 2491 1174 2530 ticipes
1192 2499 1254 2520 non
1272 2487 1359 2527 1'unr,
1384 2497 1442 2518 nec
1465 2497 1524 2518 una
1544 2487 1716 2528 pollident,
1740 2496 1798 2518 nec
1814 2487 1850 2518 ad
1868 2487 1928 2518 hae-

1492 2528 1623 2568 Loquor
1647 2529 1686 2560 de
1708 2527 1793 2560 Leve
1810 2528 1930 2560 Xviro-

1062 2581 1147 2610 rum,
1173 2571 1276 2612 primo
1299 2568 1391 2600 sonte
1413 2569 1494 2609 juris
1518 2569 1649 2601 Romani
1668 2593 1678 2609 ,
1704 2553 1786 2601 unde
1810 2569 1931 2602 succes-

1063 2612 1156 2645 iioms
1180 2612 1261 2642 ratio
1285 2611 1417 2652 petenda
1434 2634 1443 2649 ,
1476 2612 1505 2641 oc
1529 2610 1590 2641 line
1613 2620 1673 2651 qua
1697 2611 1717 2643 fi
1741 2610 1817 2642 effet
1833 2634 1842 2651 ,
1866 2619 1932 2642 non

1063 2655 1106 2685 ita
1130 2653 1229 2694 palam
1254 2650 1410 2683 constaret
1434 2651 1472 2682 de
1497 2651 1577 2690 illa,
1619 2662 1713 2693 quam
1736 2662 1794 2684 nos
1818 2651 1930 2694 proba-

1600 2692 1605 2698 '
1738 2693 1836 2733 Ajunt
1866 2692 1930 2724 De-

1265 2736 1297 2766 Si
1326 2742 1522 2765 iuri-:s'rri'ro
1549 2742 1711 2766 MORITUR
1728 2758 1737 2775 ‚
1770 2743 1825 2765 ctu
1851 2743 1933 2765 suus

1066 2786 1186 2809 araitins
1211 2785 1278 2807 ivre
1304 2784 1418 2814 rsei'r,
1445 2783 1606 2806 AtiNA'rvs
1631 2785 1806 2807 rumor-ius
1830 2784 1932 2807 FAMI-

1058 2325 1230 2363 liabentur,
1255 2324 1319 2365 pari
1338 2325 1460 2355 ratione
1478 2323 1656 2355 succedunt.

1062 2532 1225 2562 reditatum
1250 2529 1316 2560 Lex
1341 2537 1446 2559 vocat.

1064 2705 1149 2734 mus,
1184 2693 1366 2725 succedendi
1393 2692 1482 2723 causa
1507 2694 1535 2723 ὅ(
1560 2694 1691 2733 origine.

1064 2745 1195 2767 CCffiVll'l
1212 2747 1218 2766 :

1065 2827 1153 2850 LIAM
1180 2826 1338 2854 liniti-vro,
1364 2825 1390 2847 si
1420 2824 1579 2846 ACNATL'S
1605 2825 1671 2847 NEC
1697 2825 1793 2848 ESCIT
1811 2839 1820 2856 5
1847 2824 1931 2847 GEN-

1065 2868 1156 2890 Tuas
1180 2866 1356 2889 FAMIMAM
1385 2865 1503 2887 HAERES
1537 2865 1730 2896 wnscr'ron,
1762 2865 1797 2888 ut
1822 2857 1932 2898 Ulpia-

1065 2910 1122 2931 nus
1141 2900 1206 2929 naec
1222 2898 1330 2928 retulit
1348 2901 1427 2938 arud
1445 2897 1641 2928 Collatoiem
1670 2898 1731 2930 LL.
1756 2897 1890 2930 Mosaic.
1902 2898 1933 2930 &

1066 2941 1195 2972 Roman.
1230 2939 1291 2969 ’[ιι.
1318 2940 1369 2968 ult,
1398 2940 1448 2969 loc.
1472 2948 1501 2976 4.
1535 2939 1564 2969 ἐξ
1582 2947 1695 2978 praeter
1712 2939 1883 2980 Ulpianum
1899 2948 1930 2969 a·

1066 2982 1109 3013 lii.
1158 2981 1281 3012 Vocant
1299 2978 1419 3010 seilicet
1439 2978 1511 3011 xli.
1531 2979 1635 3011 'sabb
1653 2989 1802 3022 agnatos,
1828 2981 1856 3011 ἃ
1879 2979 1930 3010 de-

1064 3022 1135 3053 inde
1158 3021 1292 3062 gentiles
1314 3019 1447 3051 exciulis
1469 3021 1612 3061 cognatis
1627 3045 1636 3060 ,
1676 3021 1730 3053 nisi
1761 3019 1820 3052 fint
1850 3021 1932 3052 inter

1064 3063 1206 3104 gentiles.
1253 3061 1317 3092 Cui·
1335 3071 1429 3099 vero,
1454 3062 1507 3092 nili
1527 3061 1610 3102 quod
1628 3062 1773 3103 cognati,
1793 3062 1868 3093 licet
1882 3072 1931 3093 or-

1065 3104 1087 3135 ti
1104 3113 1143 3134 ex
1161 3113 1219 3141 eo,
1244 3102 1281 3132 de
1298 3102 1386 3141 cujus
1404 3101 1587 3134 [hereditate
1601 3102 1768 3144 quaeritur,
1794 3103 1873 3134 nihil
1889 3111 1931 3135 ta-

1066 3154 1135 3176 ιῃςῃ
1159 3156 1351 3172 mmmm-⁴
1377 3143 1488 3173 halvere
1503 3144 1686 3184 credantur,
1711 3154 1806 3196 quum
1823 3153 1932 3175 eorum

1066 3193 1209 3226 parentes
1223 3194 1263 3215 cx
1283 3183 1403 3215 familia
1419 3183 1557 3215 defuncti
1575 3185 1737 3217 exierint?
1762 3185 1870 3225 utique
1886 3184 1931 3215 ni-

1068 3227 1131 3266 nil,
1158 3236 1229 3257 cum
1248 3225 1367 3268 agnatis
1382 3225 1401 3256 ri
1421 3234 1653 3266 comparentur.
1686 3225 1875 3258 Admittitur
1890 3224 1931 3256 sa-

1893 3275 1934 3298 ne
