2008 3436
186 121 254 154 ΒΗ-

189 189 217 230 §.
248 198 294 227 17.
320 199 412 229 quem
432 189 653 229 servarejubet
673 189 700 219 α’.
727 186 753 228 §.
782 196 828 227 13.
875 184 991 216 Verum
1008 183 1049 214 ita

188 230 388 262 confirmatio
408 231 608 271 intelligenda
627 228 670 260 est
684 253 692 267 ‚
719 238 757 259 ne
776 227 972 258 subvertatur
986 226 1048 262 lex,

189 281 257 312 quae
284 282 368 303 nova
391 272 546 302 conditur.
594 269 780 302 Prudentius
806 266 894 298 Frisii
915 290 924 305 ‚
965 266 1016 302 qui
1040 288 1049 302 ,

192 322 264 343 cum
282 311 533 353 eundem§.17.
561 312 649 343 Libro
672 310 695 340 1.
722 308 781 340 Tic.
808 308 833 339 Ι.
858 308 887 349 §.
910 311 939 338 6.
966 306 1001 341 ὃ)
1020 316 1050 345 7.

192 353 444 395 Legzivnsimrim
469 353 689 384 consrinarent
706 373 715 387 ,
749 357 965 389 expunxerunt
998 347 1051 378 ilia

193 396 310 433 verba,
335 405 402 432 quae
421 395 462 426 ibi
482 364 624 429 wisant,
649 392 682 430 of
697 400 757 421 van
777 392 809 421 de
825 387 924 429 meefte
943 388 1052 419 Vri'en-

190 437 246 466 tien
261 446 296 466 eii
325 436 463 477 flingen,
487 443 619 475 quorum
643 440 744 463 tamen
770 431 841 462 loco
871 430 951 461 ratio
973 428 1052 469 juris

190 475 297 508 Frisici
315 477 508 518 postulabat,
533 483 566 506 ut
585 482 706 504 tutores
723 471 924 503 inseruissent.

234 517 382 550 Ceterum
398 519 425 548 tl.
451 516 478 557 ἓ.
509 525 554 555 17-
580 514 710 545 omnino
728 513 780 543 lex
800 510 981 553 imperil-&a
994 510 1051 548 est,

193 568 263 598 quae
281 569 341 590 noti
361 557 510 588 rescindit
526 579 534 594 ,
559 555 608 587 sed
634 555 786 585 duntaxat
812 553 901 594 punit
917 552 1050 592 nuptias,

192 599 254 631 fine
273 597 424 631 consensu
440 606 566 634 eorum,
592 598 645 637 qui
666 595 707 626 ibi
726 603 939 626 memorantur
952 617 961 631 ,
986 592 1050 624 fac-

195 647 261 678 tas,
285 641 363 671 nibil
383 640 478 679 igitur
495 637 630 679 pertinet
647 637 683 667 ad
701 634 820 666 causam
841 634 932 676 ipsius
950 633 1056 676 matri-v

195 682 303 712 monii.
348 681 496 711 Attamen
517 677 586 719 post
605 680 632 709 (Ι.
658 676 684 718 §.
710 687 740 718 3.
774 676 864 708 Polli.
901 676 975 706 01ιί.
998 675 1057 705 11οι

192 722 302 761 git-etis
328 721 506 758 tutoribus,
533 719 649 758 etiam,
676 727 710 748 ut
735 717 823 758 supra
848 716 1021 748 indicabam
1041 737 1052 752 ,

194 772 300 801 peenas
329 761 443 793 ccffare
471 761 612 792 arbitror.
659 758 866 791 Contradices
898 757 985 788 forte
1012 765 1053 787 ex

194 803 366 840 sententia,
392 812 482 841 quain
514 811 563 833 21.
591 801 668 840 Mai.
693 809 774 831 anno
797 804 886 839 1580.
911 799 972 829 1100
989 797 1053 835 est,

194 844 342 883 (ἴω-113111
358 843 432 874 esset
449 843 497 883 jus
519 852 638 874 novum
665 842 692 872 d.
719 840 747 881 ᾗ.
772 851 802 881 3.
849 839 945 871 Curia
971 838 1053 870 Hol-

195 885 305 917 landise
322 885 422 923 dixit,
448 886 476 915 ὅ(
493 894 552 925 qua
569 883 617 921 ei,
643 882 696 923 qui
717 882 869 912 minorem
893 880 1054 911 mulierem

195 926 258 957 fine
275 934 479 967 cognatorum
496 932 698 964 tutorumque
717 923 885 953 voluntate
901 921 1055 959 duxerat,

195 967 232 997 ab
257 977 291 997 ca
315 968 481 1008 quicquam
508 966 668 1006 acquirere
685 964 882 995 interdistum
902 962 946 994 est
968 962 1053 1002 (2).

195 1008 254 1039 Sed
274 1008 354 1040 (11613
376 1007 439 1039 fuit
457 1016 492 1038 ca
519 1005 669 1038 sententia
684 1005 713 1036 in
734 1014 785 1042 10,
808 1013 876 1045 quae
891 1004 952 1044 jam
973 1013 1055 1034 anno

199 1058 287 1089 1577.
313 1049 493 1086 acciderat,
523 1049 552 1079 ὅ(
578 1047 609 1078 111
632 1056 691 1087 qua
717 1046 785 1085 jure
812 1044 940 1085 antiquo
972 1043 1055 1076 usam

196 1090 289 1121 fuisse
306 1090 431 1122 Curiam
449 1090 499 1131 qui
516 1088 698 1125 mirabitur,
724 1096 816 1118 nemo
833 1085 886 1117 est.
933 1084 1056 1117 Deinde

198 1131 228 1162 111
244 1132 297 1163 illa
315 1131 402 1164 eausa
423 1131 551 1162 maritus
568 1128 742 1166 fatebatur,
768 1126 829 1158 sese
846 1136 919 1158 ante
934 1126 1056 1166 nuptias

197 1172 321 1213 paetum
340 1170 572 1213 interposuiss‘e,
596 1170 675 1201 niliil
692 1167 720 1200 se
737 1169 774 1199 ab
794 1168 848 1200 illa
864 1168 990 1207 muliere
1012 1176 1055 1199 es-

197 1212 229 1246 se
245 1213 477 1255 acquisiturum.

240 1254 338 1295 Igitur
360 1255 432 1295 Jure
464 1253 658 1286 Hollandico
695 1251 725 1283 iri
759 1250 877 1291 nuptiis
903 1250 1059 1281 minorum

197 1296 364 1328 3061011133
383 1303 522 1326 tutorum
541 1295 630 1334 plane
655 1302 717 1324 non
740 1292 948 1329 desideratur,
973 1291 1002 1322 ὃ(
1018 1300 1058 1321 ex

198 1348 233 1369 ea
254 1338 359 1377 regula
385 1337 461 1367 olim
488 1335 660 1366 efficiebam
684 1356 693 1370 ‚
718 1334 874 1371 minores,
907 1331 992 1372 quod
1022 1331 1059 1362 ad

198 1379 343 1418 nuptias,
367 1377 457 1418 plane
482 1375 617 1415 suijuris
641 1374 726 1413 esse,
751 1375 780 1406 δε
806 1383 864 1414 pro
891 1373 1059 1413 majoribus

199 1419 375 1456 habendos,
400 1426 492 1458 atque
516 1418 559 1448 ita
587 1427 625 1449 ex
649 1415 761 1456 sponsu
786 1415 938 1454 obligari,
965 1414 994 1445 ὅ(
1023 1414 1059 1445 ad

200 1460 389 1500 implendam
407 1458 600 1490 matrimonii
616 1457 707 1489 fidem
725 1457 795 1497 cogi
813 1455 910 1497 poffe.
954 1455 1012 1486 Sed
1025 1464 1061 1485 ea

201 1501 354 1533 sententia
372 1500 504 1541 amplius
519 1509 582 1531 non
599 1507 681 1530 utor.
708 1498 824 1529 Verum
841 1496 983 1538 equidem
1003 1495 1058 1534 est,

199 1552 238 1574 ex
255 1541 366 1583 sponsu
384 1541 476 1572 hodie
491 1541 528 1572 ad
544 1540 668 1581 nuptias
685 1539 731 1580 agi
751 1538 856 1579 poss'e,
869 1538 919 1569 sed
937 1537 958 1569 si
975 1536 1062 1578 spon-

197 1584 289 1615 deant
305 1583 454 1622 majores;
478 1582 509 1614 Si
535 1582 688 1619 minores,
716 1580 829 1611 babent
847 1579 914 1617 illi,
941 1588 1005 1618 quo
1031 1577 1061 1609 se

199 1624 388 1663 defendant,
415 1623 612 1664 privilegium
629 1621 749 1659 aetatis,
770 1630 830 1652 nec
847 1628 926 1661 puto
947 1620 977 1650 id
987 1620 1060 1650 ami-

198 1666 265 1699 11110
283 1666 313 1697 111
331 1665 533 1696 matrimonio
546 1687 556 1701 ‚
580 1673 611 1694 re
628 1663 706 1694 tanti
724 1662 876 1693 momenti
889 1683 899 1699 ,
922 1670 960 1692 eo
974 1660 1059 1701 ipso,

201 1707 284 1748 quod
307 1707 337 1737 in
362 1715 400 1736 eo
429 1705 644 1737 contrahendo
667 1702 817 1735 consensu
834 1711 976 1734 tutorum
997 1711 1061 1733 non

200 1755 322 1789 egeant.
367 1746 546 1784 Novimus,
568 1754 659 1787 quain
682 1745 717 1776 iit
735 1744 893 1776 ‘lubricum
920 1744 949 1775 ὅ(
965 1742 1059 1783 fragi-

199 1790 230 1821 le
253 1790 408 1820 minorum
428 1787 598 1827 judicium,
623 1795 713 1828 quam
741 1785 776 1817 sit
794 1794 829 1816 03
848 1793 922 1816 aetas
940 1784 1058 1825 exposi-

199 1838 230 1862 ta
254 1829 428 1867 illecebris,
453 1827 568 1860 insidiis
597 1828 626 1860 8(
655 1826 947 1859 machinationibus.
993 1825 1058 1857 Mi-

199 1881 278 1910 nor,
303 1870 343 1902 sic
362 1870 402 1902 sic
420 1869 617 1910 pubertatem
637 1868 805 1911 ingressus,
831 1867 911 1898 haud
928 1866 1059 1898 difficul-

202 1919 249 1943 ter
273 1912 330 1944 tibi
359 1911 483 1952 nuptias
510 1911 677 1952 promittet
693 1932 704 1947 ,
734 1908 754 1941 si
783 1917 818 1939 tu
843 1909 870 1940 01
897 1908 1061 1949 promittas

200 1963 296 1994 poma
320 1953 349 1985 &
373 1961 468 1994 pyra,
499 1952 637 1992 aliasque
662 1950 852 1991 quisquilias.
898 1950 931 1982 Si
954 1950 983 1980 in
1006 1948 1059 1980 bo-

200 2004 259 2026 nos
277 2003 398 2025 tutores
412 1993 596 2032 inciderint,
623 1993 652 2024 8(
676 1991 785 2031 majori
806 1991 968 2022 molimine
982 1999 1062 2030 opus

201 2036 262 2074 sit,
292 2035 428 2066 animum
452 2034 575 2074 juvenis
601 2032 743 2074 praesenti
768 2033 923 2073 pecunia,
948 2031 1063 2073 puellae

201 2076 390 2114 ornamentis
407 2075 607 2107 muliebribus
623 2074 821 2115 expugnabis.
868 2073 1066 2106 Paratamois

201 2117 334 2158 sponsio
351 2115 404 2147 est.
451 2116 527 2156 Ejus
550 2115 670 2147 consilii
697 2115 799 2146 minor
823 2114 978 2155 poeniterc
998 2122 1060 2144 non

201 2158 342 2200 poterit,
366 2157 386 2189 11
415 2166 432 2187 0
454 2166 487 2188 10
511 2156 561 2188 sua
585 2156 646 2187 ess'e
667 2154 918 2187 existimaverit?
942 2154 1062 2198 Quidni

202 2199 325 2241 possit?
357 2198 469 2230 Minor
496 2197 604 2238 utique
629 2196 699 2238 est,
732 2197 761 2227 ὅ(
789 2196 940 2237 quicquid
969 2203 1064 2236 agunt

201 2241 357 2278 minores,
382 2238 449 2280 ipso
466 2239 534 2279 jure
550 2238 671 2270 nullum
691 2236 755 2274 011,-
776 2247 876 2278 110(100
893 2237 976 2268 enim
996 2245 1062 2277 pei·-

203 2281 291 2313 sonas
312 2280 363 2312 vel
394 2289 443 2311 res
476 2279 542 2311 suas
574 2279 713 2320 obligare
741 2277 868 2319 possunt
888 2300 899 2317 ‚
934 2285 1065 2317 excepta

203 2322 294 2353 causa
311 2321 427 2353 deijfiti.
471 2321 522 2353 Sic
538 2321 576 2352 de
593 2320 663 2360 Jure
692 2319 884 2351 Hollandico
899 2318 1064 2359 respondet

205 2363 338 2395 Grotius
356 2361 512 2394 Introduc?
538 2363 576 2393 ad
592 2361 723 2402 Jzirispr.
751 2360 835 2392 Holl.
860 2360 901 2392 L.
927 2359 949 2391 l.
975 2360 1006 2390 C.
1033 2363 1062 2393 8.

204 2405 247 2452 ss.
272 2405 305 2436 de
333 2403 573 2446 Minderjarige,
599 2404 629 2434 dc
656 2403 726 2433 idco
754 2411 862 2433 verum
889 2400 959 2441 est,
993 2401 1063 2441 quia

202 2447 256 2478 iub
276 2453 424 2486 pei-petua
440 2445 538 2476 tutela
556 2443 626 2475 sunt
643 2443 680 2475 ad
701 2451 813 2474 annum
830 2442 940 2474 XXV.
976 2442 1061 2487 Qua-

200 2497 236 2518 re
256 2496 319 2518 non
338 2486 433 2527 magis
451 2485 650 2526 obligantur,
674 2494 766 2525 quam
790 2484 963 2525 impuberes
983 2482 1065 2524 apud

203 2528 388 2559 Romanos:
427 2526 557 2567 puberes
581 2535 618 2557 an
646 2526 675 2557 ὂ(
702 2525 963 2567 quemadmodum
984 2523 1065 2565 apud

204 2569 364 2600 Romanos
380 2568 615 2608 obligarentur,
629 2566 693 2598 five
711 2574 889 2598 curatorem
905 2566 1066 2602 haberent,

205 2609 269 2641 sive
284 2618 347 2640 non
372 2608 540 2646 haberent,
565 2607 640 2647 quin
661 2608 712 2639 vel
738 2608 777 2638 de
801 2606 865 2638 sola
888 2607 907 2638 l.
936 2615 1006 2639 101.
1022 2605 1064 2646 ff.

204 2651 238 2681 de
260 2649 301 2682 V.
331 2649 371 2680 O.
395 2648 515 2690 prolixa
539 2647 714 2688 disputandi
733 2648 876 2680 materies
893 2647 990 2683 esset,
1015 2647 1066 2678 sed

204 2692 242 2722 ad
260 2691 332 2731 Jus,
355 2699 419 2731 quo
436 2689 528 2721 hodie
549 2690 683 2726 utimur,
710 2687 776 2719 haee
805 2697 869 2719 non
883 2688 1063 2728 pertinent,

205 2734 234 2764 ὅ(
250 2732 374 2773 pcii'imc
392 2730 488 2771 vulgo
506 2729 750 2761 confunduntur.
794 2728 846 2767 Si,
872 2738 940 2769 quae
963 2728 1065 2760 minor

204 2783 288 2804 nunc
315 2772 491 2810 contrahit,
516 2771 631 2811 absque
655 2769 781 2801 31161010
810 2778 935 2807 tutore,
961 2769 992 2800 in
1021 2778 1064 2800 re-

207 2814 265 2846 bus
292 2813 479 2855 pecuniariis
503 2811 632 2852 aliisque
661 2811 789 2843 minoris
807 2810 960 2842 momenti
980 2809 1065 2841 nulla

205 2855 291 2896 fint',
324 2864 362 2885 an
385 2854 525 2886 dicemus
553 2851 710 2884 subfisteie
732 2852 763 2883 in
791 2849 982 2890 sponsalibus
998 2874 1007 2889 ,
1032 2860 1065 2882 re

205 2905 297 2938 quam
314 2895 442 2928 maximi
458 2893 635 2927 momenti?
657 2892 728 2935 Ego
745 2901 809 2925 non
825 2890 919 2928 aufim
934 2891 1062 2932 dicere,

244 3034 305 3070 (2)
327 3033 415 3073 Decis.
436 3034 524 3064 Mixt.
539 3036 599 3070 158.

242 3072 300 3109 (3)
323 3074 535 3109 Groenewegen
564 3073 594 3100 de
621 3072 684 3101 LL.
712 3072 813 3109 Abng.
845 3069 879 3099 ad
900 3070 918 3098 1.
939 3076 963 3097 x.
987 3067 1015 3096 C.
1036 3067 1066 3096 de

201 3109 359 3182 {effluxi-lisa
367 3110 418 3154 fin.
440 3111 466 3141 ὅ(
482 3112 545 3141 Van
559 3110 797 3151 LeeuwenVCens.
815 3107 917 3146 Forens-
936 3107 972 3139 L.
989 3108 1012 3138 1.
1034 3105 1057 3135 C

1106 3141 1142 3179 &1⁵

481 107 881 145 CORNELII
930 114 1034 141 vriN
1084 102 1676 140 BYNKERSHOEK

1091 193 1162 214 cum
1180 184 1321 224 expressa
1338 183 1523 215 auctoritate
1537 182 1613 222 juris
1626 182 1844 220 destituamur,
1868 186 1895 217 ὅ(
1911 196 1945 220 ea

1091 227 1238 265 exceptio
1254 235 1402 265 nusquam
1417 247 1427 262 ‚
1451 225 1534 264 quod
1562 222 1653 255 sciam
1666 247 1674 261 ‚
1700 226 1810 256 tradita
1828 225 1873 257 lit.
1895 227 1946 262 Sin

1092 265 1172 310 ajas,
1196 267 1228 299 in
1253 265 1445 307 sponsalibus
1473 265 1691 296 contrahendis
1717 265 1868 297 minorem
1885 277 1945 302 non

1093 306 1233 345 indigere
1252 306 1403 339 consensu
1426 307 1558 343 tutoris,
1584 305 1737 345 agnosco,
1766 305 1814 336 sed
1832 316 1869 338 eo
1886 317 1946 341 ma-

1094 347 1140 387 gis
1158 351 1186 379 le
1208 349 1345 379 tuebitur
1362 347 1517 379 beneficio
1545 347 1662 385 aetatis,
1686 346 1707 378 si
1727 345 1756 378 se
1774 347 1876 379 laesum
1896 358 1948 389 pu.

1095 396 1151 419 tet.
1197 388 1273 420 Noli
1291 389 1429 428 objicere
1443 412 1452 426 ‚
1477 388 1569 418 etiam
1591 386 1764 419 testamenti
1780 388 1946 424 factionem

1094 430 1220 461 maximi
1249 431 1402 461 momenti
1431 439 1496 460 10111
1521 428 1600 467 0110,
1627 429 1656 460 ὅ(
1675 437 1740 458 eain
1762 437 1863 460 tamen
1884 439 1953 470 pera

1093 470 1177 501 mitti
1200 470 1372 502 minoribus
1399 470 1455 502 sno
1480 469 1615 510 ipsorum
1640 469 1793 508 arbitrio,
1825 480 1893 503 nam
1917 472 1947 506 in

1094 510 1282 542 testamento
1307 512 1409 542 minor
1431 510 1462 543 se
1480 521 1544 542 non
1571 511 1712 551 obligat,
1736 511 1765 542 ὅ(
1797 511 1835 541 (10
1861 511 1948 546 rebus

1093 551 1153 584 suis
1168 562 1229 583 non
1249 551 1353 584 statuit
1373 552 1427 584 nifi
1446 552 1515 594 post
1533 560 1667 583 mortem
1686 550 1787 590 suam,
1815 552 1844 583 ὃ(
1857 557 1954 593 quan„

1095 593 1264 633 docunque
1294 593 1397 631 velit,
1439 592 1655 624 testamentum
1694 591 1780 624 suum
1811 601 1952 633 revocata

1095 634 1245 665 Pubertas
1263 635 1293 666 in
1309 633 1452 666 masculis
1473 634 1502 665 &
1517 633 1653 665 femellis
1670 633 1855 666 testamento
1875 643 1954 668 con-¹

1095 675 1196 706 dendo
1214 674 1327 707 sufficit
1339 700 1347 714 ,
1373 675 1424 706 sed
1446 674 1466 706 si
1483 675 1641 714 aliquanto
1660 675 1805 714 majorem
1816 683 1950 716 aetatem,

1095 726 1164 756 quae
1183 717 1332 748 maturius
1347 716 1500 756 judicium
1514 714 1634 754 adfert,
1651 716 1738 756 leges
1755 715 1953 750 Hollandicae

1095 757 1320 795 desiderarent,
1343 758 1440 798 magis
1456 757 1683 796 repellerentur
1702 757 1791 788 corvi
1814 756 1952 798 hiantes,

1097 799 1127 830 &
1147 806 1197 829 tot
1215 798 1359 831 clausulis
1374 797 1582 838 derogatoriis
1603 807 1665 829 non
1679 798 1958 832 interverterentun

1096 840 1192 871 libera
1219 840 1375 871 minorum
1404 838 1528 878 judicia.
1574 838 1691 870 Verum
1723 839 1755 870 id
1783 839 1958 881 optandum

1097 881 1219 922 potius,
1244 890 1335 922 quam
1352 879 1590 921 exspectandum
1610 879 1664 912 cst.
1954 898 1958 906 s

1138 922 1199 953 Sed
1214 921 1266 953 fac
1285 922 1436 953 minorem
1447 944 1456 959 ‚
1482 929 1517 952 ut
1531 921 1623 952 decet
1634 945 1643 957 ,
1667 921 1855 954 consuluisse
1870 924 1960 954 tuto-'t

1098 972 1162 995 rein
1178 962 1217 994 de
1233 962 1422 1005 sponsalibus
1439 963 1680 1001 contrahendis,
1693 963 1733 995 ιδ(
1750 963 1815 1004 ipso
1832 959 1960 996 auctore

1098 1014 1134 1035 ea
1163 1003 1370 1043 contraxisse,
1395 1004 1512 1040 adhuc,
1536 1003 1558 1035 fi
1581 1003 1670 1036 laesus
1691 1004 1747 1038 fit.
1773 1012 1880 1035 utetur
1895 1005 1961 1046 pri-¹

1099 1045 1218 1085 vilegio
1243 1046 1361 1077 aetatis:
1386 1055 1456 1076 nain
1481 1045 1552 1085 Jure
1575 1044 1719 1076 Romano
1745 1045 1825 1077 salva
1844 1044 1888 1077 est
1901 1045 1964 1077 mid

1098 1087 1166 1118 nori
1195 1085 1351 1117 restitutio
1379 1087 1409 1117 in
1436 1087 1593 1126 integrum
1611 1109 1621 1125 ‚
1652 1086 1769 1118 etiamsi
1796 1094 1882 1118 tutor
1907 1085 1966 1120 vel·

1099 1136 1224 1159 curator
1242 1127 1464 1166 intervenerit,
1490 1128 1519 1158 ὅ(
1537 1128 1581 1158 ita
1602 1137 1725 1168 quoque
1747 1127 1819 1167 Jure
1839 1126 1966 1160 nostraiv

1100 1167 1191 1199 Unde
1228 1167 1358 1200 Grotius
1397 1167 1515 1208 scripsit
1559 1168 1671 1200 Introd.
1713 1169 1750 1199 ad
1783 1168 1965 1210 Jurispruda

1100 1208 1184 1240 Hali.
1210 1209 1249 1240 L.
1275 1208 1330 1240 Ill.
1353 1210 1386 1240 C.
1409 1213 1461 1247 48.
1486 1208 1530 1249 ‹tfi
1574 1209 1632 1240 Dic
1655 1211 1681 1240 is
1698 1210 1788 1248 'niet‚
1810 1208 1876 1249 ipso
1913 1209 1960 1240 ui-

1101 1250 1171 1280 dem
1193 1250 1260 1288 jure
1287 1250 1390 1281 nullos
1414 1249 1474 1279 effe
1497 1250 1691 1288 conti-attus,
1716 1260 1732 1281 3
1747 1252 1867 1282 minore
1904 1259 1970 1282 ine-¹

1103 1290 1261 1321 tutoribus
1277 1289 1400 1331 initos*
1417 1289 1467 1320 sed
1483 1289 1503 1321 si
1519 1289 1550 1320 hi
1578 1291 1719 1322 30610103
1734 1290 1871 1328 fuerint,
1894 1299 1968 1324 nont

1102 1331 1157 1363 nisi
1172 1332 1270 1372 petita
1289 1331 1319 1362 in
1337 1331 1493 1372 integrum
1523 1329 1722 1361 restitutione
1742 1330 1870 1362 rescindi
1887 1339 1969 1372 pos--

1102 1371 1141 1404 se.
1189 1371 1284 1415 Quod
1312 1372 1340 1404 ὅ(
1367 1372 1404 1403 ad
1428 1370 1578 1412 sponsalia
1601 1370 1757 1403 transfero
1775 1395 1784 1410 ,
1813 1371 1867 1403 nifi
1891 1372 1967 1413 quis:

1103 1415 1324 1454 exceptionem
1342 1413 1465 1453 probet.
1509 1411 1614 1458 Quum
1635 1420 1739 1444 autem
1755 1412 1840 1444 nulla
1859 1412 1896 1444 sit
1914 1422 1961 1445 re·

1103 1454 1226 1487 stitutio
1251 1454 1282 1486 in
1308 1454 1462 1495 integrum
1482 1453 1596 1493 absque
1614 1453 1761 1491 laefione,
1783 1453 1906 1492 fateor,
1927 1453 1960 1487 in

1103 1494 1293 1536 sponsalibus
1318 1495 1397 1526 lianc
1422 1494 1591 1526 difficulter
1613 1495 1736 1535 probari
1761 1493 1868 1536 posse,
1889 1504 1973 1530 narn',

1103 1546 1166 1568 non
1183 1536 1237 1569 nili
1255 1545 1308 1578 per
1326 1534 1563 1576 consequentias
1582 1536 1614 1568 in
1638 1536 1676 1568 iis
1692 1535 1795 1577 agitur
1810 1536 1848 1567 de
1861 1544 1894 1567 re
1911 1544 1961 1577 pe-

1103 1578 1251 1609 cuniaria.
1297 1576 1409 1649 Dispar
1430 1576 1574 1608 conditio
1602 1575 1801 1618 personarum
1818 1600 1828 1616 ,
1859 1575 1969 1618 dispar

1103 1619 1251 1657 fortuna,
1273 1618 1330 1649 vix
1382 1618 1454 1649 odie
1478 1617 1595 1656 nuptiis
1619 1617 1843 1658 impedimento
1872 1617 1961 1658 sunt,

1105 1660 1155 1692 sed
1175 1660 1326 1701 quicquid
1347 1660 1412 1700 ejus
1432 1659 1474 1690 rei
1495 1658 1539 1690 est
1552 1681 1563 1697 ,
1584 1659 1701 1699 Judicis
1725 1659 1852 1690 arbitrio
1871 1659 1962 1691 relin-

1104 1701 1272 1742 quendum*
1318 1700 1471 1747 Quamvis
1491 1708 1595 1731 autem
1615 1701 1654 1732 de
1668 1699 1740 1740 Jure
1755 1699 1899 1732 Romano
1909 1699 1962 1731 hic

1103 1752 1167 1779 non
1183 1752 1268 1784 agam
1279 1765 1290 1781 ,
1314 1750 1417 1774 tamen
1433 1750 1494 1773 non
1514 1742 1747 1779 animadverto,
1771 1750 1825 1773 cui·
1841 1750 1903 1773 non
1921 1749 1960 1772 eo

1102 1784 1189 1824 jure,
1211 1793 1272 1824 quo
1299 1783 1468 1814 3061011133
1491 1783 1646 1814 curatoris
1672 1782 1709 1814 ad
1730 1782 1853 1822 nuptias
1872 1782 1964 1823 plane

1103 1823 1269 1856 necell'aria
1291 1834 1355 1855 non
1372 1823 1435 1862 est,
1459 1823 1561 1854 minor
1585 1821 1728 1855 adversus
1746 1821 1916 1863 sponsalia,
1939 1821 1963 1856 fi

1104 1865 1134 1897 se
1152 1864 1258 1897 laesum
1276 1865 1410 1906 probet,
1435 1874 1460 1895 ae
1486 1873 1524 1895 ue
1538 1887 1547 1902 ,
1571 1864 1726 1897 beneficio
1744 1865 1864 1903 aetatis,
1887 1873 1966 1905 pos-1

1102 1906 1140 1939 fit
1164 1906 1304 1944 restitui,
1327 1915 1421 1947 atque
1447 1874 1593 1939 adversus
1622 1914 1731 1939 omnes
1757 1905 1932 1938 contractus
1947 1925 1962 1945 ,

1103 1947 1157 1980 fibi
1177 1947 1353 1980 damnosos.
1833 1963 1837 1969 ·

1147 1989 1206 2020 Sed
1232 1989 1321 2026 haec,
1345 1998 1414 2030 quae
1439 1988 1502 2021 dixi
1524 1988 1564 2019 de
1589 1985 1661 2026 Jure
1687 1987 1898 2026 Hollandic0‚
1921 1996 1962 2020 an

1105 2040 1158 2071 pei·
1175 2029 1377 2060 austoritates
1393 2029 1423 2061 ὅ(
1440 2038 1486 2061 103
1500 2028 1650 2069 judicatas
1676 2030 1812 2062 obtineri
1830 2028 1962 2070 poffint,

1105 2071 1274 2103 videamus.
1320 2070 1399 2102 Sunt
1424 2068 1576 2101 Hollandi
1603 2068 1696 2111 (3),
1721 2071 1770 2111 qui
1789 2068 1972 2111 sponsalia„

1104 2112 1255 2144 aminore
1277 2110 1456 2149 0011113613,
1479 2110 1675 2151 simpliciter,
1700 2111 1852 2144 beneficio
1876 2109 1963 2142 resti-

1106 2153 1236 2185 tutionis
1252 2152 1283 2183 in
1301 2152 1457 2194 integrum
1473 2151 1603 2184 rescindi
1625 2152 1711 2192 poll'e
1725 2151 1874 2190 censent,
1898 2160 1964 2184 nou

1105 2193 1348 2235 distinguentes,
1373 2201 1477 2225 utrum
1503 2201 1630 2224 curator
1651 2193 1882 2232 intervenerit,
1905 2197 1965 2224 nec·

1106 2245 1155 2268 ne.
1200 2231 1290 2266 Alius
1313 2233 1409 2280 (¹4),
1433 2233 1451 2265 s
1469 2233 1605 2271 onsalia,
1629 2243 1645 2265 a
1663 2235 1812 2272 minore,
1833 2243 1896 2266 non
1911 2233 1962 2266 ad-

1107 2276 1212 2309 hibito
1236 2283 1351 2308 tutoris
1374 2285 1435 2307 con
1451 2275 1543 2314 011111,
1569 2275 1745 2314 contracta,
1769 2275 1832 2307 ess'e
1856 2274 1979 2311 nulla„

1107 2316 1367 2358 quemadmodum
1387 2317 1416 2348 δ’(
1433 2316 1564 2348 Senatus
1588 2316 1754 2357 Supremus
1772 2317 1802 2348 in
1822 2325 1857 2348 ea
1874 2314 1965 2347 causa

1107 2357 1261 2399 judicavit
1288 2367 1335 2389 11.
1360 2356 1450 2389 Febr.
1490 2360 1576 2397 1676.
1604 2357 1698 2389 etiam
1721 2366 1792 2388 cum
1815 2357 1846 2388 id
1866 2356 1965 2398 pai-tin

1107 2398 1243 2431 adversae
1263 2398 1435 2430 advocatus
1450 2407 1513 2430 non
1532 2398 1649 2430 invitus
1661 2398 1820 2430 videretur
1837 2396 1964 2429 consen-

1109 2441 1168 2472 tire
1178 2463 1189 2478 ,
1202 2449 1272 2472 nam
1289 2440 1339 2480 qui
1354 2449 1411 2481 pro
1426 2440 1529 2482 puella
1544 2439 1654 2480 agebat
1672 2446 1781 2470 contra
1798 2437 1948 2469 minorem

1107 2482 1201 2523 petiit
1218 2481 1342 2526 nuptias
1359 2488 1413 2512 aut
1431 2480 1619 2522 virginitatis
1637 2478 1747 2510 occisae
1764 2478 1918 2519 pretium,
1940 2461 1964 2511 ii

1108 2522 1145 2554 ad
1160 2530 1284 2562 nuptias
1302 2521 1406 2553 valida
1420 2530 1482 2553 non
1503 2520 1579 2552 effet
1595 2519 1695 2556 aetio,
1720 2519 1748 2550 ὅ(
1771 2519 1895 2557 nuptias
1912 2528 1980 2601 pen

1109 2564 1161 2595 tiit
1176 2562 1291 2603 frigide
1312 2562 1398 2603 (5).
1441 2560 1513 2600 Est,
1539 2561 1590 2601 qui
1612 2559 1769 2592 existimat
1791 2559 1890 2601 (6),

1108 2614 1140 2636 re
1158 2603 1352 2636 Hollandico
1368 2603 1459 2635 etiam
1480 2602 1511 2633 in
1533 2601 1651 2640 nuptiis
1677 2601 1833 2642 minorum
1849 2600 1964 2634 defide-

1108 2646 1167 2677 rari
1184 2643 1367 2676 consensum
1395 2650 1552 2680 tutorum,
1578 2641 1606 2672 &
1623 2641 1644 2673 si
1671 2641 1697 2672 is
1719 2651 1781 2672 non
1800 2641 1965 2684 exigatur,

1109 2687 1215 2718 locum
1239 2684 1302 2715 ess'e
1329 2684 1429 2724 poenis
1449 2704 1460 2721 ,
1501 2691 1575 2722 quas
1603 2689 1830 2714 commemorat
1861 2682 1890 2724 ὃ.
1917 2692 1963 2726 17.

1110 2725 1209 2760 Eam.
1238 2725 1335 2756 Caroli
1362 2724 1399 2755 V.
1423 2733 1444 2770 4
1489 2722 1557 2754 Otr.
1592 2732 1681 2763 1540.
1727 2723 1786 2755 Sed
1813 2722 1882 2756 liaec
1902 2724 1964 2764 J'am

1108 2767 1241 2800 refutata
1257 2764 1342 2804 sunt,
1367 2765 1397 2796 ὅ(
1422 2765 1493 2796 lane
1518 2764 1572 2794 ille
1592 2764 1689 2796 homo
1704 2765 1737 2794 de
1755 2763 1832 2804 Jure
1852 2765 1964 2798 Connu-

1108 2811 1218 2841 brorum
1231 2806 1330 2837 multa
1351 2805 1587 2846 comportavit,
1610 2803 1660 2836 sed
1681 2805 1759 2836 adeo
1784 2805 1980 2847 plerumque,

1107 2849 1170 2882 sine
1187 2847 1252 2879 ullo
1267 2846 1387 2886 judicio
1399 2869 1408 2884 ,
1434 2854 1487 2883 ut,
1510 2845 1563 2877 fibi
1580 2855 1704 2886 quoque
1718 2845 1964 2886 aliquandocon—

1108 2889 1237 2927 trarius,
1261 2887 1335 2929 quid
1357 2885 1536 2928 scripserit,
1559 2888 1609 2919 vel
1629 2897 1692 2919 non
1716 2885 1887 2959 scripserit,
1912 2897 1964 2961 1110-

1854 2937 1916 2961 01ν1
1943 2937 1963 2960 e

1930 2570 1964 2592 u-

1192 3027 1210 3065 )
1225 3028 1289 3056 Van
1304 3014 1445 3055 Leeuwen
1468 3025 1538 3054 Bell.
1560 3025 1658 3066 Jarid.
1679 3023 1742 3059 Casu
1759 3033 1805 3059 93.

1191 3070 1202 3102 )
1221 3067 1297 3094 Toni
1319 3075 1361 3094 res
1381 3065 1420 3093 est
1443 3065 1468 3092 in
1492 3065 1562 3093 Bell.
1584 3063 1679 3103 Jurici.
1702 3063 1727 3091 d.
1749 3062 1814 3094 (usia
1833 3071 1877 3099 93.

1191 3107 1202 3140 )
1224 3105 1356 3135 Brouwer
1384 3104 1414 3133 de
1439 3101 1513 3143 Jure
1541 3102 1656 3133 Comiub.
1676 3101 1712 3131 1..
1733 3103 1754 3130 1.
1775 3100 1806 3130 C.
1826 3111 1870 3139 14.
1889 3101 1973 3142 msa..

1144 3027 1183 3064 (4

1143 3067 1178 3101 (5

1142 3104 1180 3141 (6

1162 3146 1189 3172 σ.

2001 0 2008 35 ..—
