2008 3436
299 108 578 164 QUAEST.
636 107 792 156 JUR.
855 105 1203 150 PUBLICI,
1257 101 1609 148 Ltss.1;C.X1X.

44 193 248 229 Generalium
272 192 391 234 1.,Apr.
420 193 512 223 1622.
535 189 595 232 (3)
625 198 696 222 nam
717 198 757 222 ex
780 197 820 235 eo
839 188 907 221 fim-

43 238 172 280 pliciter
190 234 361 266 cavendum
379 232 424 265 est
437 231 475 263 ad
493 242 592 275 usque
610 231 719 264 decem
737 230 836 262 1011113
852 229 908 263 flo-

42 287 212 316 renorum,
236 277 326 308 boven
351 274 400 305 hec
416 273 504 316 schip
525 285 563 306 en
582 275 613 306 al
637 275 690 305 dat
716 274 790 305 daur
809 273 844 313 by
861 274 908 312 is,

43 322 139 356 alleen
156 329 199 350 om
213 323 241 349 te
255 313 409 358 praesteren
421 339 432 356 ,
456 318 508 348 dat
523 317 558 348 cle
574 316 695 357 prinsen
712 315 810 347 zallen
830 324 905 346 wer-

43 365 99 396 den.
120 362 245 404 gebragt
270 363 314 390 ter
332 357 502 400 judicaturae
527 368 589 390 van
614 359 648 389 cle
677 356 906 394 Admiraliteit,

41 406 116 438 daur
133 404 167 433 de
186 401 282 432 cautie
299 398 405 442 gestelt
420 401 463 438 is,
473 398 558 432 salva
573 399 697 432 aftione
711 407 821 430 eorum
834 422 841 434 ‚
853 399 905 438 qui

43 446 189 479 damnum
203 441 315 482 inJ'uria
334 441 406 483 paffi
423 441 523 473 effent
541 449 653 473 contra
677 439 852 472 navarchos
874 449 905 471 a·

43 488 185 528 nosque,
208 483 262 524 qui
286 482 434 515 damnum
464 482 629 515 dediffent.
674 481 771 514 Vides
798 481 849 512 hic
874 481 906 513 in

42 528 134 562 aliam
151 526 244 568 plane
261 523 385 557 causam
400 524 526 563 caveri,
550 533 646 565 quam
667 523 774 555 caveri
798 521 907 562 jubent

43 571 72 603 d.
90 567 139 611 §§.
157 577 187 609 5.
213 565 249 601 ὅ)
262 569 313 603 69.
361 565 516 612 Quamvis
534 573 640 598 autem
664 574 768 606 neque
786 564 838 595 1110
857 573 907 598 ex-

42 611 216 654 primatur,
232 617 250 639 a
268 617 333 649 quo
350 607 383 639 in
398 607 477 639 hanc
487 607 639 640 summam
657 606 831 639 cavendum
847 605 885 638 fit
899 630 907 640 ,

43 650 205 696 probabile
221 657 323 681 tamen
344 648 421 680 mihi
447 649 594 688 videtur,
616 659 633 680 a
652 648 723 681 solo
749 648 909 680 navarcho

64 690 243 725 raestandam
268 689 363 722 fuisse
389 690 474 722 illam
501 691 683 722 cautionem
707 690 818 721 decem
845 688 912 721 mil-

56 735 138 773 ium3
161 741 225 764 non
241 740 364 764 tantum
381 732 465 773 quod
483 733 550 773 eJ'us
568 731 605 764 fit
622 732 760 774 praedam
777 731 910 762 deduce-

42 786 77 810 re
98 775 130 807 in
147 782 295 816 portum,
318 774 400 806 unde
416 773 619 814 enavioavit,
644 773 695 806 sed
718 773 749 805 &
772 771 857 813 quod
880 772 911 803 in

43 816 193 852 Decretis
213 815 369 848 Ordinum
386 799 591 848 Genertffium
614 826 645 854 9.
671 815 749 856 Aug.
773 818 862 854 1624.
882 813 912 844 ἃ

44 869 96 892 22.
121 857 193 890 Otr.
215 860 305 898 1627.
329 856 388 898 (4)
411 866 626 896 memoretur,
649 856 841 889 navarchum
864 863 913 885 ca-

44 909 122 932 vere
144 898 182 931 ad
207 907 306 939 usque
337 908 446 930 10000.
471 897 608 931 florenos
626 923 635 936 ,
661 898 853 932 exercitores
876 895 914 926 ad

45 950 143 983 usque
171 949 284 973 12000.
307 939 462 978 florenos,
499 941 528 972 δε
552 940 609 973 1103
637 949 748 972 12000.
776 937 914 970 florenos

45 982 109 1015 esse
130 991 189 1024 pro
213 983 327 1014 damno
345 1005 355 1021 ,
387 981 469 1022 quod
493 982 582 1013 navis
629 981 794 1013 raedatoria
814 979 912 1026 daret3

46 1023 110 1057 His
127 1023 251 1055 additur
267 1023 299 1054 in
317 1023 347 1055 d.
364 1022 507 1054 Decreto
526 1033 576 1054 22.
634 1022 674 1054 Ct.
705 1025 793 1062 1627.
819 1022 840 1052 11
866 1020 914 1051 1111

49 1074 163 1098 12000.
186 1062 298 1096 floreni
313 1064 351 1095 ad
365 1063 467 1095 damni
492 1064 721 1104 reparationem
740 1072 804 1094 1100
823 1060 913 1093 suffe-

46 1105 170 1143 cerint,
191 1114 248 1146 pro
268 1114 303 1136 ea
321 1105 415 1136 etiam
434 1105 542 1137 excuti
567 1103 655 1146 posse
674 1104 852 1135 cautionem
878 1102 914 1133 11-

46 1148 108 1182 lam
129 1155 238 1179 10000.
265 1145 478 1184 florenorum,
503 1155 594 1187 quam
613 1145 789 1178 navarchus
812 1143 914 1191 publi-

39 1198 89 1223 ,co
108 1186 264 1229 praestitit.
311 1187 416 1228 Atque
444 1187 510 1219 haec
537 1187 662 1228 quidem
690 1186 786 1224 olim,
810 1186 860 1218 ied
877 1194 916 1218 ex

41 1229 79 1306 ξ.
100 1239 132 1272 3.
153 1228 328 1261 noviffimae
349 1229 370 1260 F
374 1238 472 1260 ormae
483 1252 494 1268 ,
510 1238 603 1269 quam
619 1228 756 1261 Ordines
774 1226 913 1259 Genera-

62 1281 95 1304 es
110 1270 241 1302 navibus
263 1270 461 1311 praedatoriis
484 1270 639 1302 dederunt
661 1274 711 1303 28.
736 1269 797 1310 Jul.
826 1276 915 1310 1705.

38 1311 110 1355 '(5)
132 1311 318 1353 {impliciter
334 1320 466 1343 cavetur
486 1312 523 1343 ad
539 1321 656 1352 30000.
673 1310 811 1342 florenos
825 1332 834 1347 ,
849 1310 916 1341 nul-

50 1355 82 1388 la
97 1354 260 1387 mentione
282 1353 334 1384 vel
356 1352 557 1384 distinetione
581 1351 666 1384 satta
690 1352 772 1384 inter
799 1351 917 1383 exerci-

38 1394 138 1432 '‚tores
165 1395 195 1428 &
221 1394 424 1426 navarchum.
472 1393 594 1426 Poss'em
618 1393 665 1426 his
691 1393 805 1425 addere
833 1392 920 1424 varia

6 1463 9 1467 ,
50 1436 161 1476 Paua,
186 1436 300 1478 quibus
328 1436 410 1467 inter
439 1435 576 1468 Ordines
596 1433 766 1466 Generalcs
790 1435 820 1466 δε
842 1434 921 1466 31103

49 1478 213 1519 Principes
235 1477 408 1516 convenit,
433 1485 468 1508 ut
488 1477 518 1509 ὅ(
534 1477 732 1508 exercitores
756 1476 786 1508 ἃ
813 1485 920 1508 navar-

49 1520 106 1552 chi
127 1521 166 1552 ad
184 1527 286 1551 certas
307 1517 439 1550 summas
459 1526 628 1557 caverent,
652 1527 692 1549 ne
714 1517 788 1558 quid
807 1525 921 1549 contra

50 1561 145 1596 Pacta
167 1561 323 1594 maritima
344 1560 605 1595 committerent.
631 1557 684 1591 sed
712 1559 785 1600 quia
804 1558 843 1590 de
868 1568 920 1590 na-

51 1604 146 1635 vibus
166 1602 364 1645 praedatoriis
390 1601 454 1633 dixi
468 1623 480 1639 ,
502 1602 532 1634 δε
557 1609 673 1642 praeter
687 1610 740 1632 eas
756 1609 850 1632 nemo
867 1599 922 1632 ho-

51 1645 104 1677 die
126 1654 238 1678 caveat
264 1644 318 1675 vel
344 1643 505 1675 exercitor
531 1642 585 1674 vel
614 1642 789 1674 navarchus
805 1664 817 1681 ,
849 1649 921 1674 tuto

52 1686 123 1718 haec
144 1685 335 1718 transmitto.

40 1762 43 1763 ⁷
94 1726 156 1760 His
175 1727 219 1759 ita
235 1727 414 1768 praemiffis,
439 1737 548 1770 quaero
566 1737 670 1760 nunc.
689 1726 712 1760 fi
737 1726 827 1759 navis
842 1735 920 1767 prae-

51 1769 195 1808 datoria,
225 1769 299 1800 dum
328 1769 433 1811 inique
453 1769 626 1811 praedamr,
651 1769 799 1801 damnum
829 1767 920 1799 dede-

26 1847 29 1850 ,
51 1811 114 1851 rit,
138 1820 176 1843 an
205 1820 222 1842 a
244 1811 420 1844 navarcho.
449 1821 487 1842 an
505 1821 522 1843 a
547 1810 799 1852 fidejufforibus,
825 1819 863 1841 an
883 1809 921 1840 ab

52 1852 305 1888 exercitoribus,
331 1853 382 1891 &,
405 1853 427 1885 11
445 1853 482 1884 ab
500 1852 568 1891 his,
591 1861 757 1893 quousque
773 1850 811 1884 fit
827 1849 921 1882 resar-

53 1893 227 1926 ciendum?
250 1893 293 1926 Et
309 1893 492 1935 responsum
509 1893 554 1925 est
575 1892 677 1933 Consti.
696 1893 781 1936 Belg.
812 1892 847 1924 T.
866 1891 922 1924 IV.

57 1933 162 1974 Confil.
187 1944 260 1975 205.
283 1945 356 1967 cum
378 1934 522 1976 magister
546 1936 634 1967 navis
655 1934 854 1976 praedatoriae
873 1943 924 1965 na-

53 1978 121 2008 vim
152 1977 327 2009 amicorum
353 1977 466 2017 injuria
491 1976 696 2017 occupaffer,
720 1977 750 2008 ὅ(
777 1975 831 2017 qui
856 1984 923 2006 eam

54 2017 215 2051 servarent
232 2018 262 2050 ὅ(
279 2018 431 2049 ducerent
444 2041 453 2056 ,
473 2017 652 2050 hominibus
671 2017 825 2059 imperitis
841 2026 925 2049 com-

53 2058 199 2098 misisset,
223 2059 373 2101 navisque
389 2059 550 2099 periiss‘et,
573 2059 660 2100 posse
679 2060 767 2091 navis
790 2068 924 2100 occupa-

55 2107 96 2132 tae
112 2101 259 2132 dominos
278 2099 458 2142 magistrum
478 2101 675 2141 praedatoriae
687 2124 696 2139 ‚
713 2099 925 2141 fidejussores,

55 2141 270 2178 exercitores,
294 2149 390 2182 prout
411 2141 556 2181 vellent,
587 2143 618 2175 &
641 2151 795 2184 quemque
818 2152 927 2175 eorum

55 2182 91 2215 in
111 2180 243 2214 solidum
265 2184 457 2223 convenire,
480 2184 587 2223 quanti
604 2184 693 2215 navis
710 2193 845 2225 unquam
862 2183 927 2216 fuit

56 2224 194 2265 piuriini.
240 2224 411 2256 Videamus
425 2225 465 2255 de
482 2225 621 2267 fingulis.
666 2225 708 2257 Et
726 2226 852 2267 quidem
870 2225 925 2257 du-

56 2264 221 2298 bitandum
238 2275 301 2297 non
321 2264 384 2304 est,
408 2274 523 2297 contra
539 2266 639 2307 ipsum
661 2266 841 2308 magistrum
863 2267 927 2299 sive

55 2306 247 2340 navarchum
268 2307 307 2338 de
326 2307 413 2338 omni
425 2306 559 2346 damno,
583 2307 668 2349 quod
684 2309 798 2350 injuria
815 2308 903 2340 dedit
915 2332 925 2348 ,

56 2348 213 2381 astionem
233 2347 295 2380 ess'e
312 2348 341 2380 in
361 2346 504 2380 solidum.
550 2349 737 2382 Mandatum
755 2351 784 2383 ei
802 2349 848 2382 est
858 2373 869 2389 ,
892 2357 928 2382 ut

55 2387 162 2422 hostes
189 2389 441 2430 depraedaretur,
473 2399 538 2422 non
559 2398 594 2422 ut
621 2391 761 2431 amicos,
785 2392 807 2424 fi
831 2392 927 2434 igitur

56 2431 116 2463 hos
131 2431 327 2472 depraedatus
344 2430 400 2469 fit,
422 2431 549 2464 exceffit
566 2432 744 2464 mandatum
757 2456 767 2472 ‚
793 2434 823 2466 ὅ(
840 2441 926 2464 tene-

54 2472 162 2510 bitur,
185 2473 295 2513 quanti
311 2473 486 2504 amicorum
504 2472 641 2505 interest.
688 2473 723 2505 Id
735 2475 835 2515 palam
850 2483 927 2514 quo-

32 2552 34 2554 ,
58 2523 120 2556 que
144 2513 319 2555 iignificant
344 2513 479 2546 Ordines
505 2513 678 2546 Generales
701 2514 732 2546 in
756 2515 786 2547 d.
812 2515 926 2547 Edicto

43 2564 89 2590 .1.
107 2555 183 2597 Apr.
211 2559 302 2588 1622.
327 2564 395 2586 nam
408 2562 523 2597 praeter
537 2556 717 2588 cautionem
741 2566 852 2589 10000.
870 2556 926 2588 flo-

44 2605 206 2638 ‚renorum
222 2607 281 2638 pro
299 2596 484 2628 deducenda
500 2598 605 2638 praeda
622 2597 653 2629 in
672 2605 819 2639 portum,
844 2599 928 2630 unde

57 2639 259 2680 enavigatum
281 2636 345 2676 est,
375 2638 562 2670 nominatim
582 2639 721 2671 addunt:
755 2640 928 2680 behoudelyk

49 2681 122 2712 ,niet
137 2685 165 2710 te
183 2681 245 2710 min
259 2681 315 2711 den
333 2689 447 2721 generi,
470 2681 516 2711 die
524 2682 725 2721 praetenderem
744 2681 841 2712 zallen
858 2682 927 2722 buy*

58 2728 109 2753 ten
123 2723 158 2752 de
174 2720 321 2762 commiffie
338 2731 400 2752 van
428 2723 483 2752 den
506 2722 643 2762 Capitez'n
667 2725 795 2764 c'onregt
818 2722 928 2764 bescha-

59 2764 125 2806 dz‘gt
146 2769 172 2794 te
182 2763 261 2804 syn,
284 2770 343 2793 mm
361 2761 435 2793 αᾶίε
454 2763 598 2805 personeel
621 2770 708 2807 tegen
729 2765 762 2795 de
791 2764 928 2805 capitem

58 2815 96 2836 en
114 2806 242 2842 andere,
272 2804 318 2834 die
340 2804 399 2834 hun
423 2805 590 2847 beschadigt
612 2806 729 2838 hebben.
776 2805 827 2837 De
853 2805 928 2838 fide-

58 2845 227 2888 juss‘oribus
240 2852 402 2886 perperam
417 2845 597 2886 responsum
620 2847 666 2879 est
682 2848 709 2879 d.
728 2846 832 2887 Confil.
854 2857 927 2888 205.

59 2887 118 2920 nifi
141 2886 368 2927 fidejuss'erint,
401 2894 460 2932 pro
474 2888 563 2919 omni
579 2888 675 2927 dato,
699 2889 837 2929 alioquin
855 2888 875 2920 fi
896 2890 928 2921 in

61 2937 183 2962 certam
201 2927 353 2960 summam
367 2925 590 2966 fidejusserint,
615 2938 651 2962 ut
670 2931 702 2962 in
720 2939 754 2961 re
793 2930 926 2962 raedato-

60 2971 108 3003 ria
123 2969 222 3001 moris
240 2967 304 3007 est,
330 2977 395 3000 non
413 2976 561 3001 tenentur
575 2971 655 3003 ultra
673 2981 739 3003 eam
773 2981 928 3010 ummam,

62 3012 94 3044 δι
113 3021 153 3042 ex
169 3021 205 3043 ea
221 3010 333 3048 causa,
357 3010 389 3041 in
411 3018 500 3050 quam
524 3009 698 3052 fidejuss'um
717 3012 778 3052 ess,
801 3012 823 3045 fi
843 3013 928 3045 enirn

61 3051 266 3093 fidejufferint
282 3061 340 3093 pro
355 3050 460 3092 praeda
472 3050 652 3085 deducenda
665 3054 697 3086 in
715 3062 842 3095 portum
853 3080 860 3092 ‚
872 3064 927 3086 un-

60 3093 102 3127 de
125 3095 325 3134 enavigatum
342 3101 428 3127 erat,
454 3091 563 3134 praeda*
581 3103 620 3127 eo
641 3095 773 3129 deduc‘ta
794 3096 928 3131 liberan-

102 3186 165 3224 (3)
186 3187 260 3216 Plac.
282 3189 354 3217 I.⁷2.
378 3196 422 3222 14.
446 3195 473 3216 2.
495 3195 522 3216 1.

102 3226 164 3264 (4)
182 3225 284 3257 Ibidem
302 3228 340 3258 11.
358 3225 479 3264 Append.
498 3235 528 3264 p.
546 3232 632 3263 2297.

1743 119 1811 158 227

952 198 1019 230 tur,
1033 198 1093 222 nec
1107 189 1276 231 quiequam
1296 188 1333 220 ad
1351 198 1426 227 eos,
1449 189 1516 228 jure
1532 202 1568 224 an
1592 193 1702 233 injtiria
1713 191 1819 233 praeda

951 240 1041 273 capta
1060 231 1115 270 iit,
1127 230 1180 262 11111
1198 232 1227 264 δι
1247 231 1279 262 10
1300 230 1379 262 hanc
1396 230 1519 264 causum
1532 234 1743 274 fidejuss'erint.
1758 233 1819 266 Sed

951 274 1022 316 quia
1065 273 1265 313 lerorumque
1284 271 1503 313 magistrorum
1520 284 1566 306 res
1582 276 1624 306 011
1636 276 1720 308 domi
1739 276 1818 306 adeo

950 325 1030 357 angu
1061 325 1088 354 a,
1101 323 1134 346 ut
1145 315 1292 347 damnum
1303 314 1405 355 ,quod
1413 314 1564 346 dederunt
1574 338 1585 354 ‚
1596 316 1745 348 resarcire
1754 326 1819 349 non

950 356 1065 399 poliint
1074 357 1123 396 ,&
1134 356 1206 398 quia
1216 355 1407 396 fidejuss'ores
1420 355 1518 396 vulgo
1529 365 1592 388 non
1602 356 1671 388 sunt
1688 358 1821 399 obligati

951 398 1006 432 nifi
1020 399 1057 430 ad
1074 405 1192 430 certam
1212 397 1383 437 summam,
1408 398 1438 430 &
1456 398 1527 437 quia
1540 397 1640 436 hanc,
1662 409 1678 430 a
1698 399 1727 430 se
1742 399 1820 431 solu<

951 448 1014 473 tam
1029 465 1035 472 .
1051 440 1175 472 actione
1190 439 1327 471 mandati
1340 439 1377 470 ab
1386 438 1615 472 exercitoribus
1633 449 1775 480 repetere
1784 441 1820 473 11-

950 490 1002 514 cet
1015 482 1072 521 ‚ad
1091 480 1175 513 solos
1190 481 1384 514 exercitores
1405 479 1528 512 tandem
1550 490 1598 512 res
1609 481 1749 513 devenit,
1770 480 1822 513 De

951 524 999 556 his
1011 524 1106 566 igitur
1118 523 1146 555 in
1160 523 1269 564 primis
1279 531 1451 563 quaeramus
1463 544 1473 560 ,
1484 531 1520 553 an
1534 531 1647 563 nempe
1658 530 1822 555 teneantur

952 566 984 598 in
1002 565 1136 597 solidum
1153 564 1256 596 damni
1274 564 1336 595 dati
1348 586 1358 602 ,
1381 574 1418 595 an
1435 573 1512 594 vero
1524 563 1678 596 duntaxat
1691 588 1700 602 ‚
1724 564 1761 595 ad
1776 565 1821 596 in-

953 606 1014 639 star
1037 606 1170 638 aetionis
1194 606 1232 637 de
1258 605 1405 647 pauperie
1430 613 1483 636 aut
1508 606 1653 646 noxalis,
1678 606 1764 647 quod
1784 606 1822 637 ad
1854 603 1866 613 ⁹

954 648 1060 687 navis,
1085 657 1218 689 quaeque
1235 648 1265 680 in
1282 656 1318 678 ea
1336 646 1486 683 fuerunt,
1507 647 1644 688 pretium
1656 647 1672 679 ἰ)
1696 647 1823 688 Agitata

954 690 1031 721 olim
1057 689 1102 721 est
1123 689 1279 730 ejusmodi
1302 688 1393 720 causa
1415 689 1495 729 apud
1521 690 1706 731 Supremum
1728 690 1822 721 Sena-

956 740 1023 763 tum
1048 732 1078 763 10
1098 731 1277 763 Hollandia.
1325 730 1474 776 Quinque
1497 740 1591 763 naves
1614 730 1819 762 Hollandicae

954 782 1046 805 unam
1067 773 1222 805 Venetam
1243 779 1392 814 ceperant
1405 796 1413 808 ,
1441 770 1490 803 sed
1508 780 1657 813 ceperant
1676 771 1764 804 1111110
1780 772 1825 812 ju-

955 824 999 846 re.
1044 814 1178 846 Venctae
1202 814 1289 846 navis
1305 813 1425 845 domini
1445 813 1579 854 primum
1597 822 1730 854 egerunt
1751 823 1826 845 con-

957 866 1005 887 tra
1025 856 1218 895 unvai-elios,
1249 856 1279 887 ἃ,
1306 855 1514 887 obtinuerunt
1532 854 1741 893 sententiam,
1766 864 1827 895 qua

958 897 990 929 111
1010 896 1106 930 solam
1124 907 1236 929 navem
1253 896 1416 928 restituere
1432 896 1568 928 damnati
1589 896 1665 929 sunt.
1713 896 1825 942 Quum

957 949 997 971 ne
1025 939 1066 971 sic
1089 939 1216 980 quidem
1243 938 1306 980 ipsa
1330 939 1416 970 navis
1443 937 1680 977 restitueretur,
1712 938 1828 969 deinde

957 989 1088 1021 egerunt
1123 988 1236 1012 contra
1264 978 1349 1020 ipsos
1380 979 1520 1019 quinque
1547 980 1670 1011 illarum
1696 980 1828 1011 navium

958 1023 1172 1061 exercitores,
1195 1021 1424 1053 contendentes
1434 1044 1443 1059 ,
1455 1029 1489 1051 ut
1504 1021 1633 1062 quisque
1646 1031 1755 1053 corum
1775 1030 1827 1052 03-

958 1074 1031 1095 νο111
1047 1071 1171 1104 captam
1192 1073 1265 1094 cum
1284 1070 1381 1093 onere
1407 1062 1605 1100 reifitueret,
1635 1064 1665 1095 ἂ
1682 1063 1831 1094 damnum

959 1103 1122 1136 resarciret
1146 1105 1178 1136 in
1206 1103 1350 1136 solidum.
1406 1103 1538 1135 Senatus
1561 1104 1620 1136 ult.
1644 1104 1704 1143 jul.
1735 1107 1828 1145 1603.

958 1146 1085 1178 damnat
1112 1146 1303 1178 exercitores
1322 1145 1352 1176 in
1377 1143 1508 1177 solidum
1533 1145 1570 1176 ad
1596 1145 1832 1177 restitutionem

959 1188 1049 1220 navis
1069 1190 1258 1228 onerisque,
1282 1188 1313 1220 &
1333 1186 1381 1218 his
1396 1195 1459 1218 non
1484 1185 1700 1224 exstantibus,
1723 1187 1759 1217 ad
1779 1195 1831 1217 eo-

960 1239 1029 1261 rum
1052 1229 1316 1267 aestimationem,
1348 1227 1399 1260 sed
1422 1229 1609 1260 nominatim
1634 1228 1738 1267 addit,
1762 1236 1835 1260 exe-

960 1271 1122 1302 cutionem
1147 1271 1213 1311 ejus
1231 1270 1396 1304 sententiae
1420 1268 1481 1301 effe
1496 1269 1672 1301 faciendam
1690 1269 1722 1301 in
1742 1269 1833 1310 quin-

962 1322 1021 1353 que
1039 1312 1106 1345 11133
1130 1321 1248 1351 03νο3,
1270 1321 1339 1353 quae
1363 1311 1520 1344 Venetam
1540 1319 1707 1352 ceperant,
1732 1320 1835 1350 neque

962 1353 1157 1386 exercitores
1172 1353 1252 1385 ultra
1272 1352 1382 1384 teneri.
1428 1353 1622 1385 Sententiam
1649 1361 1752 1385 narrat
1769 1352 1834 1384 Co-

963 1404 1017 1427 ren
1035 1395 1067 1426 in
1090 1395 1174 1427 Nota
1190 1394 1261 1436 post
1284 1394 1527 1436 Observationem
1544 1394 1617 1426 XL.
1643 1395 1673 1426 &
1692 1397 1835 1435 1113301111-

965 1445 997 1468 te
1016 1437 1134 1468 Senatu
1158 1438 1313 1477 Supremo
1337 1436 1379 1468 fic
1405 1435 1512 1477 postea
1537 1434 1765 1477 responderunt
1782 1436 1837 1468 alii

967 1477 1069 1517 Consti.
1092 1477 1176 1509 Holl.
1206 1477 1240 1509 T.
1259 1476 1315 1509 111.
1341 1476 1446 1517 Confil.
1468 1487 1542 1509 221.

1006 1519 1067 1552 Sed
1086 1529 1146 1561 ego
1168 1519 1247 1551 hanc
1266 1517 1451 1551 sententiam
1469 1519 1570 1552 nolim
1589 1528 1689 1552 meam
1709 1517 1838 1559 facere,

964 1569 1065 1600 ratus,
1077 1560 1098 1593 fi
1116 1561 1310 1595 exercitores
1328 1560 1508 1603 magistrum
1526 1561 1688 1594 emiserint
1707 1562 1744 1594 ad
1759 1571 1838 1603 prae-

964 1603 1120 1641 dandum,
1145 1603 1175 1635 &
1194 1602 1249 1634 ille
1262 1611 1422 1643 perperam
1439 1602 1599 1644 praedetur
1610 1625 1622 1641 ,
1645 1604 1840 1637 exercitores

965 1645 997 1676 in
1018 1643 1152 1676 solidum
1170 1644 1273 1675 damni
1290 1643 1354 1675 dati
1373 1644 1483 1676 teneri.
1527 1643 1701 1685 Magister,
1725 1645 1777 1686 qui
1795 1654 1839 1677 ex

964 1685 1113 1719 mandato
1137 1685 1313 1727 praedatur,
1343 1685 1541 1726 praedatoriae
1589 1686 1752 1726 raepofitus
1772 1685 1838 1727 est,

967 1728 997 1760 δι
1014 1731 1065 1768 qui
1083 1726 1276 1769 praeposuit,
1301 1736 1341 1758 ex
1366 1726 1430 1759 sola
1446 1735 1553 1769 praepo
1567 1727 1669 1759 itione
1686 1729 1839 1760 conveni-

967 1769 992 1801 ri
1008 1767 1130 1843 Eooest,
1154 1768 1240 1810 quod
1262 1767 1300 1800 ad
1326 1769 1433 1801 omnia
1458 1769 1529 1806 1113,
1563 1778 1632 1810 quae
1657 1769 1840 1810 praepofitus

968 1820 1005 1853 ge
1031 1818 1055 1842 it
1072 1835 1081 1851 ,
1107 1810 1169 1843 sive
1189 1810 1290 1849 bene,
1313 1810 1377 1842 five
1396 1810 1489 1842 male.
1513 1809 1566 1842 Sic
1584 1808 1772 1842 institoriam
1790 1811 1842 1843 da-

968 1862 1038 1885 mus
1061 1860 1173 1884 contra
1198 1851 1364 1884 dominum
1389 1851 1548 1891 tabernae,
1580 1852 1635 1893 qui
1661 1851 1842 1885 institorem

968 1893 1163 1936 praeposuit‚
1194 1893 1216 1926 fi
1235 1893 1311 1934 quid
1331 1894 1387 1925 1110
1409 1893 1628 1933 contraxerit,
1652 1903 1711 1924 nec
1730 1893 1840 1927 distin-

967 1936 1108 1977 guimus,
1155 1935 1393 1967 uemadmodum
1412 1935 1608 1967 contraxerit
1620 1957 1632 1973 ‚
1647 1935 1677 1967 &
1693 1934 1734 1966 fic
1752 1944 1842 1967 exer-

968 1978 1115 2009 citoriam
1153 1984 1239 2008 amus
1260 1985 1372 2008 contra
1395 1977 1561 2009 dominum
1582 1976 1672 2008 navis
1688 1985 1728 2007 ex
1752 1977 1840 2009 fasto

967 2017 1124 2060 magistri,
1150 2017 1246 2049 modo
1263 2016 1295 2049 id
1314 2018 1478 2059 negotium
1504 2018 1624 2059 egerit,
1648 2018 1699 2049 cui
1720 2027 1842 2060 praepo-

968 2059 1043 2092 situs
1066 2059 1111 2092 est
1130 2084 1140 2100 ‚
1174 2059 1195 2092 fi
1215 2059 1299 2090 enim
1322 2060 1407 2091 aliud
1433 2060 1554 2101 egerit,
1586 2059 1749 2091 dominum
1775 2069 1842 2093 non

970 2101 1155 2143 obligat,ut
1171 2101 1296 2143 prolixe
1313 2101 1344 2132 id
1362 2100 1545 2142 exsequitur
1562 2100 1715 2142 Ulpianus
1730 2101 1760 2132 in
1778 2102 1798 2133 l.
1814 2111 1841 2134 1.

969 2142 999 2183 ἓ.
1023 2152 1070 2174 12.
1090 2142 1132 2184 ff.
1151 2144 1184 2174 cle
1204 2144 1324 2174 exercit.
1345 2142 1401 2174 ae.
1425 2143 1501 2175 Sola
1520 2142 1705 2184 praepofitio
1721 2143 1751 2174 in
1768 2153 1842 2175 cau-

969 2184 1000 2217 sa
1017 2184 1081 2223 est,
1106 2191 1162 2216 cur
1185 2183 1322 2216 tabernae
1345 2185 1494 2225 navisque
1516 2184 1636 2215 domini
1657 2190 1843 2224 teneantur,

968 2226 990 2259 fi
1004 2249 1012 2263 ‚
1036 2226 1122 2267 quod
1139 2226 1240 2258 aetum
1256 2225 1318 2261 est,
1333 2225 1371 2258 ad
1387 2226 1509 2258 causam
1527 2235 1591 2268 prae
1616 2225 1760 2258 ofitionis
1775 2236 1843 2267 per-

970 2268 1086 2307 tineat,
1112 2277 1176 2299 non
1197 2267 1234 2299 ad
1250 2268 1363 2306 aliam,
1386 2267 1424 2300 ab
1442 2278 1477 2300 ea
1493 2234 1659 2300 diver-siim.
1706 2267 1773 2315 Qui
1791 2278 1844 2300 na-

969 2309 1121 2341 var-chum
1137 2309 1335 2350 praedatoriae
1352 2309 1543 2351 praeposuit,
1567 2309 1679 2347 novit,
1701 2319 1767 2350 ejus
1791 2308 1842 2341 of—

969 2350 1077 2383 ficium
1094 2351 1126 2383 in
1142 2350 1312 2392 praedando
1338 2351 1523 2391 confistere,
1547 2360 1612 2393 quo
1628 2350 1650 2383 fi
1673 2351 1755 2383 male
1771 2350 1842 2382 fun-

968 2400 1080 2434 gatur,
1104 2394 1200 2424 etiam
1226 2393 1412 2425 exercitoris
1433 2393 1526 2434 culpa
1549 2392 1613 2431 est,
1639 2392 1725 2434 quod
1743 2393 1841 2433 impe-

968 2434 1032 2466 rito
1051 2434 1105 2465 vel
1131 2434 1278 2474 improbo
1303 2434 1431 2466 homine
1461 2435 1493 2466 in
1518 2434 1599 2466 hanc
1614 2442 1679 2465 rem
1700 2432 1770 2464 usus
1793 2433 1843 2466 fit.

968 2475 1002 2507 Si
1035 2474 1180 2516 magister
1211 2476 1247 2507 ad
1282 2475 1486 2507 reficiendam
1515 2484 1628 2507 navem
1661 2482 1841 2515 mutuatus,

969 2524 1115 2548 nummos
1130 2516 1162 2547 in
1183 2514 1254 2547 suos
1272 2515 1344 2547 usus
1366 2516 1580 2555 converterit,
1606 2515 1690 2547 recte
1712 2516 1756 2547 ait
1773 2516 1842 2548 Ofi-

970 2557 1032 2589 lius
1049 2556 1081 2588 in
1101 2557 1120 2588 l.
1147 2566 1175 2588 1.
1198 2556 1226 2597 §.
1238 2566 1268 2594 9.
1288 2556 1330 2597 ff.
1355 2557 1430 2589 Eod.
1447 2559 1541 2589 teneri
1559 2559 1768 2597 exemhorem,
1785 2559 1839 2589 im-

965 2603 1140 2639 putaturum
1159 2596 1237 2636 filn',
1261 2608 1312 2630 cur
1339 2599 1429 2630 talem
1447 2599 1641 2671 pregesicerit.
1687 2598 1842 2642 Quocum

971 2639 1144 2677 convenit,
1177 2639 1262 2680 quod
1284 2640 1314 2672 δε
1335 2639 1469 2672 Ordines
1527 2641 1665 2672 enerales
1693 2643 1781 2682 ajunt
1808 2641 1841 2673 in

971 2680 1035 2713 fine
1062 2680 1091 2712 d.
1120 2679 1254 2712 Decreti
1281 2691 1331 2713 22.
1357 2682 1430 2714 ott.
1458 2686 1548 2723 1627.
1574 2683 1626 2714 dat
1651 2683 1685 2714 de
1711 2683 1841 2714 Reeders

960 2722 1034 2796 sqrg
1049 2727 1160 2753 moeten
1176 2723 1329 2766 draagen,
1353 2722 1406 2755 dat*
1424 2733 1461 2765 231
1480 2725 1566 2766 goede
1589 2724 1763 2765 Capiteinen
1781 2733 1840 2755 em-

965 2771 986 2805 p
1000 2774 1113 2805 oyeren.

1011 2806 1043 2838 Si
1062 2815 1102 2837 ex
1121 2804 1209 2837 fafto
1226 2806 1383 2839 institoris
1399 2808 1453 2840 vel
1471 2807 1609 2849 magistri
1627 2806 1767 2839 tabernae
1785 2816 1839 2839 na-

972 2847 1084 2888 visque
1103 2847 1224 2879 domini
1246 2849 1565 2889 teneantur‚constat
1584 2849 1706 2886 teneri,
1730 2849 1842 2889 quanti

971 2898 1006 2920 ea
1023 2898 1072 2921 res
1090 2888 1155 2928 est,
1178 2898 1237 2920 nec
1257 2889 1403 2929 liberari,
1425 2891 1446 2923 fi
1465 2891 1622 2922 tabernam
1649 2890 1703 2920 vel
1726 2899 1841 2921 navem

970 2930 1082 2962 dedere
1098 2931 1198 2972 parati
1216 2930 1284 2963 fint.
1318 2931 1395 2964 Eam
1411 2930 1688 2972 Jurisprudentiam
1704 2940 1754 2963 me
1771 2941 1842 2963 nus-

972 2981 1066 3013 quam
1081 2972 1186 3014 legere
1202 2973 1351 3012 memini,
1376 2982 1434 3005 nec
1455 2974 1550 3004 etiam
1574 2972 1728 3003 rationem
1747 2972 1840 3004 habe-

970 3022 1038 3051 ret,
1061 3023 1153 3052 cum,
1179 3014 1232 3054 qui
1248 3012 1367 3046 factum
1391 3013 1516 3045 suorum
1536 3012 1699 3044 hominurn
1716 3012 1840 3055 praesta-

970 3064 1005 3087 re
1022 3055 1155 3093 debent,
1181 3054 1325 3096 praestare
1336 3054 1471 3086 debeant
1489 3063 1528 3086 ex
1540 3053 1609 3085 asse.
1635 3053 1735 3095 Igitur
1751 3064 1840 3087 exer-

971 3096 1091 3129 citores
1109 3105 1150 3127 ex
1167 3097 1309 3138 improba
1324 3095 1475 3127 navarchi
1496 3093 1541 3127 sui
1565 3095 1673 3135 rapina
1688 3097 1839 3131 tenebun-

1787 3145 1839 3170 tur

1014 3189 1076 3229 (5)
1096 3189 1197 3220 Ibidem
1217 3189 1253 3219 V.
1277 3196 1302 3219 1.
1325 3194 1350 3223 7.
1371 3196 1400 3226 p.
1417 3191 1482 3223 306.

1069 3263 1160 3298 Ff2
