2008 3436
814 0 828 11 μ

238 105 525 156 QUAEST.
576 98 802 149 Junrs
850 98 1208 143 PR1VAT1‚
1257 85 1624 142 L13.111.c.xV1.

41 194 146 238 priora
167 195 197 226 ὃ(
211 192 384 234 posteriora
400 193 533 225 multum
560 190 675 223 habent
693 189 799 229 dubii,
825 190 908 222 unde

41 236 125 267 enim
148 245 183 267 ca
203 234 380 267 solemnitas
403 234 434 265 in
454 234 632 274 Bodenzery-
645 233 787 269 brieven,
811 241 908 274 eaque

40 276 123 315 sola,
148 278 177 308 &
197 277 331 316 ubique,
356 276 451 308 etiam
466 284 610 317 peregre,
636 272 831 305 necessaria?
865 274 909 306 Et

40 328 78 350 an
100 317 315 359 personalibus
333 317 488 349 duntaxat
508 315 681 348 actionibus
698 314 909 357 praeferuntur

40 359 74 393 hi
96 359 267 392 creditores
286 381 297 397 ,
327 359 405 391 nihil
426 360 510 390 enim
536 356 747 394 rescribitur,
780 356 836 389 nisi
861 360 909 389 πῖς

39 401 322 442 leopendesbhulden
333 399 470 442 praeferri
483 399 499 431 ,9
519 399 690 439 posteriora
701 407 803 431 autem
814 422 825 438 ‚
845 409 909 431 uno

39 451 152 483 nempe
173 442 247 475 loco
265 442 353 474 brevi
373 450 514 482 tempore
534 439 632 473 factas
651 441 752 482 plures
774 441 907 473 Bodeme-

37 485 228 526 ry-brieven,
253 492 440 516 concurrere
464 482 527 515 fine
550 482 611 514 ulla
631 483 815 523 praelatione
830 483 906 515 mihi

39 525 186 558 videntur
207 525 375 558 admodum
399 524 560 566 singularia
576 547 586 562 ,
619 524 648 556 ὁ(
669 534 736 556 cam
754 524 904 565 Jurispru-

38 567 176 599 dentiam
202 568 306 608 sapere
325 589 335 605 ‚
365 575 426 607 qua
452 566 534 598 idem
565 566 619 598 illc
647 565 806 599 Professor
832 565 903 599 scri-

35 608 96 652 psit
119 609 194 650 (9),
219 608 373 641 mercibus
389 609 419 640 in
439 608 508 640 navi
527 608 669 650 pluribus
685 607 810 640 diverso
828 616 903 641 tem-

36 660 115 693 pore
143 650 316 692 obligatis,
347 659 458 682 omnes
483 660 573 692 aequo
596 650 664 691 jure
691 659 904 690 concurrere,

35 691 120 734 quod
147 691 294 724 universo
316 692 376 732 juri
405 693 571 733 pignorum
590 691 778 724 adversatur.
824 693 903 724 Sane

34 733 261 777 posteriorem,
281 734 391 765 eodem
410 734 485 765 loco
505 735 583 766 intra
601 733 697 765 breve
714 742 836 775 tempus
855 733 901 765 ἢκ

35 776 115 809 cram
132 799 141 815 ,
165 776 260 816 priori
282 784 347 807 non
371 775 432 806 effe
448 776 629 817 potiorem,
659 775 792 816 aliquam
816 774 902 807 forte

33 818 190 850 rationem
209 817 303 849 habet
318 840 328 856 ,
351 817 432 858 quasi
450 827 512 849 non
531 818 571 849 ita
588 826 676 849 novo
692 817 835 855 periculo
851 826 902 848 na-

32 859 82 890 vis
96 857 270 901 posteriore
286 867 396 891 mutuo
415 859 492 891 esset
509 858 656 897 liberata,
681 857 800 890 scilicet
817 857 903 898 quod

31 900 70 932 ad
90 901 293 942 privilegium
310 903 356 929 πῖν
376 900 532 943 Bodemery
544 918 554 924 -
568 900 696 932 Brieven
714 899 875 941 proprium
889 921 900 937 ‚

32 941 98 974 hoe
112 950 216 974 autem
232 942 270 973 ad
285 943 413 984 vulgare
432 943 543 984 pignus
561 942 650 974 nihil.

76 983 127 1015 De
152 992 265 1015 mutuo
285 984 433 1022 nautico,
456 993 525 1016 mea
548 984 719 1022 memoria,
744 993 762 1015 a
785 982 901 1014 Senatu

31 1025 186 1065 Supremo
211 1025 277 1056 haec
301 1025 441 1065 judicata
463 1024 544 1056 sunt.
591 1024 703 1056 Titius
720 1049 730 1064 ,
760 1027 813 1064 qui
836 1023 899 1055 Cu-

31 1066 176 1099 rass'oviae
193 1066 377 1103 habitabat,
398 1066 523 1097 mandat
544 1065 669 1098 Maevio
690 1064 898 1098 Amsterdam-

32 1107 129 1140 mensi
153 1109 190 1149 hy
213 1117 265 1138 een
290 1106 679 1148 Bodenzery-Plszjfflebbrief3
704 1106 755 1140 sex
780 1106 898 1138 hebdo-

31 1149 173 1182 madibus
185 1148 345 1190 postquam
363 1158 482 1180 merces
494 1171 504 1186 ,
529 1158 604 1189 quas
613 1149 780 1186 mittebat,
807 1146 899 1178 salvae

32 1189 246 1228 adveniss'ent‚
268 1190 363 1221 nabet
380 1191 522 1221 hehouden
537 1191 737 1226 arrivemem,
762 1189 901 1222 solveret

30 1232 218 1274 Sempronio
237 1239 355 1263 certam
373 1230 533 1264 summam.
579 1231 672 1263 Hanc
692 1231 791 1272 exigit
814 1230 899 1262 Sem-

30 1275 160 1316 pronius
186 1272 254 1314 post
277 1272 412 1314 elapsum
441 1282 583 1314 tempus,
607 1272 755 1305 solutioni
784 1271 900 1313 praesti-

32 1324 152 1348 tutum:
177 1314 319 1346 Maevius
336 1315 430 1346 etiam
451 1314 574 1346 solvere
597 1323 723 1355 paratus
739 1323 823 1350 erat,
848 1312 900 1344 fed

30 1357 167 1389 deducto
194 1356 309 1388 damno
325 1380 335 1396 ‚
367 1356 451 1397 quod
482 1356 638 1388 mercibus
663 1355 823 1387 accidisset
845 1363 900 1396 per

31 1408 142 1440 aquam
161 1398 324 1429 marinam.
368 1397 458 1429 Hinc
482 1398 539 1434 lis,
565 1406 655 1438 quam
676 1397 801 1437 Judices
824 1396 898 1428 Am-

29 1439 282 1473 sterdammenses
305 1438 476 1471 secundum
500 1439 722 1480 Sempronium
747 1438 900 1470 definiunt

30 1486 61 1515 6.
79 1481 118 1513 Se
142 1489 163 1512 t.
186 1490 276 1521 1709.
298 1489 410 1522 negata
427 1480 468 1512 fic
486 1480 698 1519 detractione,
724 1480 753 1512 δι
770 1480 814 1511 ita
824 1487 900 1520 quo-

28 1533 90 1567 que
139 1523 203 1554 uria
219 1522 364 1555 definivit
384 1531 432 1562 15.
451 1522 522 1554 ott.
537 1531 628 1563 1710.
646 1522 838 1563 appellatum
855 1519 900 1551 est

30 1566 68 1597 ad
93 1565 242 1597 Senatum
269 1564 466 1604 Supremam.
511 1564 651 1595 Maevius
674 1564 719 1595 ait
736 1585 748 1602 ,
782 1571 900 1595 merces

30 1617 96 1640 non
115 1605 270 1637 adveniffe
285 1605 403 1644 salvas,
429 1605 460 1637 ὅ(
481 1605 581 1637 literis
601 1604 724 1637 Cambii
750 1603 900 1636 insertum

31 1648 114 1687 esse,
138 1658 179 1678 πα
199 1647 248 1679 het
271 1648 414 1679 hebouden
437 1648 636 1686 arrivement,
666 1645 847 1688 proferebat
870 1646 901 1678 ὰ

30 1688 210 1722 testimonia
232 1689 454 1722 Mercatorum
480 1688 510 1721 &
528 1688 674 1729 judicum
692 1686 902 1720 Amsterdam-

29 1731 181 1764 mensium
197 1729 386 1770 sententias,
411 1730 465 1772 qui
488 1739 546 1771 pro
563 1730 759 1762 detractione
775 1730 807 1761 in
823 1728 902 1762 fimi-

31 1774 114 1806 libus
135 1772 232 1805 caufis
251 1771 479 1814 respondissent
501 1771 531 1803 ὅ(
545 1771 742 1812 judicassent.
774 1771 823 1803 Ad
833 1770 902 1803 haec

30 1815 252 1856 Sempronius,
277 1813 410 1846 foenoris
424 1813 545 1845 nautici
564 1822 628 1845 non
649 1813 741 1846 aliam
759 1812 823 1845 effe
846 1821 898 1844 na-

31 1864 152 1895 turam,
173 1865 264 1897 quam
280 1855 364 1898 quod
379 1854 574 1898 mercesxfint
592 1855 737 1897 pignori,
758 1854 900 1896 pignoris

29 1907 137 1930 autem
153 1896 242 1929 causa
259 1897 281 1929 fi
299 1897 354 1929 fiat
377 1897 530 1935 deterior,
555 1896 745 1929 deteriorem
762 1896 828 1928 fieri
845 1895 900 1926 do-

31 1940 141 1978 mino,
164 1938 195 1970 id
219 1937 264 1970 est
287 1939 442 1978 debitori,
464 1946 501 1970 ut
519 1938 631 1970 Paulus
657 1947 782 1980 quoque
798 1936 900 1978 dispu-

34 1989 80 2014 tat
99 1982 131 2012 in
148 1981 167 2012 l.
185 1984 216 2013 6.
229 1980 270 2021 ff.
296 1982 329 2011 de
346 1980 537 2020 Naut.foe7z.
563 1989 623 2012 nec
639 1980 805 2021 quicquam
821 1979 902 2010 hanc

29 2023 181 2056 mercium
199 2022 442 2054 diminutionem
460 2022 498 2053 ad
517 2022 708 2054 creditorem
726 2021 900 2061 pertinere,

31 2065 128 2097 modo
149 2064 178 2095 ei
206 2063 296 2095 causa
323 2063 437 2095 crediti
463 2063 546 2096 salva
571 2062 632 2094 ess'e
649 2062 753 2104 posset
771 2072 811 2094 ex
827 2062 899 2094 reli-

31 2115 96 2147 quo
117 2105 258 2146 pignore.
304 2104 401 2150 Quod
427 2112 463 2136 ut
483 2104 637 2146 effugeret
655 2105 818 2144 Maevius,
842 2103 898 2135 fin-

33 2148 146 2189 gebat,
170 2146 269 2188 ipsum
285 2147 437 2179 mercium
453 2146 628 2178 dominium
653 2155 707 2187 per
724 2146 809 2178 hunc
824 2155 901 2178 con-

33 2189 166 2221 tractum
189 2188 227 2219 ad
251 2187 451 2220 Creditorem
480 2187 641 2219 transiisse.
688 2187 786 2233 Quod
805 2188 902 2229 longe

31 2238 99 2263 erat
127 2228 361 2270 ineptiffimum.
406 2229 548 2261 Addebat
571 2229 791 2270 Sempronius,
815 2228 903 2270 quod

34 2273 65 2305 &
81 2280 189 2302 verum
210 2278 293 2308 erat,
318 2271 413 2311 longe
436 2270 474 2301 ab
498 2270 555 2301 hac
577 2270 678 2312 specie
695 2270 796 2302 abesse
814 2269 899 2302 testi-

31 2313 138 2346 monia
161 2313 192 2344 δι
216 2310 381 2343 sententias
399 2335 409 2350 ‚
439 2312 478 2343 de
503 2311 613 2353 quibus
633 2311 721 2353 supra
744 2312 808 2344 dixi
829 2334 840 2351 ,
870 2312 901 2344 &

34 2354 144 2396 quiqui
173 2352 214 2385 fic
243 2352 392 2384 sentirent
410 2376 419 2391 ‚
443 2351 524 2393 justo
543 2353 654 2393 praelio
675 2353 757 2385 haud
777 2354 824 2385 ita
836 2353 899 2394 pri-

34 2397 107 2429 dem
132 2394 298 2426 debellasse
323 2394 493 2427 Adrianum
518 2394 650 2425 Verwer
673 2403 741 2426 over
761 2394 810 2426 het
834 2400 902 2437 regt

0 2445 2 2450 ·
35 2448 98 2469 van
116 2437 311 2477 Bodemeryen
335 2434 364 2476 ὃ.
385 2446 436 2475 24.
461 2437 491 2468 ἃ
505 2437 537 2466 in
556 2441 617 2467 not.
639 2436 719 2466 add.
768 2460 775 2466 .
796 2446 846 2476 24.
867 2442 901 2476 p.

38 2483 109 2520 146.
135 2477 170 2513 ὅ)
187 2483 220 2518 p.
242 2481 311 2509 160.
337 2476 466 2518 &stqq.
510 2477 657 2515 Senatus,
682 2477 724 2508 mi
750 2478 775 2508 is
800 2477 901 2508 omni-

32 2521 111 2560 bus,
133 2528 228 2560 quum
248 2527 349 2559 partes
368 2519 399 2550 in
414 2528 453 2549 eo
466 2518 693 2556 convenirent,
716 2518 804 2549 litem
822 2517 903 2550 hanc

34 2562 170 2605 pendere
185 2569 226 2591 ex
243 2560 387 2592 dominio
404 2560 555 2591 mercium
568 2582 577 2596 ,
603 2567 707 2590 utrum
725 2558 850 2590 scilicet
863 2559 903 2590 ad

35 2603 224 2636 creditorem
248 2601 427 2640 transierit,
452 2611 489 2632 an
508 2600 654 2632 manserit
678 2600 758 2641 apud
776 2599 902 2632 debito-

36 2654 122 2682 rem,
146 2643 225 2675 certi
244 2643 321 2683 juris
342 2643 403 2674 ess‘e
428 2642 572 2683 putavit,
597 2641 736 2674 mansisse
751 2642 832 2683 apud
851 2641 902 2672 de-

34 2686 170 2718 bitorem
180 2707 190 2723 ,
214 2692 310 2724 atque
323 2684 402 2715 adeo
418 2684 484 2723 ejus
499 2683 640 2725 periculo
659 2683 827 2715 diminutas
841 2682 904 2714 esse

36 2735 158 2759 merces
180 2747 195 2763 ,
231 2727 360 2765 quarum
396 2724 564 2757 aestimatio
599 2725 693 2766 longe
725 2724 828 2756 adhuc
857 2724 904 2757 su-

36 2767 165 2810 perabat
191 2776 232 2798 aes
256 2766 404 2798 alienum.
458 2766 585 2798 Paribus
625 2767 721 2807 igitur
749 2765 905 2806 suffragiis

37 2817 168 2850 utraque
183 2807 333 2840 sententia
345 2807 475 2848 probata
491 2806 536 2839 est
552 2818 603 2848 27.
620 2808 690 2849 Jun.
711 2816 801 2849 1711.
821 2806 905 2849 (10)

73 2906 134 2944 (9)
153 2905 276 2935 Vinnius
296 2905 320 2933 d.
344 2905 391 2933 loc.

78 2945 160 2982 (10)
180 2944 318 2983 observat.
341 2942 459 2972 Tumult.
482 2941 515 2972 T.
535 2944 586 2973 111.
607 2953 636 2974 n.
662 2947 728 2981 746,

23 2982 29 3009 l

1745 107 1818 152 425'

991 188 1099 229 Seius,
1119 186 1266 220 dominus
1294 188 1324 220 ὅ(
1350 187 1492 229 magister
1519 191 1677 231 cujusdam
1703 193 1816 233 navis,

950 241 1021 263 cum
1039 239 1075 262 ea
1093 230 1213 271 appulit
1230 229 1478 262 Amsterdamum
1490 253 1499 268 ‚
1517 240 1674 276 quumque
1689 235 1751 275 ibi,
1770 237 1814 270 eit

950 273 1044 305 variis
1061 272 1175 310 causis,
1191 272 1311 313 aliquot
1327 270 1428 304 millia
1443 270 1571 304 deberet
1583 275 1706 309 duobus
1723 278 1815 310 Mer.

952 314 1111 348 catoribus
1126 337 1138 354 ,
1159 323 1218 346 nec
1241 313 1369 347 haberet
1387 334 1398 351 ,
1434 312 1516 344 unde
1541 312 1677 349 solveret
1693 342 1703 357 ‚
1730 315 1813 360 apud

951 356 1123 390 Notarium
1141 356 1171 388 ὅ(
1194 356 1285 388 binos
1306 354 1397 388 testes
1420 363 1472 396 23.
1495 353 1576 396 Aug.
1604 365 1692 398 1707,
1717 360 1812 400 profi.

952 406 1036 431 tetur
1053 398 1084 432 se
1102 398 1139 429 iis
1157 397 1272 430 debere
1290 402 1383 439 3800.
1406 394 1542 428 florenos
1556 419 1566 435 ,
1590 406 1669 437 quos
1691 400 1746 431 suo
1761 403 1815 434 die

951 439 1087 474 solveret
1104 445 1162 471 met
1177 450 1229 471 een
1240 440 1342 482 opgeld
1356 447 1419 470 van
1441 446 1490 469 10.
1503 444 1557 479 per
1575 438 1662 470 Cento
1684 442 1705 470 's
1715 443 1813 482 jaars,

951 483 980 514 ὅ(
1006 491 1069 524 quo
1094 482 1191 524 magis
1214 481 1277 514 ilhs
1303 489 1431 513 cautum
1454 479 1531 511 effet
1547 503 1557 519 ,
1590 490 1702 512 navem
1730 482 1815 517 suam

948 524 1070 567 pignori
1090 523 1220 566 obligat.
1266 522 1479 561 emtionem,
1502 531 1540 558 ea
1558 522 1597 553 de
1618 531 1653 553 re
1675 523 1814 564 interpo-

948 566 1035 599 fitam
1053 587 1064 604 ‚
1094 572 1224 607 utraque
1247 575 1317 607 pars
1348 563 1526 605 appellabat
1557 573 1610 595 een
1642 563 1813 606 Bodemery-

947 607 1034 648 brief.
1079 607 1167 647 Seius
1183 617 1254 639 cum
1274 606 1345 638 navi
1372 605 1423 637 sua
1447 605 1488 637 fic
1511 605 1639 647 navigat
1665 605 1814 638 Christia-

946 650 1030 682 niam
1047 672 1059 688 ‚
1083 649 1114 681 ὅ(
1142 649 1185 681 ibi
1207 658 1275 682 eam
1298 648 1408 680 vendit
1431 646 1510 688 Cajo
1525 671 1536 688 ,
1566 646 1618 679 sed
1642 657 1716 679 cum
1742 647 1813 680 haec

943 690 1044 724 rursus
1065 689 1314 723 Amsterdamum
1329 688 1522 728 adveniffet‚
1539 688 1661 722 ari-esto
1676 698 1744 720 earn
1758 689 1813 721 de-

946 733 1048 765 tinent
1062 732 1127 764 duo
1150 733 1196 765 illi
1217 732 1438 767 Mercatores‚
1462 731 1491 762 ἃ
1515 740 1532 762 a
1558 730 1733 772 Magistm,
1758 731 1814 772 qui

945 782 1020 807 tunc
1038 782 1122 813 erat,
1140 774 1171 806 in
1187 774 1255 814 jure
1269 780 1401 815 petunt,
1425 772 1508 814 quod
1524 773 1556 804 in
1573 773 1720 804 cautione
1737 781 1814 804 con-

945 823 1071 848 venerat
1088 838 1099 854 ,
1130 816 1160 848 &
1188 815 1356 847 secundum
1377 823 1432 845 eos
1451 813 1642 845 sententiam
1664 813 1815 846 dixerunt:

944 857 1067 898 Judices
1095 856 1412 889 Amsterdammenses
1438 864 1488 887 21.
1520 855 1595 897 Apr.
1633 864 1721 896 1709.
1758 854 1813 887 sed

945 898 1040 931 Curia
1063 898 1245 930 Hollandiae
1269 902 1319 932 28.
1347 897 1420 929 061.
1447 906 1536 938 1712.
1560 897 1748 930 sententiam
1774 897 1813 928 il-

944 941 1005 972 lam
1023 939 1168 980 rescidit,
1191 940 1221 972 ὅ(
1239 940 1439 972 Mercatores
1466 939 1592 980 repulit.
1638 937 1818 985 Quaefitum'.

943 981 989 1014 cst
1014 991 1054 1013 ex
1086 981 1297 1022 appellatione
1322 980 1405 1022 apud
1431 980 1582 1012 Senatum
1604 981 1814 1021 Supremum‚

943 1031 1012 1054 utra
1033 1021 1184 1054 sententia
1200 1021 1396 1063 praeferenda
1418 1021 1522 1053 effet?
1545 1021 1650 1068 Quam
1674 1021 1813 1053 maxime

941 1064 1255 1102 controvertebatur,
1279 1072 1317 1095 an
1345 1063 1399 1094 illa
1423 1063 1550 1103 cautio,
1574 1073 1643 1104 quae
1675 1063 1812 1095 Bodeme-

942 1105 1064 1147 ry-Brie
1101 1104 1282 1143 dicebatur,
1307 1103 1473 1145 obligasset
1495 1113 1624 1142 navem,
1648 1111 1738 1145 atque
1766 1104 1812 1136 ita

943 1147 1035 1180 effeci
1065 1154 1096 1178 et
1110 1168 1122 1185 ,
1145 1153 1181 1177 ut
1200 1155 1273 1177 curn
1298 1145 1355 1178 illo
1376 1153 1473 1177 onere
1498 1145 1662 1177 transiiss‘et
1686 1146 1724 1177 ad
1745 1155 1810 1178 ern-

943 1197 1084 1232 ptorem,
1107 1187 1304 1228 eundemque
1329 1187 1457 1219 tertium
1474 1185 1674 1227 possessorem
1690 1185 1706 1217 ?
1725 1186 1811 1233 Qua-

943 1239 1016 1262 tuor
1033 1230 1200 1262 Senatores
1224 1227 1399 1270 negabant,
1422 1228 1494 1269 quia
1518 1228 1588 1259 haec
1608 1228 1716 1260 cautio
1744 1237 1811 1261 non

943 1282 1010 1304 erat
1026 1270 1181 1303 celebrata
1196 1279 1303 1302 coram
1317 1270 1386 1310 lege
1402 1270 1488 1307 loci,
1509 1279 1570 1301 nec
1593 1269 1715 1309 soluta,
1739 1279 1811 1311 quae

942 1313 1036 1346 Fisco
1061 1311 1231 1344 debebatur
1249 1334 1260 1350 ,
1293 1310 1522 1352 quadragesima
1539 1334 1548 1350 ‚
1579 1311 1662 1352 quod
1690 1319 1811 1342 utrum-

943 1365 1025 1394 que,
1050 1353 1144 1385 etiarn
1161 1353 1193 1385 in
1216 1352 1462 1394 oppignorandis
1483 1352 1635 1390 navibus,
1658 1351 1811 1384 desiderat

944 1397 1101 1429 Ordmum
1118 1394 1302 1427 Hollandiae
1321 1393 1468 1426 Edictum
1495 1395 1534 1425 de
1562 1393 1636 1426 XL.
1662 1403 1712 1425 22.
1735 1392 1807 1434 Jun.

947 1442 1039 1478 1695.
1062 1437 1233 1478 Excipitur
1257 1435 1385 1477 quidem
1403 1435 1538 1476 pecunia
1561 1435 1678 1470 credita
1694 1439 1727 1475 op
1753 1434 1812 1473 Bo<

942 1481 1059 1522 demery
1072 1480 1105 1511 in
1120 1477 1148 1520 ᾗ.
1170 1481 1212 1520 36
1234 1478 1263 1508 d.
1289 1476 1395 1508 Edi&
1417 1475 1468 1510 sed
1492 1477 1564 1508 haec
1585 1476 1694 1507 cautio
1718 1483 1810 1508 exce*

943 1522 1035 1554 debat
1055 1519 1231 1554 notiffimos
1254 1519 1321 1559 eius
1346 1518 1527 1550 contr-aetus
1550 1518 1721 1557 terminos,
1743 1527 1810 1551 non

943 1570 1067 1595 tantum
1091 1561 1176 1604 quod
1200 1560 1333 1602 pecunia
1362 1569 1426 1592 11011
1447 1559 1525 1592 esset
1550 1566 1675 1601 erogata
1701 1560 1732 1591 in
1758 1568 1811 1591 ne·

943 1603 1098 1638 ceffitates
1113 1602 1252 1642 itineris,
1276 1601 1361 1644 quod
1384 1602 1468 1634 recte
1489 1602 1583 1634 etiam
1606 1601 1703 1643 exigit
1726 1600 1753 1633 d.
1779 1600 1809 1642 §.

942 1651 994 1689 36.
1018 1645 1070 1679 sed
1088 1645 1119 1677 &
1132 1645 1216 1686 quod
1232 1643 1413 1677 Creditores
1432 1644 1552 1676 nullum
1581 1643 1703 1675 itineris
1727 1645 1809 1684 peri-

940 1688 1049 1721 culum
1074 1687 1106 1719 in
1135 1687 1167 1719 se
1193 1684 1415 1727 suscepiffent‚
1439 1686 1525 1727 quod
1545 1685 1676 1717 omnino
1702 1683 1811 1725 postu-

942 1730 988 1763 lat
1001 1737 1108 1762 natura
1130 1728 1232 1762 mutui
1250 1727 1396 1766 nautici;
1419 1728 1450 1760 &
1475 1727 1548 1770 quia
1577 1735 1644 1758 non
1671 1724 1812 1767 suscepe-

940 1778 1030 1811 rant,
1054 1770 1143 1811 Seius
1163 1770 1257 1802 aliam
1281 1769 1369 1802 navis
1389 1768 1452 1801 suae
1475 1767 1735 1801 affecurationem
1755 1776 1810 1799 cu-

942 1820 1074 1846 raverat.
1118 1811 1318 1852 Affumptum
1338 1810 1461 1844 scilicet
1485 1818 1601 1843 nomen
1625 1819 1687 1841 van
1718 1809 1810 1841 Bode-

943 1865 1024 1897 mery
1043 1877 1054 1894 ,
1077 1863 1118 1886 ne
1146 1853 1178 1885 in
1206 1851 1468 1895 quadragesimam
1494 1851 1679 1884 inciderent,
1698 1881 1706 1885 ,
1726 1850 1812 1882 Tres

944 1905 1050 1929 tamen
1074 1896 1241 1928 Senatores
1265 1894 1365 1936 (nam
1386 1893 1503 1936 septem
1531 1894 1704 1925 intererant
1730 1891 1812 1933 judi=

944 1938 1027 1979 cio)
1052 1937 1084 1970 in
1107 1936 1299 1969 contrariam
1322 1936 1509 1969 sententiam
1534 1935 1639 1974 ibant,
1660 1934 1751 1972 solo,
1775 1939 1813 1964 ut

945 1979 1094 2018 videtur,
1116 1979 1245 2011 nomine
1266 1978 1418 2010 contenti.
1464 1977 1525 2010 Sed
1544 1985 1635 2016 erro,
1657 1985 1722 2008 non
1744 1973 1815 2007 solo

945 2021 1075 2054 nomine
1092 2044 1103 2060 ‚
1134 2030 1206 2052 nam
1229 2020 1261 2052 ὁ(
1301 2019 1512 2051 movebantur
1542 2017 1727 2050 testimonio
1758 2025 1811 2056 25.

944 2063 1169 2096 Mercatorum
1191 2059 1536 2094 Amsterdammenfium
1553 2083 1565 2099 ,
1584 2060 1656 2101 qui,
1679 2069 1744 2091 non
1767 2059 1814 2099 iu-

944 2105 1002 2136 rati
1019 2104 1137 2142 etiam,
1159 2102 1385 2140 adfirmabant,
1408 2103 1452 2134 ita
1472 2102 1570 2134 moris
1593 2100 1679 2140 effe,
1701 2102 1756 2132 dat
1777 2100 1813 2131 de

947 2145 1209 2187 Correspondenten
1229 2154 1292 2176 van
1305 2145 1340 2175 de
1356 2143 1483 2175 Sweden
1502 2153 1539 2174 en
1560 2142 1670 2175 Denen
1687 2149 1714 2173 te
1734 2141 1811 2173 Am-

943 2185 1069 2228 [Zerdam
1086 2188 1138 2229 zig
1154 2187 1220 2218 door
1243 2186 1292 2218 het
1315 2195 1434 2217 neemen
1459 2195 1522 2216 van
1548 2185 1692 2225 zodanige
1719 2183 1811 2214 Bode-

944 2227 1324 2270 mery-brievensecureren
1344 2237 1406 2258 van
1426 2226 1500 2258 haar
1523 2225 1717 2267 agnerweshn.
1750 2223 1813 2256 Sed

943 2271 1052 2310 quidni
1071 2278 1146 2302 tunc
1165 2269 1260 2301 etiam
1279 2271 1313 2300 de
1340 2267 1602 2308 correspondenten
1620 2276 1681 2297 vczn
1704 2266 1811 2296 andere

944 2311 1064 2344 Natien
1078 2311 1096 2343 ⁸?
1119 2310 1215 2351 quue
1242 2309 1362 2342 valebit
1376 2311 1410 2340 in
1427 2308 1645 2350 praejudicium
1669 2307 1758 2339 tertii
1781 2306 1814 2338 δι’

943 2354 978 2385 in
991 2352 1135 2385 fraudem
1161 2351 1265 2393 legis?
1287 2351 1407 2392 judicis
1427 2350 1539 2391 ntique
1570 2348 1616 2381 est
1631 2371 1643 2387 ,
1666 2358 1739 2380 cum
1763 2356 1814 2379 res

944 2395 1077 2433 incidit,
1102 2393 1213 2425 Edicta
1229 2393 1385 2424 Ordinum
1406 2392 1506 2429 tueri,
1527 2399 1587 2422 nec
1604 2390 1695 2430 pati,
1720 2396 1755 2420 ut
1776 2397 1814 2419 ea

945 2435 1168 2472 Mercatores,
1203 2432 1339 2474 quaestus
1362 2431 1407 2464 sui
1428 2432 1528 2473 gratia
1543 2455 1553 2470 ‚
1583 2431 1730 2469 eludant,
1753 2438 1815 2461 nec

945 2476 1009 2507 ulla
1026 2476 1120 2507 ullius
1142 2474 1262 2515 Judicis
1283 2473 1457 2511 sententia,
1479 2472 1719 2513 proferebatur,
1744 2480 1816 2512 quae

946 2516 1027 2549 hanc
1040 2514 1182 2549 fraudem
1199 2514 1378 2556 probasset,
1401 2514 1430 2546 &
1449 2523 1544 2545 nemo
1562 2523 1626 2545 non
1640 2513 1815 2554 intelligit,

946 2567 1038 2598 quam
1060 2556 1176 2589 frustra
1197 2557 1231 2588 in
1254 2555 1410 2596 ejusmodi
1434 2555 1531 2587 caufis
1558 2553 1815 2596 philosophemur

945 2600 985 2630 de
1000 2606 1186 2631 mercatura:
1201 2597 1323 2629 favore.
1365 2597 1418 2629 Sic
1437 2603 1571 2637 quatuor
1584 2596 1751 2628 Senatores
1765 2595 1813 2625 vi-

946 2640 1077 2678 cissent,
1103 2649 1152 2671 10.
1175 2639 1262 2679 Sept.
1289 2643 1381 2680 1718.
1405 2637 1501 2679 (11)
1520 2636 1571 2669 sed
1594 2638 1666 2679 quia
1691 2646 1754 2669 non
1770 2635 1813 2668 sa=

947 2682 989 2713 tis
1009 2680 1173 2713 constabat
1198 2679 1237 2711 de
1270 2678 1480 2722 quibusdam,
1509 2689 1578 2721 quae
1604 2678 1680 2710 faCti
1704 2685 1813 2715 erant,

946 2723 1090 2765 pluribus
1107 2722 1228 2763 placuit
1248 2721 1287 2752 de
1315 2721 1363 2752 his
1387 2719 1672 2760 interloquendum.
1717 2717 1813 2763 Quod

945 2764 998 2796 ubi
1016 2763 1156 2806 partibus
1172 2763 1380 2803 significatum
1402 2760 1469 2800 est,
1489 2760 1528 2792 de
1547 2767 1617 2791 tota
1639 2760 1698 2792 lite
1715 2768 1811 2791 trans-

947 2813 1090 2848 egerunt.

989 2903 1067 2942 (11)
1087 2903 1200 2941 observ.
1224 2901 1344 2933 Tamum.
1366 2901 1400 2932 T.
1421 2901 1472 2931 VI.
1492 2910 1519 2931 η.
1542 2903 1628 2937 1467.

476 3038 696 3075 FINIS
769 3037 1003 3076 LIBRI
1076 3034 1376 3074 TERTII.

82 3258 167 3298 Tem.
190 3256 231 3291 11.

1049 3249 1161 3288 aba
1677 3235 1823 3283 001<-
