2008 3436
177 116 249 154 434
422 108 826 145 CORNELM

177 195 435 236 aestiinationcni,
461 196 544 238 quod
564 207 604 229 ex
624 196 651 239 §.
677 207 709 239 3.
733 195 769 231 ἐξ
785 205 835 232 29.
859 194 919 226 Ed.
942 194 979 225 P.
1005 186 1042 228 ἐξ

176 236 204 277 §-
231 247 259 268 2-
284 237 319 272 ΕΡ
337 247 384 278 15.
406 238 447 270 A.
471 240 592 271 decima
610 249 679 280 pars
699 239 804 269 oneris
818 236 937 268 domini
958 235 1037 276 peri-

175 280 250 309 culo
265 288 388 310 manere
404 279 535 319 debeat,
556 281 639 322 quod
657 279 729 310 heic
746 277 862 309 factum
881 287 943 308 non
960 284 1037 307 erat.

176 319 274 359 ldquc
291 319 337 351 llli
359 322 524 353 senatores
539 323 668 353 omnino
692 318 875 351 servandum
888 318 1038 358 putabant

175 369 306 402 propter
324 361 354 403 ᾗ.
383 372 407 394 1.
428 363 470 394 A.
488 363 551 394 Alii
573 370 649 393 vero
665 370 727 392 non
745 359 947 397 servandum,
967 366 1037 389 cum

176 400 247 433 usus
263 402 293 433 id
309 403 369 442 iarn
390 403 564 445 subegisset.
611 403 670 435 Sed
687 401 757 442 quia
772 401 889 441 placuit
903 401 941 431 de
960 398 1038 430 testi·

176 444 317 475 macione
342 444 443 477 damni
469 445 532 476 dati
563 445 644 475 inter
669 449 775 483 partes
803 441 1038 473 transactionem

176 491 299 516 tentare
314 508 323 523 ,
345 485 507 526 displicuit
522 495 604 517 nunc
625 485 663 515 de
678 493 717 514 eo
736 483 891 527 prolixius
905 481 1039 522 disputa-

175 534 218 556 re.
244 525 292 557 An
309 534 419 558 contra
439 526 536 567 Leges
553 526 722 558 affeeurare
739 525 848 563 liceat,
872 523 962 565 plena
979 532 1040 554 ma-

175 576 218 598 nu
229 569 361 607 proximo
379 569 480 608 Capite
496 575 587 609 agere
604 566 762 599 constitui.

219 608 424 640 Amstcrdami
443 609 649 641 allecuratum
666 607 712 640 est
735 614 767 648 op
786 607 803 648 ξ
819 606 942 648 inseker
951 603 1039 645 schip

177 659 212 680 cn
228 651 351 692 ladirzg,
373 660 434 681 van
451 650 643 693 nsiidclelburg
658 659 734 681 naar
753 648 875 691 Angola
894 649 926 677 in
946 645 1037 686 Afri-

179 700 231 729 ca,
258 701 329 733 germ
341 692 440 731 plaats
459 692 661 733 uytgesbndert
685 697 718 732 op
742 692 775 721 de
801 689 917 732 geheele
941 685 1037 727 chfi,

177 743 213 762 en
237 742 297 763 vam
319 734 390 763 clam·
416 742 492 764 mer
515 738 563 765 het
585 733 705 774 Eyland
729 732 775 763 St.
803 732 923 763 Thomas
940 730 972 759 in
993 727 1039 759 A-

170 774 276 813 frica,
299 784 334 804 en
358 784 398 805 na
420 776 531 816 gecione
556 775 670 817 negotie
690 775 791 805 weder
821 782 882 804 van
903 773 976 802 darn·
1003 774 1044 800 tot

178 815 381 857 alsicldelhrirg.

176 856 248 887 inde
263 856 357 888 solvit
378 867 448 889 cum
472 858 647 892 mercibus.
673 857 821 897 navigans
851 856 888 886 ad
913 852 1044 897 insulam

177 896 221 929 D.
243 898 402 937 Thomae,
426 908 495 940 quae
518 898 563 931 est
582 899 612 931 in
632 898 795 936 America‚
821 897 850 928 ἀ
871 895 914 927 ibi
937 904 953 925 a
969 902 1043 924 navr

178 939 329 971 Francica
345 942 486 981 capitur,
510 941 539 972 &
556 941 669 972 deinde
685 938 876 980 publicatur.
921 935 1046 981 Affecu-

177 990 263 1013 ratus
281 981 484 1014 Arnsterdami
505 983 586 1023 petit
600 982 764 1019 damnum,
785 979 858 1011 navi
877 976 1045 1010 mercibus-

176 1033 238 1064 que
259 1023 388 1062 datum3
411 1031 504 1065 negat
532 1022 719 1054 assecurator
746 1021 776 1054 se
797 1021 966 1062 quicquam
999 1024 1043 1048 te-

177 1065 265 1103 neri,
290 1065 362 1105 quia
379 1066 468 1097 navis
488 1072 599 1096 contra
627 1064 868 1096 instrumentum
894 1059 1043 1091 ass'ecura⁴

178 1107 294 1143 tionis,
316 1106 431 1148 absque
447 1106 512 1138 ulla
539 1105 719 1137 necestitate
731 1126 743 1143 ,
763 1104 823 1135 iter
845 1107 1043 1146 mutaverat,

175 1148 325 1189 navigans
345 1148 383 1179 ad
400 1147 598 1184 Amcricam,
622 1147 674 1178 ubi
701 1146 733 1177 in
751 1144 860 1176 Africa
881 1140 1041 1187 lubfiilen-

175 1191 250 1221 dum
271 1195 356 1227 erat,
386 1189 415 1220 ὅ(
434 1212 444 1227 ,
477 1189 591 1220 itinere
619 1195 762 1224 mutato,
783 1185 1042 1216 assecurationem

177 1229 240 1262 ess'e
256 1230 373 1262 nullam
388 1239 427 1262 ex
453 1230 482 1271 ἓ.
506 1238 535 1270 7.
561 1228 603 1260 A.
629 1226 810 1267 Respondet
832 1224 1042 1259 assecuratus,

176 1273 239 1304 iter
258 1281 322 1304 non
342 1271 403 1303 effe
421 1279 593 1308 mutatum,
617 1278 687 1300 nam
704 1266 909 1299 assecuratum
928 1263 990 1295 esse
1007 1263 1043 1294 ad

177 1313 307 1346 insulam
331 1312 374 1344 D.
399 1311 538 1343 Thornae
556 1333 566 1348 ,
592 1310 634 1341 Sr.
665 1308 806 1348 Thomas,
831 1307 860 1338 ἃ
879 1315 935 1352 per
964 1305 1045 1336 hanc

176 1354 315 1395 intelligi
335 1352 464 1384 insulam
488 1352 532 1384 D.
555 1351 715 1389 Thornae,
740 1358 809 1391 quae
834 1346 879 1379 est
903 1357 935 1378 in
952 1346 1045 1393 Aine-

176 1397 259 1435 rica‚
282 1395 372 1427 aliam
389 1392 518 1426 insulam
530 1417 539 1431 ‚
562 1403 631 1436 quae
647 1393 677 1424 in
694 1390 804 1423 Africa
829 1388 875 1421 est
893 1388 948 1421 sub
964 1388 1048 1420 linea

176 1435 423 1478 AEquinofflali,
446 1434 565 1477 semper
588 1434 734 1477 appellari
761 1433 802 1464 δ’.
817 1430 925 1463 Thomci
939 1452 952 1469 ,
976 1439 1046 1477 'non

178 1479 220 1510 δ’.
242 1478 383 1517 Thomas,
407 1477 491 1519 quod
507 1485 613 1509 autem
627 1475 766 1508 additum
789 1473 853 1513 est,
877 1473 911 1503 in
931 1471 1046 1518 Africa

177 1520 269 1562 culpa
291 1520 342 1551 vel
366 1519 546 1561 ignorantia
574 1518 763 1550 Proxenetae
795 1515 858 1547 effe
882 1513 1040 1560 additum,

178 1563 209 1594 ὅ(
227 1560 338 1594 falsam
355 1562 434 1593 hanc
451 1561 658 1601 adjeffionem
676 1559 728 1592 vel
747 1555 1047 1602 demonstrationem

175 1614 240 1636 non
259 1604 372 1635 vitiare
398 1612 463 1635 rem
480 1602 594 1644 ipsam,
620 1602 649 1633 ὅ(
664 1601 716 1632 vel
738 1599 810 1632 ideo
831 1608 896 1630 non
910 1605 1043 1635 vrtmre,

178 1647 253 1688 quia
267 1645 495 1678 assecuratione
512 1644 694 1686 simpliciter
705 1641 787 1674 fasta
800 1647 833 1681 op
849 1642 883 1671 de
900 1637 975 1680 Kufi
986 1648 1049 1670 van

177 1688 314 1728 Africa,
339 1686 437 1719 insula
459 1688 500 1719 S‘.
530 1686 659 1723 Thomcz‘,
682 1684 778 1715 etiam
805 1692 871 1729 non
888 1680 1047 1723 expressa,

177 1730 232 1763 sub
255 1739 290 1761 ea
315 1728 612 1768 comprehenditur,
638 1733 673 1758 ut
695 1725 822 1767 plui-itm
846 1723 1047 1756 Mera-atores

180 1781 244 1803 uno
261 1780 316 1802 ore
339 1769 541 1802 testabantur.

224 1813 271 1844 Ad
293 1812 363 1843 haec
387 1811 594 1851 ass'ecurator,
619 1818 782 1851 utramque
805 1806 935 1839 insulam
964 1805 1046 1852 &fin

182 1855 293 1886 Africa
319 1855 349 1885 &
372 1854 403 1885 in
427 1853 571 1885 America
587 1876 597 1891 ‚
628 1863 691 1884 uno
719 1852 896 1890 ,eodemque
918 1856 1047 1880 nomine

181 1896 309 1933 vocari,
335 1896 365 1926 δε
384 1905 474 1931 cam,
499 1904 568 1936 quae
593 1896 622 1927 in
645 1893 755 1926 Africa
780 1891 846 1929 est,
861 1892 902 1937 ⁵in
923 1889 1048 1935 quibus-

180 1938 250 1968 dam
272 1937 385 1968 tabulis
404 1935 651 1977 Gcographicis‚
670 1934 768 1966 'etiam
791 1932 963 1965 noviflimae
984 1930 1048 1961 cdi-

182 1980 296 2014 iionis,
314 1979 422 2009 vocari
439 1979 566 2010 insulam
585 1978 625 2008 St.
647 1977 778 2008 Thomas.
803 1973 948 2009 Deinde,
968 1981 1048 2017 qute-

180 2029 305 2060 cunque
325 2020 447 2051 tandem
464 2029 550 2051 mens
566 2019 663 2051 fucrit
680 2016 841 2049 ass‘ecurati
853 2038 862 2053 ,
887 2014 971 2046 suam
987 2022 1046 2044 uti·

182 2071 244 2101 que
267 2060 378 2098 fuiffe,
402 2060 568 2092 seeundum
587 2067 693 2101 aperta
715 2056 911 2090 instrumenti
933 2055 1047 2091 verba,

183 2112 246 2134 non
265 2101 356 2132 aliter
381 2100 572 2139 affeetu-are,
608 2102 652 2132 als
676 2107 709 2141 op
734 2100 774 2130 St,
804 2098 925 2129 Thomas
948 2098 981 2127 in
999 2096 1045 2127 A·

176 2144 282 2183 frica,
305 2151 372 2182 quae
391 2142 487 2173 insula
512 2143 553 2173 ab
572 2152 627 2173 ore
645 2142 763 2173 Africae
781 2141 835 2170 vix
851 2148 902 2178 40.
929 2146 979 2169 aut
993 2147 1046 2176 50.

184 2183 367 2217 milliaribus
382 2183 493 2221 distat,
513 2184 642 2215 minime
664 2191 741 2213 vero
758 2188 790 2222 op
809 2180 851 2211 δ’.
880 2179 1000 2225 Thomas
1017 2180 1050 2224 in

185 2226 348 2263 Amerz'ca,
372 2233 440 2263 quae
460 2223 560 2256 insula
577 2225 614 2255 ad
633 2224 795 2255 minimum
815 2226 886 2255 800.
911 2221 1049 2252 milliari-

185 2268 262 2305 bus,
289 2266 328 2297 ab
352 2264 461 2297 Africa
480 2265 620 2304 diffidet,
645 2266 675 2297 ὅς
696 2263 836 2306 quamvis
859 2262 904 2294 Se.
929 2261 1051 2292 Thomas

186 2309 285 2349 vulgo
304 2307 586 2347 comprehendatur
602 2316 638 2338 ca
663 2305 906 2341 assecuratione,
929 2312 997 2343 quae
1013 2302 1051 2333 fit

185 2356 219 2390 op
246 2351 279 2380 cle
303 2347 380 2390 Kusb
404 2358 465 2379 van
492 2348 606 2388 Africa
623 2370 633 2386 ,
656 2347 678 2379 si
707 2355 810 2378 tamen
836 2345 1047 2389 exprimatur,

185 2390 443 2422 abundantiorem
461 2390 615 2420 cautelam
637 2398 700 2420 non
721 2395 855 2425 nocere,
879 2386 957 2416 alios
976 2384 1049 2415 alie-

184 2440 344 2464 curatorcs
366 2431 491 2472 quidem
510 2429 720 2470 subscripsisse
739 2428 838 2460 eidem
869 2425 1050 2458 instrumen-

187 2483 242 2511 to,
266 2483 338 2503 mter
355 2473 396 2504 S1.
422 2471 543 2503 Thomas
561 2474 593 2503 in
615 2472 768 2508 Arrzerz'ccz,
794 2469 843 2501 sed
871 2470 900 2500 ἃ
925 2467 1052 2513 eosdem

187 2515 284 2554 majus
308 2513 508 2554 fidejussionis
532 2513 693 2551 praemium
712 2510 882 2551 accepiffe,
915 2518 1007 2550 quarn
1028 2518 1051 2538 i-

188 2555 241 2596 pse
264 2564 446 2596 acceperat,
472 2555 502 2585 &
519 2553 589 2585 sane
612 2563 684 2584 curn
712 2554 743 2584 in
758 2562 825 2584 uno·
844 2550 1052 2596 instrumento

187 2605 403 2629 memorentur
419 2596 486 2626 duae
512 2594 776 2631 affecurationcs,
798 2594 895 2625 altera
918 2592 954 2623 ad
969 2592 1050 2622 inlu-

188 2639 250 2670 ]arn
282 2636 320 2667 D.
346 2636 484 2668 Tnomae
516 2636 546 2666 in
578 2634 683 2666 Africa
707 2658 715 2671 ,
739 2636 835 2666 altera
858 2634 898 2664 ad-
918 2632 1049 2664 insulam

189 2679 232 2710 D.
259 2678 398 2710 Thomae
416 2677 448 2708 in
468 2677 629 2713 America,
655 2676 722 2715 quis
744 2676 906 2706 hominurn
926 2682 977 2704 eas
1004 2674 1049 2704 in-

190 2720 269 2751 sulas
298 2729 363 2751 non
392 2718 503 2750 habeat
528 2726 586 2756 pro
617 2715 744 2747 diver-sis
771 2718 800 2747 <St
830 2714 999 2755 separatis?
1021 2714 1053 2745 Si

190 2759 507 2802 §impliciter-dietum
524 2757 652 2795 fuisset,
669 2756 712 2788 St.
733 2757 871 2793 Tffiomas,
890 2764 953 2786 non
971 2754 1055 2785 addi-

193 2813 223 2834 ta
240 2803 402 2834 mentione
426 2800 562 2837 Africae,
585 2798 712 2830 fortalse
726 2798 832 2839 potior
854 2795 961 2827 fuisset
981 2795 1054 2826 ass'e-

189 2843 289 2875 curati
310 2841 408 2874 causi.
456 2841 552 2873 Nunc
572 2850 642 2871 cum
662 2840 741 2870 vicit
763 2838 949 2870 allecumtor
973 2837 1053 2876 apud

199 2885 315 2920 {udices
331 2883 587 2914 asl'ccurationum
600 2878 910 2912 Amsterdammenses
924 2888 951 2909 ε.
970 2877 1051 2909 Dec.

192 2920 287 2964 '²694-
312 2925 392 2965 apud
408 2925 560 2956 scabinos
583 2926 613 2954 6.
635 2922 695 2962 jul.
726 2924 817 2958 1636·
842 2921 870 2951 ὅ(
893 2919 973 2965 apud
989 2919 1052 2950 Cu-

193 2968 268 2997 riam
295 2975 342 3007 13.
368 2966 439 2997 Ost.
467 2969 554 3002 1698.
581 2973 653 3003 quas
671 2963 837 2995 sententias
854 2961 1053 2992 conrii-mavit

194 3008 321 3038 Senatus
336 3006 502 3046 Supremus
520 3015 549 3046 7.
577 3005 649 3036 (let.
679 3013 769 3045 iyii.

237 3048 394 3086 Pericula,
420 3057 476 3088 pro
491 3047 602 3088 quibus
620 3045 792 3084 fidejull'um
808 3042 874 3082 est,
896 3043 932 3074 ad
948 3042 1060 3073 assecu-

195 3095 313 3120 ratores
333 3088 512 3128 pertinent,
535 3087 585 3119 sed
612 3087 783 3127 qumi-itur,
809 3095 846 3116 an
865 3085 994 3115 omnia?
1019 3084 1059 3114 Et

194 3128 266 3168 quid
286 3129 304 3159 li
324 3137 435 3160 contra
449 3130 553 3161 dolum
573 3128 622 3159 vel
645 3129 767 3168 culpam
798 3125 954 3157 Namrchi
978 3125 1056 3155 :ilio-

193 3177 323 3213 runffle
348 3178 507 3205 nautarum
532 3169 732 3201 affectu-utum
769 3168 803 3200 lit
823 3191 832 3206 ,
868 3177 904 3198 an
940 3166 1056 3198 xziltbit

899 115 1009 143 VAN

436 815 535 848 Navis
563 815 716 856 Angolam
738 813 822 846 salva
845 812 989 854 appulit,
1014 811 1044 842 ὅ(
1087 811 1103 851 (

1081 103 1684 144 L‘YNKERSHOEK

1083 193 1295 225 assecuratio?
1320 193 1418 225 nolim
1437 193 1490 224 hic
1509 198 1677 225 excurrere
1695 195 1724 227 in
1740 195 1844 228 locum
1861 200 1944 233 coni.

1082 243 1207 266 munem
1228 257 1238 272 ‚
1268 244 1306 266 an
1335 236 1365 266 δε
1390 235 1653 274 quemadmodum
1686 237 1753 278 quis
1778 246 1920 271 teneatur
1934 263 1946 280 ,

1081 276 1103 307 fi
1124 276 1266 307 homines
1285 276 1444 317 improbos
1463 275 1514 306 vel
1531 276 1724 316 negligentes
1746 278 1835 310 rebus
1855 289 1945 321 agen-

1080 317 1127 348 dis
1146 316 1340 355 adhibuerit,
1363 317 1512 348 habemus
1532 326 1615 348 enim
1632 318 1662 348 in
1684 318 1744 350 hoc
1763 329 1947 361 argumento

1082 359 1164 398 leges
1189 356 1336 398 speciales
1354 380 1364 395 ‚
1389 367 1463 399 quas
1488 357 1573 398 sequi
1602 367 1740 398 oportet.
1786 361 1948 403 Philippus

1082 398 1121 431 ΙΙ.
1147 399 1177 430 in
1196 399 1224 443 §.-
1245 408 1281 444 14.
1309 399 1382 430 LL.
1407 399 1506 430 Nam.
1542 398 1574 430 T.
1600 399 1673 430 Vll.
1701 404 1789 443 15⁶3·
1815 402 1944 445 abroga-

1083 448 1117 471 to
1136 449 1221 471 omni
1242 448 1310 478 Jurc
1334 441 1496 471 contrario
1523 439 1713 479 constituit,
1736 443 1829 475 nullae
1850 444 1947 477 essent

1083 481 1174 512 fae'tae
1199 479 1394 512 faciendaeve
1419 480 1660 513 affecurationes
1690 491 1800 514 contra
1829 486 1944 517 barata-

1082 523 1179 560 riam,
1197 521 1317 560 furtum
1332 522 1459 553 aliamve
1477 524 1591 563 culpam
1601 523 1617 564 (
1627 523 1661 562 of
1675 525 1760 567 eenz'g
1775 526 1947 568 mishruyk)

1084 563 1175 604 ipsius
1195 562 1357 608 Navarchi
1375 571 1608 595 caeterorumve
1624 573 1804 605 nautarum,
1826 566 1875 598 sed
1895 577 1948 600 an-

1084 614 1127 636 no
1152 614 1241 644 15y0.
1265 612 1298 634 in
1321 604 1349 645 ᾖ.
1374 614 1427 646 35.
1452 604 1510 645 Egi.
1534 614 1644 636 omnes
1666 615 1717 637 cas
1745 606 1945 640 assecuratio-

1082 654 1135 677 nes
1160 646 1264 676 denuo
1291 644 1455 685 probavit,
1480 647 1600 677 interea
1625 645 1647 677 fi
1677 647 1795 686 nescis,
1817 649 1891 690 quid
1908 649 1947 682 fit

1085 687 1264 723 Baracarm,
1286 687 1415 717 docebit
1435 695 1465 718 tc
1480 687 1522 718 du
1531 686 1637 727 Gange
1659 689 1780 729 Gloffar.
1798 690 1829 722 in
1844 700 1878 722 ea
1892 699 1944 722 vo-

1088 738 1130 759 ce.
1176 728 1277 768 Leges
1310 726 1620 759 Rotterdammenses
1655 724 1775 763 veteres
1797 729 1826 772 §.
1856 740 1888 771 5.
1916 733 1948 764 ὅ(

1087 779 1179 801 novae
1210 769 1239 810 ᾗ.
1267 778 1317 810 43.
1355 769 1399 799 ita
1427 764 1665 808 distinxerunt',
1698 781 1737 803 ne
1760 774 1950 805 exercitores

1119 810 1277 850 Remi-s>
1307 809 1473 841 assecurari
1509 810 1654 842 facerent
1697 821 1806 845 contra
1837 813 1946 846 dolum

1087 852 1105 892 <
1117 851 1323 892 Schelmerye)
1341 850 1504 892 Magistri,
1522 861 1614 892 quem
1631 852 1686 893 ipsi
1704 853 1948 893 constituerunt,

1088 894 1200 924 liceret
1222 901 1328 924 autem
1357 899 1467 924 contra
1490 893 1599 924 dolum
1630 902 1819 928 caeterorum
1844 903 1949 928 nauta—

1087 944 1176 973 rum,
1201 935 1231 966 &
1255 941 1366 965 contra
1389 934 1576 974 imperitiam
1600 936 1883 977 negligentiamque
1906 937 1950 978 ip·

1088 975 1147 1007 sius
1175 974 1331 1021 Magistri.
1376 974 1419 1006 Et
1442 999 1450 1013 ‚
1475 976 1506 1021 ni
1533 975 1646 1015 fallor,
1671 977 1715 1009 est
1737 978 1768 1010 id
1793 978 1842 1019 jus
1868 977 1951 1019 apud

1088 1027 1145 1048 nos
1167 1024 1275 1058 utique
1293 1024 1455 1057 receptum
1473 1027 1504 1048 in
1520 1018 1768 1059 exercitoribus,
1794 1021 1826 1052 in
1840 1018 1877 1051 iis
1894 1027 1948 1050 ve-

1086 1067 1144 1095 1‘0,
1166 1058 1218 1099 qui
1247 1058 1400 1089 duntaxat
1423 1057 1493 1088 sunt
1515 1058 1634 1090 domini
1665 1061 1816 1092 mercium
1835 1083 1846 1099 ,
1871 1059 1950 1093 nihil

1086 1098 1278 1140 distinguunt
1296 1099 1379 1139 leges
1396 1098 1722 1140 Rotterdamrnenses,
1741 1111 1799 1134 nec
1813 1101 1879 1140 est,
1894 1107 1951 1133 cur

1085 1139 1331 1185 distinguerent,
1357 1148 1429 1171 cum
1448 1149 1556 1171 eorum
1574 1151 1638 1173 non
1654 1142 1710 1178 lit.
1735 1143 1877 1175 homines
1893 1142 1950 1174 cli-

1086 1190 1176 1222 gere,
1200 1190 1252 1220 qui
1270 1189 1382 1212 navem
1399 1189 1527 1221 regant,
1542 1191 1634 1222 quare
1650 1183 1678 1213 ὅ(
1696 1183 1734 1216 iis
1748 1185 1859 1216 licebit
1875 1192 1951 1216 con-

1086 1231 1133 1253 tra
1146 1221 1294 1253 navarchi
1306 1221 1416 1252 dolum
1434 1221 1487 1253 ubi
1498 1244 1508 1259 ,
1531 1222 1613 1254 faeta
1627 1223 1864 1263 affecuratione,
1879 1234 1952 1266 pro-

1088 1262 1215 1303 spicere.
1248 1262 1300 1293 Sic
1318 1261 1375 1292 usu
1394 1262 1455 1293 esse
1476 1271 1639 1303 receptum
1660 1265 1755 1297 didici
1772 1275 1810 1298 ex
1828 1265 1950 1297 formu-

1088 1304 1127 1336 lis
1150 1304 1360 1337 droanwmivm
1377 1326 1387 1342 ,
1424 1312 1495 1343 quae
1523 1304 1603 1344 apud
1638 1305 1953 1339 Amsterdammenses

1089 1345 1120 1376 &
1143 1343 1436 1385 Middelburgenses
1464 1345 1548 1385 typis
1564 1345 1657 1378 editae
1676 1347 1706 1379 ὅ(
1725 1347 1862 1389 Legibus
1877 1347 1951 1380 affe-

1089 1386 1289 1418 curationum
1316 1385 1459 1426 subJectae
1487 1386 1558 1417 sunt
1577 1410 1587 1425 ‚
1621 1397 1691 1420 nam
1724 1389 1756 1420 in
1783 1389 1953 1430 exemplo,

1092 1427 1175 1468 quod
1197 1427 1236 1458 de
1260 1427 1391 1459 navibus
1426 1426 1606 1460 affectu-atis
1635 1429 1802 1462 exhibetur
1818 1452 1829 1468 ‚
1859 1431 1889 1462 ἃ
1913 1430 1952 1462 ad

1093 1468 1286 1501 exercitores
1311 1469 1469 1510 pertinet,
1491 1467 1676 1503 assecuratio
1702 1471 1738 1503 fit
1755 1480 1866 1504 contra
1885 1471 1952 1504 cul-

1091 1519 1162 1552 pam
1184 1509 1583 1550 navarchi&1nautarum‚
1608 1520 1703 1554 atque
1729 1514 1821 1546 etiam
1843 1521 1953 1545 contra

1086 1552 1200 1584 ,dolum
1215 1559 1397 1591 nautarum,
1422 1553 1452 1584 ἂ
1471 1552 1502 1583 in
1518 1555 1686 1595 exemplo,
1709 1555 1794 1595 quod
1816 1554 1856 1586 de
1873 1563 1952 1586 mer-

1091 1593 1181 1626 cibus
1206 1592 1382 1625 affecuratis
1398 1593 1567 1626 exhibetur
1578 1617 1591 1634 ,
1612 1595 1698 1631 &ad
1712 1595 1858 1628 dominos
1871 1604 1959 1628 merav

1090 1636 1175 1666 cium
1198 1635 1358 1676 pertinet,
1380 1635 1565 1668 assecuratio
1589 1636 1627 1668 fit
1651 1646 1762 1670 contra
1783 1637 1891 1670 dolum
1920 1636 1953 1670 ἀ

1091 1678 1215 1718 culpam
1232 1685 1294 1707 tam
1311 1676 1460 1708 navarchi
1470 1699 1482 1715 ,
1506 1687 1596 1718 quam
1612 1687 1785 1710 nautarum.

1134 1718 1195 1751 His
1217 1717 1349 1758 subjicio
1367 1718 1446 1750 hanc
1468 1718 1614 1759 speciem.
1659 1719 1722 1766 Qui
1748 1719 1954 1753 Amsterdami

1090 1769 1202 1792 navem
1225 1769 1407 1801 mercesque
1432 1760 1679 1793 affecuraverant
1702 1761 1740 1793 ab
1766 1761 1887 1793 Embda
1912 1760 1951 1792 ad

1090 1800 1221 1832 insulam
1236 1800 1280 1833 D.
1303 1800 1442 1833 Thomae
1460 1802 1492 1834 in
1509 1802 1672 1841 America‚
1695 1802 1811 1835 &inde
1829 1803 1867 1834 ad
1884 1801 1952 1834 for-

1091 1843 1229 1874 talitium
1258 1843 1381 1885 Argum
1404 1844 1436 1875 in
1464 1842 1593 1883 Africa,
1617 1844 1649 1876 id
1671 1843 1816 1876 fecerunt
1841 1851 1952 1876 contra

1092 1885 1198 1916 omnia
1218 1885 1354 1924 pericula
1373 1885 1494 1925 prolixe
1516 1885 1557 1916 ibi
1578 1894 1720 1924 narrata,
1742 1885 1817 1926 quin
1837 1885 1952 1924 etiam,

1093 1934 1128 1957 ut
1146 1926 1279 1957 habebat
1297 1925 1536 1958 instrumentum
1548 1927 1588 1957 de
1604 1936 1685 1958 nave
1700 1926 1888 1964 assecurata,
1907 1932 1951 1957 te-

1091 1977 1149 2009 gen
1167 1969 1200 1998 de
1223 1968 1460 2008 orzagrskzamheid
1476 1978 1538 1998 van
1557 1968 1710 2008 Schippers
1733 1977 1768 1999 en
1789 1966 1954 2010 bootsgesel·

1091 2012 1159 2048 len,
1182 2010 1230 2040 ook
1241 2009 1418 2050 fihelmerye
1442 2019 1504 2040 van
1528 2010 1561 2040 de
1578 2010 1762 2050 voorjschreve
1787 2008 1952 2051 bootsgesel-

1090 2051 1160 2088 leri,
1185 2051 1232 2088 ἃ,
1258 2059 1292 2081 ut
1315 2050 1448 2082 habebat
1470 2049 1705 2082 instrumentum
1735 2051 1774 2082 de
1796 2051 1954 2082 mercibus

1090 2091 1288 2129 ass'ecuratis,
1312 2097 1397 2134 legen
1412 2093 1446 2123 de
1456 2091 1634 2133 schelmerye
1653 2101 1690 2123 en
1716 2090 1953 2134 onagtflzamheid

1092 2143 1153 2164 van
1170 2133 1305 2174 Shippers
1321 2143 1355 2164 en
1371 2133 1588 2175 hootsgesellerz‚
1613 2142 1701 2174 quae,
1727 2141 1762 2164 ut
1790 2132 1886 2164 modo
1905 2132 1952 2163 di-

1094 2175 1221 2214 cebam,
1251 2174 1390 2206 formula
1409 2175 1545 2216 vulgaris
1559 2174 1604 2206 est
1623 2176 1654 2205 in
1674 2174 1820 2205 omnibus
1839 2172 1954 2205 assecu-

1092 2217 1265 2248 rationibus
1289 2224 1351 2246 tam
1376 2217 1501 2248 navium
1521 2224 1613 2256 quam
1635 2215 1798 2247 mercium.
1840 2214 1954 2247 Praete·

1092 2267 1143 2289 rea
1166 2259 1291 2298 utrique
1317 2256 1521 2289 instrumento
1546 2264 1612 2288 erat
1641 2256 1790 2288 insertum
1810 2279 1820 2296 ,
1845 2263 1880 2287 ut
1901 2264 1952 2288 na-

1091 2299 1210 2330 varcho
1227 2299 1337 2330 liceret
1352 2298 1388 2329 ad
1405 2308 1515 2331 omnes
1526 2305 1635 2339 portus
1651 2297 1824 2338 adpellere,
1838 2305 1956 2339 eosque

1092 2349 1133 2371 ex
1153 2340 1245 2371 animi
1262 2339 1306 2371 sui
1329 2338 1483 2371 sententia
1505 2340 1613 2372 subire.
1660 2339 1768 2384 Quum
1782 2338 1870 2370 navis
1883 2361 1893 2377 ,
1912 2337 1952 2370 de

1093 2391 1154 2422 qua
1177 2382 1326 2422 agebatur
1343 2402 1354 2419 ,
1383 2380 1465 2413 salva
1489 2380 1677 2422 pei-veniffet
1704 2381 1736 2411 in
1760 2381 1794 2411 do
1826 2379 1957 2421 Slapers-·

1094 2425 1188 2464 barry,
1213 2432 1313 2463 prope
1339 2423 1463 2464 Argum
1479 2447 1488 2462 ,
1511 2423 1554 2454 ab
1571 2421 1731 2462 epibatis,
1761 2420 1830 2453 seha
1854 2421 1892 2452 ha
1919 2420 1955 2451 in

1095 2465 1273 2506 proximum
1291 2465 1508 2497 continentem
1526 2463 1736 2504 fugientibus,
1759 2462 1814 2494 reli
1847 2463 1883 2500 a,
1908 2461 1956 2492 in-

1095 2505 1184 2537 censa
1206 2506 1236 2536 &
1251 2506 1414 2537 combusta
1431 2504 1485 2536 est.
1511 2504 1611 2537 Causa
1626 2504 1709 2545 fugae
1730 2513 1747 2535 a
1761 2510 1845 2534 metu
1861 2501 1956 2534 trium

1095 2547 1241 2585 navium,
1266 2556 1335 2588 quae
1359 2547 1439 2579 hanc
1457 2569 1467 2584 ,
1498 2555 1534 2577 ut
1558 2553 1703 2586 caperent
1719 2567 1730 2583 ,
1757 2543 1956 2585 insequeban-

1095 2596 1172 2627 tur,
1205 2597 1336 2628 quaequc
1373 2588 1521 2620 Turcicae
1554 2587 1614 2618 elle
1637 2585 1871 2624 credebantur,
1903 2581 1956 2616 sed
2002 2590 2003 2594 ’

1093 2629 1117 2661 F
1120 2629 1253 2661 rancicae
1267 2637 1371 2667 erant,
1394 2639 1455 2661 non
1473 2629 1574 2660 minus
1595 2636 1697 2659 tamen
1709 2626 1846 2658 hostiles.
1869 2624 1959 2658 Alte-r

1097 2671 1196 2702 curati
1221 2671 1366 2702 damnum
1383 2694 1393 2710 ,
1426 2670 1497 2702 navi
1525 2668 1744 2709 mercibusque
1772 2667 1879 2700 datum
1894 2688 1906 2706 ‚
1927 2674 1959 2697 a·

1098 2712 1162 2753 pud
1184 2710 1498 2742 Amsterdammcnscs
1516 2709 1654 2741 resarciri
1680 2709 1733 2742 sibi
1749 2716 1884 2750 petunt,
1905 2704 1964 2740 sed*

1099 2762 1154 2785 eos
1189 2753 1346 2792 repellunt
1372 2752 1593 2784 affecuratores
1617 2750 1737 2792 duplici
1763 2748 1957 2788 defensione,

1098 2794 1214 2833 altera,
1237 2793 1321 2834 quod
1345 2791 1532 2824 Navarchus
1558 2800 1685 2832 portum
1707 2791 1757 2823 vel
1767 2790 1870 2822 sinum*
1889 2788 1961 2821 sub‹

1097 2834 1177 2866 iisset
1198 2859 1207 2875 ,
1249 2840 1342 2874 (mem
1360 2843 1422 2865 non
1437 2834 1588 2871 debebat,
1614 2840 1725 2873 nempe
1745 2832 1784 2863 de
1811 2831 1959 2871 Slaapers*

1094 2878 1189 2918 haay,
1211 2877 1294 2908 recta
1316 2876 1399 2906 enim
1419 2875 1626 2916 navigandum
1642 2873 1733 2905 fuisse
1758 2871 1794 2904 ad
1812 2871 1956 2914 Arguin,

1096 2919 1126 2948 ὅ(
1155 2917 1196 2949 lic
1226 2917 1286 2948 iter
1313 2915 1372 2946 effe
1398 2923 1570 2953 mutatum3
1598 2916 1712 2951 altera,
1740 2913 1822 2954 quod
1849 2920 1958 2944 navar-

1098 2958 1193 2997 chus,
1211 2966 1293 2989 vano
1312 2964 1398 2987 metu
1409 2979 1418 2995 ‚
1443 2957 1548 2988 navim
1562 2956 1727 2988 incendere
1742 2955 1772 2986 &
1788 2961 1894 2986 nautxs
1909 2951 1960 2984 fu⁴

1100 2998 1312 3072 ggequussiss'et
1325 3019 1337 3036 ,
1356 2998 1418 3030 fine
1439 3006 1503 3039 quo
1517 2997 1666 3029 mandato
1684 2996 1771 3028 navis
1790 3002 1882 3036 capta
1895 2997 1963 3026 noni

1102 3041 1162 3072 l'uil
1177 3048 1220 3071 et.

1145 3081 1270 3122 judices
1288 3079 1549 3112 ass‘eeurationum
1574 3075 1886 3111 Amsterdammenses
1910 3085 1963 3115 29⁸?

1101 3124 1186 3163 Sept.
1217 3126 1306 3159 1699.
1338 3122 1478 3162 itemque
1499 3121 1625 3153 Scabini
1654 3129 1704 3160 24.
1732 3119 1831 3151 Mart.
1869 3126 1963 3158 17011·

1101 3164 1268 3196 secundum
1294 3163 1511 3196 affecurutores
1535 3168 1799 3204 pronunciatum,
1824 3159 1876 3193 sod
1897 3157 1961 3205 ΟΨ

1916 3208 1964 3232 ria
