2008 3436
197 139 265 173 392
567 114 1075 161 GERARnr

192 208 258 238 rior
277 207 421 239 videatur
446 205 557 238 sermo.
586 203 637 237 sed
655 201 701 233 est
718 199 910 235 veriffimus·‚
934 197 962 243 ᾀ
980 194 1056 242 'sum

195 256 336 288 paratus,
358 250 410 281 vel
427 250 494 290 ejus
509 247 614 280 facere
636 243 821 286 periculum.
850 239 902 281 (¹)
926 238 1054 276 hxigit,

198 299 237 334 ‘3ss
255 314 264 330 ³
299 290 356 322 Vl'r
380 290 592 332 Ampliffimus
615 287 646 318 in
675 283 817 324 Opzyculo
833 281 956 322 passim,
980 286 1055 318 prae-

196 332 304 364 lertim
337 333 369 363 in
406 332 610 372 Praefatione,
649 335 716 359 tum
745 334 769 355 e.
791 323 850 356 lX.
885 330 957 367 pag.
982 322 1053 364 362.

194 373 271 405 item
295 383 319 405 c.
338 373 381 405 X.
402 379 474 415 pag.
499 376 573 415 365.
603 366 781 410 exponendi
798 364 992 408 nec-audique
1012 371 1056 405 ¹¹3·

194 413 293 447 fantis
318 415 478 447 licentiam
502 416 540 446 ad
562 413 611 453 jus
634 412 710 442 vitae
727 411 756 438 ot
774 405 959 451 necisquod
977 409 1054 446 anti-

194 457 302 497 quitus
318 455 417 487 fuerit
432 465 501 496 pars
520 454 628 495 patriae
649 447 838 491 potestatis,
856 446 886 475 ot
904 444 1056 488 anri-mci-

191 507 268 539 patu
287 497 438 538 Trajani,
464 494 633 531 Hadriani,
668 494 697 522 dt
720 485 964 530 Antonini-Pii,
987 492 1055 513 eva·

193 539 307 571 nuel-it.
353 539 405 571 Sic
423 536 528 569 censet
540 559 549 574 ‚
571 541 664 574 atque
679 531 741 561 hoe
757 528 786 560 se
802 533 904 571 munit
920 525 1054 567 clypeo:

195 579 246 611 sed
266 590 329 611 non
348 580 459 617 firmo,
491 586 548 608 nec
573 582 659 616 apto.
681 571 735 612 (λ)
758 569 835 614 Non
851 575 935 598 enim
950 566 1054 610 proic-

194 621 242 652 eta
266 620 310 652 est
339 620 467 652 licentia
490 617 545 649 ista
571 626 588 647 a
612 616 718 655 rigore
741 619 850 652 patriae
869 607 1056 650 potestatis,

193 671 252 694 nec
269 662 339 693 inde
358 659 505 702 pependit
529 665 684 698 umquam.
738 653 799 684 Ain
818 659 853 681 tu
862 653 879 695 ’ς
904 648 981 680 nolo
999 656 1053 677 mi-

193 703 225 735 hi
253 703 346 735 credi.
379 700 432 742 (³)
459 698 657 731 consulamus
680 694 765 736 quod
787 699 968 733 proximum
985 687 1030 734 est
1045 710 1055 724 ‚

196 744 327 775 Veteres
342 743 380 774 de
397 741 483 773 facto
499 748 620 771 vetere:
632 746 695 769 non
713 735 795 766 enim
811 731 944 778 petenda
959 730 1054 761 aliun-

194 785 232 816 de
249 784 294 816 est
313 784 378 824 ejus
394 782 532 819 notitia,
553 789 645 821 quam
664 778 702 809 ab
718 776 781 807 illis
797 783 851 815 qui
869 771 996 814 pollunt
1014 779 1054 801 ex

191 825 222 858 se
248 826 368 857 directo
394 823 471 855 scire
493 822 556 855 fine
580 817 841 854 ratiocinatione,
868 813 1056 860 *plerumque

194 866 327 898 fallente
351 866 418 897 veri
442 863 554 906 specie.
586 861 640 903 (4)
671 859 714 892 At
729 857 773 889 est
788 857 825 888 ab
843 857 890 887 his
907 854 1055 902 traditum

196 908 279 949 quasi
302 917 358 949 per
380 915 488 938 manus
507 929 517 944 ,
551 905 704 936 infantem
719 898 858 932 nondum
875 904 1003 931 natum,
1026 895 1056 925 oc

194 959 266 981 cum
287 947 462 980 visceribus
483 946 591 978 matris
616 943 717 975 adhuc
742 941 972 974 cohaerentem,
993 944 1058 976 pai·-

195 999 259 1022 tem
278 990 386 1021 matris
404 988 485 1026 effe,
508 995 601 1028 atque
616 984 742 1016 interim
761 990 819 1022 pro
841 979 966 1024 planta,
983 986 1058 1020 non-

193 1033 270 1063 dum
292 1040 350 1072 pro
376 1029 501 1062 animali
519 1052 529 1067 ,
561 1026 674 1059 nedum
689 1033 747 1065 pro
766 1023 894 1065 homine
906 1017 1014 1049 rause:
1036 1026 1059 1047 1-

192 1083 248 1106 mo
275 1083 315 1104 ne
343 1079 450 1103 natum
473 1069 615 1111 quidem,
642 1073 806 1106 antequam
825 1061 1002 1105 sulcept'us,
1026 1067 1055 1103 a·

193 1115 316 1156 gnitus,
338 1114 457 1154 alique,
479 1121 496 1142 a
509 1108 688 1152 parentibus
704 1104 800 1151 Jussus
814 1102 890 1149 effer
905 1123 917 1139 ,
943 1110 981 1146 ns
1004 1098 1056 1144 ali-

195 1164 243 1189 ter
262 1153 380 1188 censeri
392 1149 598 1185 consueviffe.
640 1148 745 1181 Nonis
761 1145 856 1178 hodie
869 1152 934 1175 non
951 1150 995 1172 ita
1013 1141 1056 1171 ic-

235 1299 260 1320 1.
282 1288 369 1318 Reste
390 1288 443 1321 als,
471 1293 514 1314 me
529 1283 647 1313 necandi
671 1281 696 1311 ἃ
710 1277 870 1316 exponendi
888 1273 1001 1318 infantis
1023 1272 1057 1302 li-

196 1330 319 1360 centiam
345 1326 463 1363 exegiffe
490 1324 524 1351 ad
540 1324 582 1357 jus
597 1322 691 1358 patriae
706 1318 851 1357 potestatis
868 1336 876 1347 ‚
898 1322 950 1343 nec
970 1313 997 1341 id
1016 1312 1055 1341 di-

195 1377 260 1398 cere
273 1371 422 1396 contentus
436 1364 467 1391 iis
484 1362 567 1392 locis,
589 1369 658 1396 quos
676 1361 720 1386 hic
747 1354 888 1386 indicasti,
911 1353 975 1380 data
989 1360 1053 1387 ope-

193 1415 227 1436 ra
247 1404 365 1443 probavi
385 1400 479 1438 Opusc.
501 1399 529 1427 C.
551 1399 570 1427 1.
593 1407 645 1427 nec
661 1397 811 1433 quicquam
831 1391 982 1428 respondes
998 1391 1029 1417 iis
1044 1411 1051 1422 ,

195 1454 259 1482 quae
275 1444 313 1471 ibi
339 1441 416 1473 dixi,
447 1438 472 1467 &
496 1443 543 1466 tua
558 1438 647 1472 gratia
670 1435 756 1462 nolIm
772 1438 908 1469 repetere.
947 1430 977 1457 Si
996 1428 1054 1456 haec

192 1491 252 1512 non
270 1478 468 1514 satisfecerint,
488 1476 615 1512 pleniora
632 1474 716 1503 habes
735 1472 813 1508 supra
833 1469 867 1497 ad
880 1468 904 1504 Β.
926 1469 949 1496 Ι.
977 1475 1003 1494 n.
1028 1476 1053 1495 1.

195 1521 272 1559 Quin
295 1517 378 1546 ausim
401 1515 564 1547 adfirmare,
593 1519 624 1541 ut
642 1513 679 1541 ibi
698 1518 811 1547 quoque
830 1506 1003 1536 indicabam,
1027 1511 1054 1533 te

194 1567 253 1588 uno
272 1561 406 1592 except-0,
435 1553 576 1581 neminem
602 1551 654 1579 esse
676 1558 738 1578 cum
760 1557 794 1576 ex
808 1546 975 1577 Veteribus,
997 1551 1054 1571 turn

194 1606 228 1626 eit
249 1593 466 1624 Recentiotibus
481 1611 490 1625 ‚
519 1591 567 1626 qui
590 1598 648 1617 non
665 1590 810 1624 antiquum
825 1586 869 1620 jus
890 1582 1009 1611 necandi
1030 1582 1056 1610 <St

192 1633 355 1672 exponendi
377 1631 547 1659 derivaverit
566 1636 599 1657 ex
619 1629 684 1665 Jure
705 1627 803 1663 patiize
816 1622 972 1660 potestatis.

230 1681 258 1702 2.
280 1672 367 1708 Igitur
394 1669 449 1698 fine
472 1668 636 1702 ambagibus
657 1664 844 1702 pronuncias,
867 1661 1008 1689 licentiam
1025 1659 1055 1687 ii-

194 1712 250 1742 lam
265 1717 407 1745 nunquam
422 1706 582 1744 pependiise
597 1714 611 1732 a
625 1705 717 1740 rigore
736 1702 830 1739 patriae
845 1698 997 1736 potestatis.
1018 1699 1055 1726 A·

194 1751 266 1780 §tum
288 1756 414 1784 agerem,
446 1745 465 1773 fi
483 1744 575 1773 denuo
597 1743 763 1780 probarem,
785 1741 857 1768 inter
873 1737 988 1766 effetftus
1008 1745 1055 1773 pa-

193 1790 253 1818 triae
268 1785 413 1824 potestatis
430 1783 512 1818 longe
527 1784 677 1810 maximum
700 1779 777 1807 fuiss'e
795 1779 838 1813 jus
853 1777 916 1804 vitae
931 1784 964 1803 ac
979 1776 1055 1803 necis

194 1830 224 1856 in
240 1827 343 1854 liberos
360 1823 386 1851 &
400 1822 466 1851 inde
481 1821 567 1849 solum
584 1818 752 1857 pependilse.
789 1817 818 1846 Si
833 1815 1055 1847 auetoritatibus,

194 1865 215 1894 fi
228 1863 364 1900 exemplis
387 1868 444 1889 non
464 1859 545 1888 cedas
560 1880 567 1892 ‚
589 1867 650 1895 quae
671 1855 765 1894 Opusc.
787 1854 817 1883 C.
837 1854 859 1882 Ι.
882 1851 918 1887 &³
937 1853 988 1881 111.
1009 1861 1054 1881 ex-

193 1904 289 1936 hibui,
319 1900 337 1929 fi
358 1908 417 1927 non
435 1899 467 1927 iis
487 1897 658 1929 rationibus,
686 1903 754 1931 quas
769 1891 866 1921 addidi
881 1891 917 1919 ad
936 1890 961 1919 d.
984 1890 1008 1927 ς.
1030 1892 1053 1919 1.

193 1949 266 1975 n.-1.
295 1938 393 1968 frustra
409 1937 454 1965 sim
468 1958 476 1969 ,
499 1935 516 1963 fi
534 1942 560 1963 te
577 1935 708 1962 convinci
725 1932 800 1969 poffe
822 1931 938 1967 sperem.
976 1931 1010 1958 ln
1025 1938 1054 1957 re

195 1986 287 2008 tamen
305 1978 376 2005 adeo
393 1976 499 2012 liquida
515 1980 561 2006 tu,
583 1973 608 2001 ἃ
630 1972 702 2001 solus
720 1970 852 2008 quidem,
874 1969 1055 1997 contradicis.

194 2018 367 2049 Audiamus,
388 2012 504 2043 &simul
522 2012 688 2040 amoliamur
710 2006 898 2042 ratiunculas,
920 2015 989 2043 quas
1015 2007 1054 2034 in-

206 2064 264 2084 icis.
340 2080 344 2085 .

192 2065 202 2092 J
234 2101 260 2127 3.
283 2091 421 2128 Optime3
449 2095 476 2117 te
498 2097 531 2117 ea
552 2088 663 2116 ratione
685 2091 856 2124 praeeuntem
874 2084 987 2120 sequar,
1009 2082 1055 2111 sed

194 2139 261 2161 mox
275 2131 394 2158 Veteres
410 2128 568 2156 destituent.

225 2166 259 2204 ’4.
279 2167 365 2206 Quod
390 2167 437 2195 hic
458 2167 498 2193 ais
523 2164 557 2192 de
580 2163 745 2196 Veteribus,
773 2163 830 2196 ejus
852 2161 890 2189 rei
903 2168 956 2196 ego
972 2159 1054 2188 fidem

195 2207 337 2240 deiidero;
358 2205 435 2242 quod
455 2204 490 2231 ad
507 2203 610 2230 liberos
627 2202 728 2230 scilicet
742 2207 840 2233 natos,
861 2199 987 2235 quamvis
997 2206 1054 2226 non

195 2246 354 2282 susceptos,
376 2244 503 2279 agnitos,
525 2240 618 2276 alique
632 2240 726 2276 jussos.
767 2240 812 2267 De
829 2239 982 2274 embryone
997 2236 1054 2264 sen-

196 2284 279 2312 serint
293 2281 454 2318 Philosophi
470 2302 481 2314 ⁷
499 2279 631 2308 senserint
639 2278 701 2315 JCti
715 2299 722 2311 ‚
745 2285 796 2313 pro
814 2277 928 2303 homine
944 2283 999 2303 non
1015 2283 1055 2302 es-

194 2323 222 2350 se
237 2320 415 2353 habendum,
443 2318 510 2355 quid
532 2317 597 2345 inde
618 2318 646 2345 in
669 2325 726 2345 rem
742 2314 924 2352 praesentem?
946 2321 997 2341 nos
1020 2313 1055 2340 de

194 2361 267 2388 natis
282 2359 404 2394 agimus,
428 2358 456 2385 in
475 2364 547 2393 quos
569 2355 643 2384 cadit
662 2355 750 2383 caedes
768 2353 792 2381 &
809 2351 954 2388 expositio.
994 2352 1055 2379 Hos

195 2406 247 2435 pro
269 2398 431 2425 hominibus
453 2404 510 2423 non
533 2394 611 2422 suisse
641 2393 752 2421 habitos
769 2413 776 2425 ,
805 2400 840 2419 ne
856 2391 926 2418 ullus
941 2389 1053 2425 quidem

193 2435 380 2471 Philosophus
405 2434 478 2470 apud
499 2433 677 2461 Plutarchum
706 2431 795 2461 dixit,
817 2438 852 2457 eo
870 2429 950 2461 loco,
971 2436 1054 2463 quem

195 2472 310 2502 attulisti
332 2471 409 2511 Julii
431 2471 511 2500 Pauli
531 2471 560 2498 C.
580 2472 615 2499 ll.
651 2471 770 2498 Veteres
785 2468 870 2505 JCtos
891 2467 918 2494 id
938 2466 1032 2494 dixiffe
1047 2487 1055 2499 ,

195 2510 382 2540 &distinxisse
411 2510 482 2537 inter
503 2518 566 2542 eos,
595 2509 643 2545 qui
666 2507 780 2543 suscepti
803 2506 827 2534 ὄι
842 2506 930 2540 agniti
945 2504 1030 2532 essent
1046 2525 1054 2537 ,

196 2550 242 2579 vel
257 2557 314 2578 non
329 2548 432 2580 esseut,
451 2548 560 2579 nescio,
582 2546 819 2583 quemadmodum
836 2544 886 2572 tini
903 2543 1011 2570 venerit
1027 2543 1054 2570 in

193 2595 334 2621 mentem,
363 2586 417 2614 fine
438 2585 493 2612 ulla
512 2587 674 2620 cujusquam
694 2584 865 2611 auctoritate.
902 2582 993 2609 Etiam
1016 2581 1055 2609 su-

195 2627 304 2663 sceptos
328 2624 353 2652 &
375 2624 485 2659 agnitos
509 2623 677 2651 occiderunt
696 2628 787 2658 patres
804 2642 811 2654 ‚
831 2619 965 2656 quamdiu
982 2619 1055 2647 occi-

195 2665 262 2694 dere
278 2663 368 2695 licuit,
401 2661 427 2689 &
449 2670 506 2698 quo
527 2662 602 2696 jure,
624 2660 673 2688 nisi
699 2660 795 2696 patriae
811 2657 970 2693 potestatis,
993 2666 1055 2693 quae

194 2704 274 2733 annis
301 2709 359 2729 non
383 2697 685 2728 circumscribebatu-r?
712 2699 778 2725 Non
805 2695 937 2731 suscipere
963 2695 1006 2722 vel
1027 2704 1054 2722 a-

193 2741 327 2778 gnoscere
342 2761 349 2773 ,
378 2738 443 2766 dum
465 2737 540 2765 stetit
561 2737 607 2764 illa
625 2735 757 2763 effrenior
778 2733 915 2770 potestas,
936 2741 1012 2768 aeque
1027 2741 1053 2760 e-

194 2786 238 2808 rat
259 2779 364 2807 licitum
382 2798 389 2810 ,
417 2785 498 2811 quam
527 2775 678 2811 susceptum
701 2773 728 2801 ἃ.
750 2773 874 2808 agnitum
903 2771 1053 2799 trucidare.

194 2818 245 2846 llla
265 2815 385 2845 formula
408 2815 442 2843 de
464 2815 553 2842 liberis
571 2813 695 2850 Jiglbeptis
709 2834 716 2844 ,
749 2811 866 2847 agnitis,
887 2811 970 2845 alique
979 2807 1055 2845 juffis

195 2858 222 2883 in
244 2856 338 2892 primis
354 2854 405 2882 tibi
421 2853 529 2890 placet,
559 2851 603 2879 sed
627 2851 744 2883 vellem,
763 2857 821 2882 ejus
837 2847 976 2875 auctorem
998 2847 1052 2874 lau·

195 2894 282 2922 dall'es
296 2895 322 2921 in
346 2893 421 2926 hoc,
446 2890 524 2927 quod
539 2890 683 2918 tractamus
700 2910 707 2922 ,
724 2893 903 2922 argumento
943 2884 997 2913 Sed
1015 2885 1051 2911 sa·

195 2933 229 2959 tis
246 2934 300 2966 jam
323 2938 383 2959 eam
408 2928 511 2965 explosi
534 2929 568 2956 ad
596 2928 621 2964 §-
637 2929 658 2956 1.
686 2937 712 2955 n.
736 2934 759 2954 1.
789 2924 890 2953 &satis
907 2922 1049 2959 probavi,

195 2972 222 2996 in
246 2971 305 3003 jure
327 2967 446 2997 necandi
473 2967 546 3001 filii,
573 2967 660 2995 aetatis
685 2963 874 2993 differentiam
896 2970 951 2989 nou
974 2960 1050 2988 suilse

194 3008 316 3034 habitam
338 3028 345 3038 ,
375 3013 456 3041 atque
483 3005 554 3032 adeo
577 3005 635 3039 eius
651 3005 689 3032 rei
703 3004 839 3032 rationem
855 3002 937 3028 unice
950 3008 1051 3035 pepen-

196 3044 260 3087 disse
282 3055 296 3072 a
318 3045 409 3080 patria
428 3043 584 3080 potestate,
605 3051 662 3070 non
679 3051 694 3070 a
714 3039 911 3076 Philosophia,
932 3046 988 3075 qua
1003 3039 1051 3065 ho-

196 3090 296 3109 minem
313 3091 363 3117 pro
377 3090 435 3109 non
449 3082 562 3110 homine
578 3081 702 3108 habitum
719 3079 820 3107 censes.
905 3076 908 3080 ’

236 3127 259 3152 5.
281 3120 358 3146 Nihil
384 3122 442 3153 ejus
468 3120 505 3148 rti
533 3118 653 3155 probasti
676 3119 761 3146 trihus
777 3116 828 3143 illis
846 3114 993 3151 Capitibus,
1018 3112 1052 3141 nd

198 3165 256 3193 *lux
269 3164 320 3185 nos
336 3159 462 3187 remittis.
499 3158 645 3193 Lee‘torum
662 3157 741 3186 fidem
759 3154 893 3183 οἰκείων,

1201 106 1579 146 NOODT

1098 194 1162 224 det.
1194 199 1226 222 at
1253 191 1305 222 illa
1331 188 1395 220 fuit
1420 188 1571 221 Veterum
1603 186 1702 226 secta,
1721 185 1847 226 fateor,
1866 189 1956 231 impia
2004 183 2007 193 ¹

1100 236 1129 266 oc
1150 233 1300 264 crudelis:
1324 231 1374 262 sed
1393 240 1504 272 quam,
1526 238 1614 260 more
1636 229 1765 259 aliarum
1787 228 1935 263 Gentium
2000 224 2003 235 '

1099 275 1246 316 sequutus
1265 274 1329 304 fuit
1347 271 1486 312 Populus
1501 271 1669 302 Romanus.
1692 268 1745 309 (⁵)
1768 269 1831 309 ipse
1847 271 1878 302 id
1895 256 1952 312 jus,

1099 317 1226 356 ejusque
1254 322 1446 355 praetextum
1477 312 1609 353 probavi
1647 310 1733 351 Julio
1756 312 1858 343 Paulo.
1885 323 1911 346 c,
1929 298 1952 350 I’⁴

1099 354 1138 388 ll.
1158 357 1193 391 ὃ*
1214 357 1268 387 iv.
1296 356 1350 398 (ὁ)
1380 354 1450 386 Nee
1475 354 1654 385 obluctatus
1679 353 1720 383 etl
1740 354 1951 395 Bynkershoe-

1098 399 1185 436 kius,
1213 397 1268 429 nifl
1297 397 1438 438 inJeClis,
1469 396 1582 433 credO,
1603 393 1733 426 fervore
1749 393 1924 435 disputandi

1099 438 1251 480 scrupulis
1275 439 1456 480 aliquibus,
1487 438 1518 468 in
1549 435 1665 467 summa
1694 436 1773 469 nihil
1799 423 1953 479 operantit

1100 482 1167 511 bus.
1211 480 1346 513 Proinde
1366 479 1411 511 nil
1428 479 1577 516 attinuit,
1598 478 1633 509 ad
1653 478 1740 510 litem
1765 479 1804 510 de
1821 480 1888 519 jure
1910 491 1958 514 ne-

1096 521 1186 567 candi
1206 521 1446 562 exponendique
1463 529 1568 561 partus
1584 528 1766 560 argumenta
1782 521 1898 553 ducere
1918 515 1956 556 ab

1098 570 1219 603 integra
1248 571 1300 593 aut
1326 562 1491 593 imminuta
1514 562 1547 593 vi
1571 562 1678 603 pati-ite
1697 563 1861 603 potestatis
1884 573 1955 598 cuin

1098 613 1165 648 qua·
1183 603 1301 635 nullam
1330 602 1440 634 habuit
1466 604 1731 635 communionem.
1776 604 1847 636 Sint
1861 604 1928 637 haec
1944 627 1956 644 ‚

1098 652 1132 675 ut
1148 646 1237 683 lunt,
1266 645 1377 682 firma,
1407 643 1539 675 Veteres
1564 644 1812 677 consulentibus.
1835 645 1890 687 (7)
1915 654 1957 678 ta-

1097 695 1167 716 men
1187 685 1261 726 quid
1288 693 1395 731 vetat,
1425 685 1526 716 adhuc
1545 684 1711 725 subjicere,
1731 686 1886 718 infantum
1906 697 1957 720 ne—

1097 735 1176 773 cem*
1193 725 1485 766 expositionemque
1513 734 1574 756 tam
1602 727 1692 758 matri
1709 749 1719 764 ,
1742 737 1833 768 quam
1853 729 1958 769 patri,

1096 767 1188 799 ruine
1212 766 1386 808 periniffam
1400 790 1411 806 ,
1444 767 1587 807 quamvis
1616 767 1646 799 in
1673 770 1780 801 matris
1803 769 1959 809 potestate

1098 809 1188 841 liberi
1207 808 1326 839 fuerint
1343 817 1522 849 numquam.
1568 808 1673 849 Atque
1687 809 1749 840 hoc
1764 810 1881 842 ostendi
1898 812 1960 853 Ju-

1098 850 1250 896 liquqzulo
1271 859 1299 894 c..
1315 848 1350 881 ll.
1370 849 1422 880 lV.
1453 848 1488 883 {9⁹
1515 848 1553 880 V.
1587 849 1647 881 fide
1661 850 1834 890 Scaevolae,
1858 851 1958 897 Quin-

1099 891 1220 937 tiliam,
1240 890 1313 930 Julii
1340 890 1468 922 Firmici
1494 890 1644 922 Materni.
1669 891 1722 932 (8)
1744 891 1862 924 Adhaec
1882 894 1958 927 indi-

1099 942 1169 964 cam
1194 942 1219 963 c.
1238 931 1295 963 iX.
1319 932 1509 972 prohibitam
1525 934 1563 962 ab
1580 932 1687 963 eadem
1706 932 1818 973 causa,
1834 936 1958 977 utrique

1099 974 1218 1021 parenti
1229 973 1292 1004 inl.
1305 978 1332 1006 8.
1348 973 1380 1004 C.
1392 973 1443 1004 Ad
1461 973 1536 1015 Leg.
1560 974 1642 1005 Corn.
1660 975 1694 1005 de
1703 973 1792 1013 sicar.
1809 975 1901 1008 fuisse
1913 978 1957 1009 in·

1099 1018 1222 1061 rantum
1242 1023 1351 1045 necem
1365 1024 1382 1045 a
1396 1013 1636 1054 ValentinianO,
1662 1015 1817 1056 Valente,
1842 1016 1956 1050 &Gra-

1099 1065 1195 1088 tiano.
1224 1054 1308 1096 quod
1323 1064 1387 1087 non
1408 1053 1514 1086 fuisset
1542 1065 1642 1096 opus:
1668 1057 1689 1089 fi
1722 1068 1757 1090 ea
1780 1059 1872 1090 matri
1888 1066 1959 1093 ante

1098 1095 1289 1142 non-fuiil'et
1306 1096 1395 1128 licita
1415 1103 1509 1137 atque
1534 1097 1695 1138 impunita.
1724 1097 1778 1139 (⁹)
1799 1099 1960 1134 Succurrit

1099 1139 1175 1170 mihi
1198 1138 1228 1170 ὅ(
1249 1137 1341 1169 tertia
1366 1136 1547 1183 observatio
1561 1162 1570 1177 ,
1602 1148 1691 1180 aeque
1711 1140 1910 1181 decretoria,
1933 1144 1958 1176 i-

1882 1183 1957 1217 deo-

1138 1275 1165 1301 6.
1188 1269 1240 1300 Me
1260 1277 1319 1312 non
1341 1270 1476 1300 obluetari
1499 1270 1554 1306 ais,
1585 1270 1631 1301 sed
1650 1278 1808 1310 perperam,
1831 1285 1865 1305 an
1885 1285 1957 1306 vero

1097 1310 1251 1338 obluctatus
1270 1311 1316 1337 iim
1332 1311 1452 1344 injectis,
1466 1309 1575 1347 fervore
1588 1332 1596 1345 ‚
1631 1317 1662 1339 ut
1675 1318 1772 1348 putas,
1793 1312 1939 1352 disputandi

1098 1349 1231 1385 scrupulis
1246 1349 1409 1382 nonnullis,
1439 1349 1557 1376 aliorum
1587 1350 1640 1377 erit
1655 1350 1799 1382 judicium.
1838 1337 1956 1389 berupu:

1096 1387 1138 1414 los
1154 1395 1245 1420 certe,
1264 1395 1334 1423 quos
1352 1388 1498 1421 injeceram
1521 1386 1615 1425 Opusc.
1637 1387 1667 1417 C.
1688 1389 1751 1417 Vll.
1770 1395 1795 1425 p.
1813 1397 1876 1425 359.
1899 1399 1957 1422 non

1096 1425 1222 1492 {aemilii
1237 1446 1245 1459 ,
1272 1431 1302 1453 ut
1324 1426 1393 1463 saepe
1418 1426 1487 1454 soles
1508 1426 1665 1463 praeterIre,
1694 1435 1754 1463 quae
1770 1428 1821 1457 tibi
1842 1429 1956 1460 molesta

1110 1471 1167 1492 unt.
1545 1469 1550 1475 ²

1125 1509 1162 1545 ¹7.
1183 1501 1274 1530 Aliam
1292 1502 1429 1530 rationem
1452 1503 1497 1531 hic
1520 1502 1606 1531 habes
1619 1523 1627 1536 ,
1656 1513 1704 1531 cur
1717 1505 1814 1541 patriae
1827 1506 1956 1543 potestati

1097 1540 1245 1569 tribuenda
1261 1548 1317 1568 non
1338 1540 1466 1569 videatur
1481 1541 1632 1569 liberorum
1650 1542 1738 1570 caedes
1760 1542 1784 1571 ἃ
1800 1545 1939 1581 expositio

1097 1580 1173 1615 quod
1193 1579 1296 1617 scilicet
1313 1579 1373 1613 jure
1400 1579 1487 1607 veteri
1510 1587 1588 1614 aeque
1610 1581 1692 1608 matri
1714 1582 1839 1617 permiffa
1863 1568 1956 1615 suerit:

1098 1618 1130 1646 Id
1147 1626 1214 1645 vero
1230 1617 1286 1651 est,
1306 1616 1384 1653 quod
1405 1624 1437 1645 tu
1458 1619 1592 1654 probabis
1612 1627 1764 1655 nunquam.
1805 1622 1855 1654 Et.
1877 1622 1895 1650 fi
1915 1632 1958 1651 es-

1099 1656 1155 1688 set,
1183 1664 1231 1684 cur
1254 1656 1430 1689 Marcianus,
1460 1658 1645 1691 interpretans
1668 1658 1770 1694 Legem
1794 1659 1956 1696 Pompejam

1099 1694 1134 1722 de
1149 1694 1306 1723 Parricidiis
1330 1696 1358 1722 in
1385 1696 1402 1722 l.
1427 1692 1504 1732 Lff.
1532 1695 1584 1723 eod.
1617 1694 1671 1724 Tit.
1695 1703 1809 1726 matrem
1848 1707 1907 1734 quae
1928 1699 1957 1728 fi-

1098 1733 1165 1762 lium
1185 1733 1305 1761 filiamve
1320 1733 1471 1765 occiderit,
1501 1732 1653 1768 subjecisset
1673 1735 1733 1769 ejus
1749 1720 1831 1772 Legi's
1847 1737 1957 1774 poenae?

1096 1778 1203 1808 patrem
1228 1773 1323 1815 utique
1348 1780 1405 1799 non
1430 1770 1559 1805 subiecit,
1582 1781 1638 1799 non
1655 1773 1709 1801 alia
1724 1775 1850 1808 ratione,
1872 1784 1958 1811 quam

1097 1810 1175 1854 quod
1192 1812 1333 1846 patribus,
1354 1817 1435 1838 aetate
1447 1809 1574 1846 Pompeji
1589 1811 1707 1847 Magni,
1729 1811 1838 1840 licuerit
1853 1812 1956 1843 liberos

1097 1849 1250 1883 occidere,
1278 1848 1323 1877 sed
1344 1849 1477 1876 matribus
1499 1856 1557 1877 non
1577 1857 1671 1885 aeque,
1699 1856 1729 1879 ut
1751 1850 1875 1887 pluribus
1897 1852 1957 1880 haec

1098 1887 1155 1915 sum
1175 1887 1360 1924 prosequutus
1381 1885 1475 1924 Opusc.
1503 1886 1533 1915 C.
1554 1888 1603 1915 111.
1622 1894 1648 1924 p.
1672 1896 1734 1923 349.
1756 1886 1858 1927 &stq-
1899 1891 1956 1927 Ap-

1097 1925 1183 1971 pellas
1206 1933 1300 1954 tamen
1325 1926 1360 1953 ad
1381 1925 1534 1954 Scaevolam
1550 1947 1557 1959 ,
1584 1926 1789 1963 Quintilianum
1809 1949 1816 1960 ‚
1851 1927 1955 1964 Julium

1096 1965 1245 1992 kirmicum
1261 1965 1438 1996 Maternum.
1461 1965 1508 1991 ubi
1525 1964 1653 2000 exempla
1670 1970 1820 1993 occurrunt
1835 1972 1955 1996 matrum

1097 2004 1307 2039 exponentium.
1361 2001 1407 2030 De
1429 2001 1555 2030 Scaevola
1581 2002 1644 2030 satis
1660 2001 1716 2030 dixi
1738 2002 1832 2040 Opusc.
1851 2003 1880 2031 C.
1901 2005 1955 2034 IX.

1094 2047 1122 2078 p.
1146 2045 1211 2075 362.
1232 2041 1258 2069 ὅ(
1274 2041 1353 2082 supra
1371 2040 1404 2068 ad
1422 2040 1446 2076 §-
1467 2041 1545 2068 XIV.
1565 2049 1592 2068 n.
1609 2048 1652 2069 12.
1689 2041 1734 2069 De
1747 2042 1821 2078 Julio
1835 2042 1957 2071 Firmico

1097 2080 1253 2114 Materne,
1279 2087 1355 2112 cujus
1378 2079 1469 2106 locum
1492 2078 1542 2106 tibi
1565 2078 1699 2107 indicavit
1713 2079 1834 2115 Jacobus
1848 2081 1958 2110 Gotho·

1097 2117 1190 2145 fredus
1204 2118 1239 2146 ad
1265 2117 1284 2145 1.
1308 2126 1331 2145 1.
1359 2116 1388 2144 C.
1420 2115 1468 2144 Th.
1489 2116 1519 2143 de
1539 2115 1630 2153 Expos.
1653 2117 1722 2145 nihil
1740 2117 1795 2153 est,
1815 2119 1893 2154 quod
1910 2117 1957 2147 ad-

1098 2156 1161 2183 dam
1185 2157 1217 2184 iis
1235 2178 1242 2188 ,
1271 2164 1331 2192 quae
1357 2155 1443 2183 habes
1471 2153 1566 2192 Opusc.
1594 2155 1624 2182 C.
1652 2155 1688 2184 X.
1712 2162 1787 2192 prope
1810 2155 1861 2193 fin.
1902 2155 1956 2186 Sed

1098 2193 1166 2230 quid
1184 2196 1210 2222 in
1229 2196 1269 2222 his
1284 2194 1338 2226 est,
1361 2194 1428 2229 quid
1446 2194 1473 2221 in
1490 2193 1670 2230 Quintiliano
1684 2215 1690 2225 ,
1712 2194 1761 2222 nisi
1777 2194 1833 2222 sola
1850 2196 1956 2224 mentio

1097 2239 1216 2260 matrum
1237 2233 1439 2268 exponentium
1459 2253 1467 2265 ,
1495 2232 1549 2258 line
1573 2231 1628 2259 ulla
1655 2232 1806 2267 quaestione
1822 2233 1864 2261 vel
1883 2242 1958 2261 men-

1098 2272 1175 2299 t10ne
1192 2272 1259 2299 liciti
1278 2271 1320 2298 vel
1339 2270 1440 2298 illiciti.
1480 2270 1571 2298 Etiam
1593 2269 1678 2298 hodie
1699 2278 1800 2299 matres
1814 2277 1958 2308 exponunt

1098 2310 1218 2342 liberos,
1251 2310 1336 2344 vulgo
1362 2309 1419 2336 fere
1443 2307 1587 2342 quaelitos,
1615 2316 1649 2336 ne
1674 2309 1736 2345 ipsa>
1761 2309 1958 2338 alimentorum

1098 2356 1184 2375 onere
1216 2354 1375 2384 premuntur
1391 2368 1398 2380 ,
1427 2346 1472 2374 sed
1492 2351 1638 2382 exponunt
1662 2346 1739 2374 nullo
1751 2347 1827 2381 jure,
1850 2346 1876 2375 ἃ
1896 2347 1957 2383 lege

1098 2386 1190 2423 palam
1205 2387 1382 2423 prohibente.
1422 2385 1457 2412 Et
1472 2385 1540 2420 quid
1556 2383 1574 2412 fi
1590 2384 1673 2416 olim.
1694 2393 1755 2412 cum
1776 2386 1900 2421 patribus
1912 2394 1958 2414 ex.

1098 2433 1202 2462 ponere
1225 2426 1356 2457 licuerit,
1386 2423 1446 2460 ipsae
1469 2429 1570 2450 matres
1592 2421 1768 2458 exposuerint
1788 2444 1795 2455 ,
1823 2422 1867 2450 sed
1888 2424 1958 2458 jussu

1098 2464 1211 2492 mariti?
1231 2463 1259 2491 id
1272 2471 1345 2491 certe
1357 2462 1450 2490 thema
1466 2460 1504 2488 est
1527 2460 1598 2496 apud
1621 2460 1823 2497 Quintilianum
1839 2460 1956 2491 Declam.

1099 2505 1164 2536 306.
1194 2509 1279 2537 utque
1306 2500 1377 2529 adeo
1401 2501 1458 2534 ejus
1481 2499 1574 2526 locum
1592 2498 1646 2525 huc
1661 2498 1819 2535 imprudens
1836 2499 1956 2528 advoca-

1098 2548 1181 2568 veris.

1132 2581 1156 2608 8.
1180 2579 1227 2606 Ait
1248 2579 1265 2606 l.
1289 2580 1314 2607 8.
1336 2575 1440 2612 Siquis
1463 2574 1514 2602 &c.
1544 2573 1621 2610 quod
1636 2573 1669 2602 ad
1693 2580 1841 2610 utrumque
1858 2583 1955 2611 paren-

1096 2621 1152 2644 tem
1169 2616 1262 2644 refers.
1304 2615 1332 2643 Si
1350 2614 1384 2642 de
1400 2620 1518 2648 utroque
1533 2617 1647 2648 parente
1662 2613 1827 2641 nominatim
1849 2613 1956 2650 loquuti

1097 2654 1181 2682 effent
1197 2655 1286 2690 lmpp.
1308 2652 1399 2680 adhuc
1414 2651 1481 2679 nihil
1500 2649 1666 2686 proficeres,
1689 2650 1705 2678 fi
1722 2651 1791 2679 reete
1808 2656 1867 2680 eam
1889 2653 1908 2680 Ι.
1926 2655 1953 2682 8.

1096 2692 1291 2727 explicaverim
1312 2689 1406 2727 Opusc.
1428 2688 1457 2716 C.
1479 2689 1541 2716 Vll.
1564 2694 1590 2724 p.
1612 2695 1675 2722 359,
1704 2687 1740 2722 &2
1754 2688 1808 2726 seq.
1832 2689 1858 2718 δ(-
1885 2691 1955 2719 reste

1097 2739 1140 2758 me
1161 2728 1309 2766 explicass‘e
1324 2750 1331 2761 ,
1361 2728 1483 2755 securum
1505 2726 1557 2754 esse
1579 2727 1657 2761 jubet
1684 2727 1779 2756 Amica
1801 2727 1930 2766 Resporfio
1944 2746 1955 2764 ,

1096 2769 1144 2797 ubi
1160 2768 1227 2796 nihil
1245 2766 1445 2796 contraditiiii.

1135 2815 1159 2840 9.
1183 2805 1305 2837 Vellem,
1327 2813 1361 2831 ne
1379 2805 1428 2832 tibi
1447 2802 1581 2836 incidisset
1605 2803 1662 2830 haec
1679 2804 1759 2831 tertia
1777 2802 1953 2839 observatio,

1096 2844 1167 2872 adeo
1184 2844 1285 2871 nullius
1303 2843 1385 2879 plane
1401 2842 1534 2869 momenti
1558 2840 1605 2868 est.
1648 2841 1754 2874 Patria,
1776 2841 1884 2877 inquis,
1904 2850 1942 2879 po

1095 2883 1175 2910 tellus
1198 2884 1308 2918 propria
1332 2880 1370 2908 eit
1393 2881 1503 2908 Civium
1527 2879 1736 2911 Romanorum,
1764 2885 1847 2915 atque
1863 2880 1951 2915 adeo,

1095 2920 1111 2947 li
1129 2930 1160 2948 ex
1177 2929 1208 2948 ea
1233 2919 1361 2949 manasset
1383 2919 1426 2952 jus
1450 2918 1569 2946 necandi
1591 2918 1616 2945 ἃ
1634 2917 1811 2953 exponendi,
1834 2919 1950 2954 peregri.

1094 2959 1140 2992 ni,
1162 2966 1226 2986 ante
1251 2958 1400 2985 Civitatem
1423 2965 1485 2984 cum
1506 2957 1538 2984 iis
1557 2955 1789 2983 communicatam
1813 2957 1848 2982 al>
1865 2956 1952 2984 Anzo-

1094 2997 1162 3024 nino
1186 2995 1328 3024 Caracalla
1343 3017 1350 3028 ,
1372 3003 1407 3022 co
1428 2995 1488 3029 jure
1510 2994 1620 3022 fuiss'eut
1644 2992 1766 3026 exclusi,
1787 2992 1813 3021 δί
1828 2993 1950 3022 exclusos

1094 3034 1187 3067 suine,
1215 3044 1228 3061 a
1257 3043 1299 3061 me
1322 3033 1429 3060 ostendi
1451 3032 1581 3068 postulas.
1621 3032 1685 3070 Qua
1706 3033 1816 3059 ratione¹
1831 3032 1948 3067 potestis

1095 3073 1181 3110 patria
1197 3073 1267 3109 juris
1284 3071 1382 3100 Civilis
1397 3070 1449 3099 effe
1465 3071 1589 3103 dicatur,
1603 3077 1677 3097 nunc
1701 3077 1757 3096 non
1774 3069 1896 3104 disputo:
1921 3076 1950 3098 ut

1095 3113 1200 3148 optima
1218 3112 1334 3138 unauna
1351 3110 1416 3136 olim
1435 3108 1503 3142 fult,
1532 3108 1642 3145 propria
1666 3106 1751 3135 fucrit
1766 3107 1875 3135 Civium
1892 3108 1948 3135 Ro»

1095 3157 1256 3183 ruariorum,
1277 3148 1302 3177 ἃ
1319 3149 1361 3177 his
1376 3148 1439 3177 solis
1455 3147 1563 3178 licuerit
1577 3147 1679 3175 liberos
1705 3153 1806 3174 necare
1823 3144 1847 3174 ἃ
1864 3154 1948 3180 capo»

1904 3191 1946 3211 nc<
