2008 3436
266 104 833 156 QUAEST.JUR18
883 102 1230 154 PUBLICI,
1284 107 1603 153 L13.11.C.X.

27 184 117 221 eausa
132 186 217 228 ejus,
239 186 291 227 qui
309 187 410 227 petit,
433 187 464 219 ὅς
478 187 563 227 ejus,
586 187 640 227 qui
660 184 825 225 defendit,
848 186 894 218 ni—

29 228 74 263 hil
90 235 240 270 oporteat
254 227 408 259 innovari.
451 227 511 259 Sed
527 227 602 269 quid
619 227 640 260 fi
659 234 718 259 nec
737 226 799 258 hoc
819 236 894 260 con-

29 271 138 308 cedas,
167 278 277 301 verum
303 269 341 300 ad
366 268 551 300 divifionem
578 268 760 309 provoces?
784 268 892 314 Profe-

29 313 100 350 ἃο,
123 311 144 344 fi
159 311 204 343 ita
218 309 468 352 philosopheris,
493 310 547 342 vix
566 308 733 351 quicquam
749 318 809 340 erit
826 319 893 355 cei·-

30 362 98 387 turn
117 353 147 385 iu
162 351 311 384 dominiis
330 352 360 384 &
377 350 644 393 obligationibus,
661 350 746 383 omni
763 350 897 393 denique

27 396 152 439 justitiae
166 392 267 440 causa.

71 436 202 470 Craffius
227 443 321 476 igitur
349 434 418 468 liaec
443 444 508 466 rem
532 433 703 467 tractandas
727 433 790 474 est,
821 444 892 467 nani

29 479 186 525 postquam
208 478 260 510 lex
279 485 385 508 certos
407 476 538 507 dominii
569 475 749 516 acquirendi
780 476 893 508 modos

27 518 213 566 praeseripsst
223 543 233 557 ‚
244 518 302 549 hos
317 517 479 559 sequemur
489 537 501 556 ,
511 517 583 558 quia
598 517 661 550 sine
673 516 794 559 legibus
804 518 893 550 nulla

28 563 149 597 Civitas
159 557 290 594 subsistit
299 582 309 598 ,
321 560 351 591 δε
360 581 369 597 ,
380 566 415 590 ut
426 558 463 591 iis
473 567 634 599 pareamus
643 582 652 598 ,
661 558 750 598 jubet
760 558 823 599 ipsa
832 559 892 590 uti-

28 605 97 640 litas
111 626 120 642 ,
136 600 205 644 justi
216 610 314 642 prope
332 607 432 633 mater
448 600 478 632 ὅτ
496 600 588 640 aequi.
619 600 725 640 Atque
743 600 810 632 haec
826 598 892 641 ipsa

28 645 147 679 utilitas
155 641 295 676 diversos
313 641 475 682 Principes
484 641 604 682 obligat
613 640 651 673 ad
661 642 755 674 fidem
768 641 890 688 servan-

27 689 115 725 dam,
144 683 262 717 etiamsi
280 682 386 716 meant
407 683 509 722 leges,
539 692 640 724 neque
656 684 740 715 enim
760 683 894 724 Imperia

26 729 88 764 fine
105 727 207 760 Princi
233 735 268 765 e,
291 734 330 756 ne
355 733 392 756 ue
413 724 561 765 Princeps
578 725 640 757 fine
658 725 771 765 pactis,
790 733 893 770 neque

25 769 113 815 pasta
127 768 189 803 fine
228 767 266 799 de
280 765 345 798 inte
361 765 508 807 liguntur.
534 765 784 798 Promittendum
798 790 808 806 ,
820 774 894 806 quia

49 814 150 850 lacet,
168 810 198 842 ὅ(
216 808 398 842 servandum
413 831 423 845 ‚
452 808 525 848 quia
540 806 723 848 promissum
737 807 793 840 est.
827 806 890 848 At,

25 849 314 895 inquies,promiffi
331 848 491 891 praestatio
508 848 703 890 Reipublicae
722 849 890 881 detrimen-

27 904 116 933 tum,
137 893 218 934 saepe
241 891 271 923 ὃ(
293 891 467 932 perniciem
496 889 598 923 secum
627 890 742 923 trahet.
792 889 889 930 Esto,

23 937 114 971 forte
134 936 163 967 δι
185 942 260 966 tunc
285 932 364 963 utile
389 932 449 963 erit
473 930 564 963 fidem
581 930 715 964 servare.
759 930 891 973 Lapsam

23 976 263 1018 Rempublicam
286 973 414 1005 Civium
431 972 589 1004 fortitudo
605 972 817 1014 Fortunaeque
838 973 890 1019 be-

22 1019 162 1061 nignitas
179 1015 341 1048 restituere
355 1013 481 1056 poffunt
489 1036 501 1052 ,
513 1012 565 1045 sed
575 1013 650 1045 fides
668 1014 802 1045 animam
816 1014 889 1060 ‘imi-

25 1069 129 1099 tatur,
161 1058 243 1090 unde
268 1056 348 1088 exiit
375 1055 468 1087 semel
489 1077 500 1092 ,
528 1064 684 1095 nunquam
705 1062 888 1086 revertitur.

23 1100 61 1138 In
88 1099 223 1143 publicis
247 1097 439 1140 privatisque
471 1095 567 1127 caulis
603 1095 792 1128 veriffimum
824 1095 890 1135 est,

27 1143 112 1183 quod
147 1140 232 1172 dixit
265 1137 381 1170 Cicero
410 1136 450 1168 L.
477 1135 517 1168 ΙΙ.
548 1137 582 1167 de
610 1135 696 1178 Offic.
723 1144 811 1178 prope
830 1136 888 1178 fin.

27 1184 125 1220 Nulla
142 1192 188 1213 res
203 1180 399 1212 vehementius
409 1178 632 1218 Rempubzicam
648 1181 890 1220 continer‚qua7n

22 1225 106 1269 fides.
149 1219 334 1256 Promill'um
359 1220 456 1261 igitur
471 1241 482 1258 ,
513 1218 533 1250 si
558 1229 608 1251 me
633 1220 737 1252 audias
753 1243 764 1259 ,
793 1221 890 1252 etiam

26 1276 101 1303 tunc
119 1263 302 1298 servandum
314 1286 323 1301 ‚
347 1270 419 1293 cum
437 1260 468 1291 id
487 1259 602 1292 servari
614 1259 808 1302 Reipublicae
827 1271 890 1294 non

25 1307 190 1356 expediat,
211 1306 276 1337 imo
293 1301 505 1344 periculosum
521 1301 568 1334 fit.
615 1300 663 1333 Ita
683 1301 748 1343 ipse
767 1302 888 1342 sentio,

26 1351 115 1385 &ita
131 1356 256 1392 quoque
275 1343 366 1377 sentit
385 1342 539 1386 Cyriacus
561 1341 718 1375 Lentulus
736 1345 767 1376 in
786 1344 891 1387 Augu-

21 1390 66 1436 sto
85 1398 117 1432 p.
141 1401 179 1421 m.
203 1398 276 1426 292.
307 1385 430 1427 &seqq
466 1385 519 1416 ubi
548 1385 677 1416 eandem
702 1384 890 1418 sententiam

24 1431 198 1467 rationibus
213 1453 224 1470 ,
256 1430 287 1461 δι
308 1437 381 1460 cuin
413 1426 550 1459 maxime
577 1427 732 1468 exemplis
754 1426 891 1460 mascule

24 1473 176 1508 defendit.
412 1510 418 1518 .
731 1511 738 1518 .

66 1513 145 1549 Non
167 1523 271 1546 tamen
293 1512 452 1554 rejecerim
477 1520 587 1544 ornnes
610 1519 816 1554 exceptiones
844 1518 888 1543 ta-

23 1558 123 1597 citas,
153 1555 223 1589 sunt
247 1555 353 1593 enim,
375 1563 448 1595 quas
470 1553 613 1585 omnium
635 1552 789 1586 Gentium
813 1562 888 1585 con-

23 1598 127 1633 sensus
150 1597 315 1640 probavit,
347 1602 397 1634 ut,
422 1594 444 1626 fi
469 1593 637 1626 Foederato
660 1595 815 1636 Principi‚
840 1596 889 1636 qui

24 1641 97 1672 bello
113 1637 369 1680 peritur,auxilia
387 1634 624 1678 promisero,ea
642 1646 705 1668 non
723 1635 887 1678 praestem‚

22 1680 46 1715 fi
62 1682 116 1714 ille
131 1679 195 1723 ipse
211 1679 358 1720 Princeps
377 1677 467 1709 nullo
483 1676 552 1717 jure
572 1676 694 1710 causam
718 1678 794 1710 belli
813 1687 890 1719 prae-

21 1722 145 1761 buerit,
167 1721 208 1753 de
227 1730 286 1762 qua
304 1718 492 1760 exceptione
506 1718 572 1750 dixi
592 1718 682 1760 supra
699 1719 741 1752 L.
758 1719 783 1752 I.
809 1720 840 1752 C.
859 1728 889 1756 9.

22 1762 119 1802 Non,
141 1763 173 1794 in
199 1772 289 1800 uam,
312 1760 474 1802 rejecerim
488 1769 598 1792 omnes
613 1762 818 1801 exceptiones
845 1767 889 1792 ta-

23 1805 122 1844 citas,
143 1772 196 1837 seg
214 1813 314 1845 neque
328 1801 505 1834 admiserim
527 1811 637 1833 omnes
654 1802 816 1843 pastorum
833 1811 887 1834 ex-

23 1846 189 1888 ceptiones
208 1846 238 1878 &
255 1843 488 1881 restrictiones,
510 1852 584 1884 quas
602 1843 723 1875 difficili
742 1853 815 1876 cura
838 1843 888 1875 ad-

24 1887 107 1922 mifit
123 1886 256 1919 Grotius
268 1888 302 1917 de
318 1884 395 1926 Jure
414 1884 452 1916 B.
475 1883 510 1919 ἐξ
527 1884 565 1916 P.
591 1884 631 1916 L.
655 1884 696 1917 ΙΙ.
723 1886 755 1917 C.
785 1888 833 1917 16.
857 1883 886 1926 §.

22 1939 76 1972 32.
99 1928 136 1964 ὅ)
138 1928 220 1969 seqq.
244 1928 274 1960 ἅ
293 1937 331 1959 ex
354 1925 467 1966 quibus
492 1925 559 1957 suas
587 1926 792 1967 exceptiones
811 1934 887 1957 taci-

23 1977 70 2004 tas
83 1969 149 2002 fere
166 1969 332 2001 adornavit
348 1967 506 2000 Boekelen
531 1968 559 1998 d.
580 1966 729 1999 Diarribe.
776 1966 890 2013 Neque

22 2012 118 2044 etiam
140 2010 333 2048 admiserim,
364 2007 449 2050 quod
471 2009 576 2049 placet
594 2008 684 2047 aliis,
706 2009 802 2050 magis
820 2017 887 2054 qui-

23 2053 113 2092 dem,
138 2060 174 2084 ut
188 2052 351 2090 videatur,
373 2049 547 2091 religiosis,
574 2048 624 2081 sed
643 2059 707 2082 non
723 2052 888 2082 minuSim-

22 2094 150 2135 probis,
172 2093 224 2135 qui
244 2101 356 2133 nempe
373 2091 462 2133 pacta
481 2091 608 2132 publica
630 2090 741 2123 violari
761 2091 888 2132 quidem

24 2134 112 2176 posse
125 2144 164 2167 ne
205 2142 258 2175 nt,
283 2133 354 2173 sed,
375 2133 398 2165 fi
415 2131 563 2164 damnosa
587 2132 646 2164 fint
671 2133 889 2174 Reipublicae,

22 2175 135 2209 fraude
149 2184 167 2206 e
182 2176 233 2208 udi
247 2174 334 2217 poil'e
349 2173 446 2207 facile
458 2174 630 2214 patiuntur.
677 2174 748 2207 Hac
769 2173 889 2206 senten-

25 2218 71 2250 tia
95 2217 194 2249 utitur
211 2216 330 2248 Auftor
349 2214 590 2257 Disquzfitionum
608 2215 803 2248 Politieczrum
833 2215 888 2246 Ca-

14 2259 58 2302 su
79 2257 189 2291 XXII.
234 2257 313 2297 Sed,
330 2257 402 2298 quia
425 2265 494 2288 eam
516 2257 692 2289 rationibus
718 2257 800 2289 tueri
822 2265 888 2289 non

22 2298 152 2344 potest,
174 2298 267 2331 unice
285 2307 390 2331 tuetur
408 2295 561 2330 scelerum
580 2307 670 2330 exem
696 2299 744 2331 lis.

66 2340 143 2374 Scio
168 2340 198 2372 ἃ
222 2340 300 2373 alios
323 2338 406 2379 Juris
431 2338 551 2379 publici
576 2339 664 2381 Magi
695 2350 746 2373 ros
776 2340 890 2374 iisdem

23 2381 92 2416 fere
110 2380 246 2423 vestigiis
272 2378 430 2419 insistere,
453 2378 505 2412 sed
531 2379 588 2413 hos
611 2380 717 2415 Duces
737 2381 760 2414 fi
781 2381 887 2424 sequa-

24 2434 114 2463 mur,
145 2432 254 2455 omnes
276 2421 438 2462 Principes
466 2431 540 2453 mox
567 2422 767 2464 intelligent,
796 2433 890 2464 quam

24 2464 119 2498 facile
133 2463 171 2497 fit
183 2473 248 2496 non
264 2471 386 2495 tantum
402 2461 514 2495 fallere
524 2486 534 2502 ,
545 2461 596 2494 sed
606 2463 635 2494 ὅ(
651 2463 731 2496 falli.
743 2464 838 2511 Quod
850 2473 891 2496 ne

25 2505 79 2540 fiat
89 2530 98 2546 ‚
108 2505 194 2538 omni
203 2504 300 2538 modo
315 2504 488 2536 cavendum
499 2502 545 2536 est
554 2528 563 2543 ,
573 2504 602 2536 &
611 2503 685 2536 hinc
700 2505 892 2546 praecluden-

26 2547 73 2580 das
91 2545 328 2586 excusationes,
353 2545 464 2587 quibus
483 2545 642 2586 perfidiam
668 2544 752 2578 suam
779 2554 811 2578 te
833 2554 891 2578 unt

25 2587 160 2630 improbi
183 2588 354 2629 Principes.
399 2587 532 2618 Veteres
559 2587 693 2619 Romani
716 2587 787 2620 satis
827 2589 890 2620 cie-

27 2630 122 2670 bant,
144 2627 290 2661 interesse
313 2630 395 2661 inter
412 2628 589 2660 debitorem
609 2652 620 2666 ‚
642 2631 692 2671 qui
712 2631 889 2671 pecuniam.

47 2682 113 2704 uam
136 2681 156 2703 a
174 2671 312 2702 creditore
330 2675 500 2711 acceperat,
523 2669 643 2702 libidine
670 2677 722 2702 aut
747 2670 813 2703 alea
838 2673 887 2703 ab·

17 2681 162 2756 ffirmpfiss
186 2711 223 2747 δέ)
240 2721 323 2750 eum,
346 2713 394 2753 qui
411 2712 565 2750 incendio,
585 2717 638 2743 aut
655 2712 889 2753 latrocinioflut.

26 2755 122 2797 aliquo
139 2753 207 2794 casu
224 2750 349 2793 tristiore
368 2752 468 2784 aliena
486 2763 551 2784 cum
561 2753 627 2795 suis
637 2755 784 2795 perdidit,
801 2755 829 2786 ἀ
842 2762 887 2787 ta-

25 2804 97 2829 men
111 2794 215 2836 inquit
234 2794 352 2826 Seneca
367 2793 407 2826 L.
427 2793 498 2826 VII.
520 2796 553 2826 de
566 2794 694 2836 Benefic.
716 2796 748 2828 C.
766 2797 889 2828 16.nul-

27 2837 87 2870 lam
101 2835 314 2876 excusationem
338 2841 524 2876 receperunt,
546 2843 580 2868 ut
606 2837 733 2868 hanzines
749 2837 888 2877 firirenc,

22 2877 114 2920 fidem
136 2879 236 2918 utique
254 2874 458 2916 praestandam.
503 2875 581 2909 Hoc
610 2877 802 2919 superdicto:
833 2880 888 2911 Sa-

28 2921 86 2952 tius
99 2921 177 2951 enim
191 2923 256 2949 erat
270 2927 288 2948 a
307 2919 410 2958 paucis
434 2919 523 2949 etiam
543 2916 654 2961 justam
675 2919 889 2961 excufiztionem

26 2959 84 2993 non
101 2960 216 3001 recipi,
238 2968 325 3001 quam
344 2959 379 2989 ab
398 2960 526 2989 omnibus
541 2959 669 3002 aliquam
685 2964 805 2994 tentari.
828 2963 886 2994 At-

48 3006 88 3034 ue
103 3003 147 3034 ita
163 3009 236 3032 cum
293 2999 351 3031 ctis
366 2999 501 3040 publicis
523 3009 739 3042 comparatum
761 3002 829 3044 est,
854 3012 890 3036 ut

25 3011 96 3076 gere
118 3041 213 3074 satius
238 3009 305 3080 (iga,
333 3040 452 3086 nullam
481 3043 702 3082 exceptionem
725 3044 889 3086 accipere,

26 3093 120 3126 quam
136 3090 240 3114 mnan
261 3090 425 3114 numerum
439 3091 469 3113 in
488 3090 608 3115 tantum
630 3092 764 3125 augere,
786 3094 824 3117 ut
842 3096 890 3119 re-

26 3125 231 3167 gulam,quae
247 3122 345 3157 fidem
362 3123 463 3157 datam
479 3122 625 3164 praestare
637 3125 746 3169 jubet,
767 3134 890 3162 tantum

27 3174 92 3199 non
107 3171 269 3206 evertant.¹

74 3205 153 3240 Tom-
175 3204 217 3240 Π.

921 1886 1131 1934 spph3Praft.
1162 1887 1255 1920 Parte
1280 1887 1321 1921 ΙΙ.
1348 1889 1380 1921 C.

1734 119 1802 162 257

982 186 1070 230 Quid
1088 187 1183 227 igitur
1197 188 1364 222 dicemus?
1381 200 1440 223 una
1458 192 1545 226 foi-te
1571 195 1623 228 vel
1639 196 1736 228 altera
1754 205 1808 228 cx2

938 230 1046 269 ceptio
1061 228 1233 262 suffecerit.
1277 230 1361 272 Justa
1375 232 1482 275 utique
1505 236 1584 274 crit,
1608 237 1629 269 fi
1655 246 1710 284 pei·
1737 247 1808 269 eum

938 270 1039 311 ipsum
1064 270 1166 302 Princi
1211 281 1259 310 m,
1291 273 1342 303 cui
1368 274 1494 313 promisi
1516 297 1527 313 ,
1556 276 1697 317 steterit,
1730 287 1809 321 quo·

938 312 1042 344 minus
1057 313 1172 358 promis
1190 322 1240 344 um
1260 312 1402 355 praestein
1415 338 1425 355 ‚
1449 324 1484 347 ut
1512 318 1544 348 in
1570 316 1692 358 specie,
1715 328 1808 361 quam

938 353 1035 384 rnodo
1053 353 1141 385 activi
1152 354 1201 392 ,ἃ
1217 356 1246 386 d.
1265 355 1306 387 L.
1323 355 1348 387 Ι.
1362 356 1396 387 C.
1413 366 1443 393 9.
1468 357 1562 389 latius
1580 367 1718 393 enarrata
1739 359 1805 397 cst,

939 394 1083 435 quamvis
1105 376 1194 427 sorte
1218 396 1286 437 quis
1302 396 1441 435 dixerit,
1466 408 1530 431 non
1555 406 1618 431 tam
1644 400 1722 432 irinc
1746 401 1808 433 ess'e

935 436 1181 478 exceptionem,
1203 446 1294 478 quam
1314 437 1370 470 usu
1395 447 1554 480 receptam
1577 440 1739 481 pastorum
1765 443 1810 474 in-

938 478 1194 519 terpretationem
1205 501 1215 516 ,
1238 478 1288 509 sed
1306 480 1385 512 nihil
1404 480 1523 520 refert,
1539 490 1603 522 quo
1617 483 1744 514 nomine
1756 493 1809 524 zip-

976 519 1034 551 iles
1050 542 1059 558 ,
1095 519 1116 552 fi
1138 520 1363 560 exceptionem
1399 521 1505 561 dicas,
1543 524 1673 555 alteram
1707 524 1809 562 addo,

962 560 1113 602 rincipem
1135 560 1257 592 scilicet
1282 568 1347 595 non
1376 563 1458 595 ulti-a
1480 564 1634 605 obligari,
1664 574 1755 605 quam
1776 565 1809 597 in

935 610 1088 642 quantum
1109 601 1238 641 facereg
1264 603 1363 644 otest,
1400 604 1449 644 &,
1483 615 1521 638 an
1541 605 1656 647 possit,
1680 606 1810 647 permit-

937 643 1067 674 tendum
1093 644 1222 676 alterius
1266 645 1416 687 rincipis‚
1442 655 1502 687 qua
1525 646 1600 679 boni
1618 647 1701 686 vii-i,
1723 647 1805 679 arbi·
1839 673 1840 676 ,

937 684 1012 716 trio.
1056 683 1332 730 Quemadmodum
1348 687 1499 728 privatis,
1523 689 1596 730 qui,
1615 697 1650 719 ut
1663 698 1735 721 cum
1754 690 1807 721 Se⁴

935 734 1013 757 neca
1029 724 1157 766 loquar,
1181 727 1277 768 aliquo
1296 729 1363 770 casii
1388 727 1513 770 tristiore
1535 730 1635 762 aliena
1655 739 1720 761 cum
1738 730 1807 772 fitis

930 767 1144 808 perdiderunt,
1175 768 1323 809 largimur
1353 768 1385 801 id
1410 770 1600 811 beneficium,
1622 772 1706 813 quod
1730 782 1804 803 com-

930 810 1068 882 ⁴{gerentur
1084 810 1192 841 vocari
1211 810 1356 851 obtinet,
1380 812 1484 843 multo
1512 813 1622 854 utique
1651 813 1750 855 magis
1776 812 1808 844 id

961 850 1133 892 rincipibus
1153 851 1341 892 largiemur,
1366 851 1388 884 ii
1416 853 1500 885 bona
1525 854 1586 886 fide
1606 863 1709 896 agant.
1754 853 1805 887 Ab

935 891 984 923 his
1009 892 1112 924 omnis
1134 892 1184 925 vis
1202 895 1232 925 dt
1248 893 1374 925 coaCtio
1394 893 1495 926 abess'e
1520 895 1634 934 debet,
1658 905 1753 937 quum
1773 906 1805 927 e-

935 933 1001 964 nim
1016 932 1065 965 vis
1081 933 1190 966 inferri
1210 942 1342 975 nequeat
1357 935 1413 967 nili
1432 934 1504 968 solis
1520 937 1611 970 armis
1623 937 1719 978 ‚quid
1730 947 1806 979 pro-

933 973 1016 1005 derit
1033 973 1210 1016 Principem
1226 976 1318 1008 armis
1334 977 1479 1018 aggredi,
1504 986 1538 1010 ut
1554 977 1678 1019 praestet
1690 1001 1702 1017 ,
1718 978 1805 1020 quod

933 1013 1080 1055 praestare
1098 1025 1160 1048 non
1176 1016 1307 1058 potest?
1330 1018 1363 1049 Si
1381 1017 1590 1052 nihilominus
1605 1030 1700 1062 cogas
1708 1030 1805 1060 ,con3

933 1054 1059 1087 stituisti
1091 1066 1162 1089 eum
1187 1057 1345 1090 debellare
1376 1059 1418 1089 ob
1444 1058 1566 1092 causam
1593 1071 1655 1093 non
1679 1060 1803 1102 justam.

933 1096 994 1128 Sed
1010 1106 1049 1129 an
1065 1097 1215 1140 Princeps
1232 1098 1329 1139 patris
1350 1098 1429 1131 stare
1453 1101 1544 1142 poffit
1568 1103 1620 1134 vel
1644 1112 1707 1135 non
1729 1113 1803 1144 pos-

933 1136 990 1176 fit,
1015 1138 1045 1170 ἂ
1061 1148 1099 1171 an
1115 1148 1171 1180 per
1190 1139 1286 1172 alium
1311 1140 1488 1183 Principem
1515 1141 1655 1183 steterit,
1680 1145 1806 1185 quomi-

932 1188 991 1212 nus
1007 1180 1191 1221 promiffum
1209 1181 1372 1223 praestetui·
1383 1205 1394 1222 ,
1418 1192 1483 1215 non
1498 1185 1649 1225 permitto
1669 1195 1779 1218 eorum
1791 1208 1804 1226 ,

932 1221 986 1262 qui
1016 1221 1096 1262 paCti
1121 1221 1214 1262 sunt,
1244 1223 1399 1263 arbitrio,
1428 1234 1531 1267 neque
1562 1226 1646 1257 enim
1675 1226 1803 1268 poss'unt

908 1299 912 1304 ,
930 1261 1052 1302 judices
1077 1261 1183 1296 sedere
1209 1264 1241 1296 in
1268 1264 1357 1298 causa
1380 1265 1433 1298 sua
1448 1288 1459 1305 ,
1491 1274 1524 1298 at
1551 1267 1685 1300 aliorum
1701 1290 1712 1307 ,
1746 1269 1801 1311 qui

931 1311 1112 1337 neutrarum
1129 1304 1265 1347 partium
1283 1306 1354 1339 sunt
1364 1330 1375 1347 ,
1399 1307 1540 1340 desidero
1557 1309 1720 1341 arbitrium
1731 1334 1740 1350 ‚
1767 1315 1808 1342 ut

933 1345 964 1377 ἀ
981 1345 1059 1378 olim
1076 1346 1107 1378 iri
1122 1347 1218 1379 causis
1233 1348 1368 1389 publicis
1382 1349 1420 1380 ad
1437 1350 1571 1383 aliorum
1587 1350 1737 1391 judicium
1747 1352 1801 1384 de-

932 1386 1058 1420 cursum
1073 1387 1135 1420 ess'e
1153 1388 1311 1431 intelliges
1331 1400 1371 1422 ex
1389 1389 1508 1422 Grotio
1524 1401 1564 1423 eo
1587 1394 1679 1433 loco,
1704 1402 1800 1435 quem

931 1428 1122 1462 adducebam
1137 1429 1228 1472 supra
1243 1433 1272 1463 d.
1293 1431 1332 1464 L.
1350 1431 1373 1464 Ι.
1400 1432 1431 1464 C.
1454 1443 1483 1470 9.
1510 1433 1554 1474 vs}
1571 1433 1647 1479 Qi-

972 1469 1131 1512 Descripsi
1154 1471 1223 1504 rudi
1249 1473 1402 1514 penicillo
1429 1473 1615 1508 sententiam
1642 1486 1742 1510 meam
1761 1477 1804 1510 de

931 1521 1137 1555 argumentO,
1158 1513 1244 1555 quod
1253 1524 1318 1547 non
1337 1515 1428 1548 unius
1442 1516 1518 1548 belli
1540 1515 1630 1550 causa
1647 1518 1722 1552 fuit.
1766 1519 1801 1552 Si

931 1554 1012 1587 hane
1036 1564 1109 1587 cum
1131 1564 1207 1587 cura
1229 1556 1378 1596 edolare,
1413 1558 1444 1591 ἀ
1467 1558 1604 1591 aliorum
1632 1558 1800 1593 sententiis

929 1606 1097 1629 occurrere
1112 1597 1228 1629 vellem
1239 1620 1251 1637 ,
1271 1597 1386 1631 librum
1402 1598 1592 1640 scriberem,
1611 1610 1685 1635 curn
1705 1602 1804 1634 maxi-

930 1647 981 1670 me
1003 1637 1026 1670 si
1051 1638 1214 1678 adderem,
1245 1640 1506 1681 quemadmodum
1531 1643 1610 1675 olim
1637 1643 1743 1676 Princi
1786 1654 1801 1676 s

931 1679 1018 1712 eain
1035 1689 1070 1711 re
1092 1678 1207 1712 vei-sati
1229 1680 1307 1721 sint,
1332 1682 1362 1713 δε
1385 1682 1488 1714 adhuc
1511 1683 1685 1718 versentur.
1767 1696 1802 1718 u-

932 1721 1014 1753 mani
1032 1721 1155 1763 generis
1171 1730 1208 1753 ea
1234 1722 1319 1755 labes
1340 1721 1407 1763 est,
1428 1731 1465 1756 ut
1480 1726 1592 1758 violare
1609 1726 1717 1767 fidem,
1741 1737 1801 1759 non

923 1762 1047 1805 servare
1062 1762 1153 1804 paria
1175 1764 1232 1795 vix
1258 1765 1410 1805 quisquam
1428 1764 1488 1806 fit,
1511 1768 1562 1808 qui
1584 1769 1724 1811 religioni
1740 1768 1802 1808 fibi

930 1806 1037 1844 ducat,
1061 1805 1140 1836 modo
1160 1805 1192 1836 id
1206 1806 1279 1837 utile
1307 1805 1358 1879 effe
1383 1807 1584 1849 intellexerit,
1608 1810 1705 1842 vei-ba
1727 1810 1800 1843 sunt

930 1845 1048 1878 Buddei
1061 1869 1071 1885 ‚
1095 1845 1118 1878 fi
1132 1845 1201 1878 haec
1215 1846 1313 1881 deseri
1339 1847 1350 1879 i
1374 1849 1554 1890 permittas,
1579 1850 1677 1883 Elem.
1697 1851 1802 1884 Philo-

1432 1914 1439 1923 .
1463 1889 1490 1932 §.
1516 1900 1567 1924 21.
1618 1892 1672 1924 Sic
1692 1891 1798 1933 forte,

1446 1941 1511 1964 non
1532 1931 1713 1975 Principes,
1744 1934 1801 1976 qui

932 1970 1027 2002 altius
1042 1969 1172 2012 spirant.
1215 1970 1319 2010 Audi,
1342 1972 1417 2013 quid
1439 1972 1478 2005 de
1495 1973 1543 2005 his
1559 1973 1625 2015 ipse
1643 1975 1699 2007 ille
1717 1975 1801 2007 Bud-

930 2012 1007 2043 deus
1023 2010 1086 2052 ajat
1100 2013 1130 2043 d.
1154 2011 1186 2043 C.
1202 2022 1233 2054 3.
1256 2010 1284 2053 §.
1301 2022 1352 2054 30.
1376 2012 1472 2045 Patra
1487 2014 1600 2047 violare
1623 2017 1733 2048 crimen
1756 2015 1799 2058 est

930 2055 963 2085 in
982 2054 1109 2095 privatae
1120 2051 1212 2093 fhrtis
1231 2053 1364 2092 homine‚·
1393 2055 1427 2086 in
1450 2055 1642 2097 Principibus
1666 2059 1796 2098 antiis,

930 2097 980 2137 qui
1001 2104 1098 2126 rerum
1119 2092 1241 2134 ficmmoe
1259 2095 1405 2169 priqsunt,
1422 2095 1571 2139 frangere
1587 2098 1704 2139 soedera
1725 2105 1803 2141 pars‘

926 2137 1090 2178 prudentioe
1106 2133 1156 2177 esl.
1190 2134 1298 2168 Horre
1313 2145 1353 2168 co
1374 2136 1530 2177 referens,
1553 2138 1606 2172 sed
1629 2147 1732 2173 tamen
1753 2150 1801 2173 es-

931 2175 963 2210 se
991 2176 1182 2209 veriffimum
1201 2199 1214 2216 ,
1240 2184 1276 2210 ut
1325 2177 1432 2211 robem
1449 2201 1461 2218 ,
1494 2188 1550 2221 per
1576 2180 1662 2214 mille
1681 2181 1803 2223 possem

931 2227 1059 2251 currere
1082 2227 1173 2250 exem
1198 2219 1238 2251 la.
1292 2185 1378 2293 §uia
1402 2229 1505 2260 vero,
1537 2230 1607 2263 quae
1623 2223 1685 2269 *his
1710 2223 1801 2256 libris

929 2260 1165 2376 {saiwi
1182 2261 1800 2347 ῗέῑῖ-ἐὲιῗῑὲἷιἴᾱςὲἒὲᾟῖῒὲὲςέἓὶιῖῗὲἰ

952 2351 1023 2376 erit.

974 2385 1004 2418 O
1049 2392 1165 2418 ortune
1187 2392 1292 2418 autem
1315 2385 1368 2418 hic
1391 2382 1566 2428 succurrit,
1591 2388 1676 2431 qu'od
1705 2387 1801 2422 Ordia

932 2436 988 2460 nes
1036 2427 1176 2474 enerales
1199 2437 1281 2460 anno
1308 2437 1399 2468 1595.
1422 2425 1656 2468 Elisabetham‚
1677 2430 1796 2471 Anglo·

932 2477 1001 2541 iffi?
1012 2468 1801 2559 affiifflssasfier’v{laffu‘ffiusssstist'iss‘lioffnffig{3311

933 2548 1051 2582 sultum
1063 2549 1174 2583 vellet.
1218 2550 1280 2583 Cui
1295 2550 1368 2583 satis
1382 2551 1589 2584 absurdiffime
1611 2553 1732 2586 Mulier
1749 2563 1798 2586 re-

931 2590 1074 2633 spondit:
1097 2593 1175 2622 honae
1187 2589 1261 2631 fidei
1279 2589 1329 2633 effi
1348 2592 1522 2634 Principum
1540 2594 1724 2635 contrarius,
1747 2605 1799 2627 ne-

931 2642 983 2674 que
1002 2642 1047 2664 eos
1061 2633 1099 2664 iis
1113 2634 1225 2671 teneri,
1242 2630 1271 2672 fi
1292 2635 1325 2665 in
1353 2635 1559 2667 detrimentum
1575 2636 1727 2677 publicum
1753 2647 1798 2668 ce·

930 2675 1024 2713 dam,
1051 2674 1081 2706 &
1098 2674 1215 2715 reliqua
1232 2674 1368 2714 ejusdem
1384 2674 1495 2708 farinae
1506 2699 1519 2715 ,
1540 2684 1575 2709 ut
1603 2678 1673 2709 haec
1694 2684 1800 2710 narrat

931 2714 1110 2748 Camdenus
1127 2715 1159 2748 in
1180 2715 1351 2757 Elisabetha
1367 2716 1458 2749 Part.
1480 2717 1537 2750 IV.
1556 2724 1589 2759 p.
1612 2729 1649 2750 m.
1674 2722 1746 2759 649.
1766 2720 1800 2751 δε

930 2765 971 2788 ex
988 2765 1028 2788 eo
1046 2756 1180 2788 totidem
1199 2756 1305 2789 verbis
1320 2758 1478 2791 Boekelen
1501 2760 1529 2791 d.
1550 2760 1692 2800 Opusculo
1705 2765 1737 2800 p⁴
1756 2770 1798 2792 m.

933 2806 1002 2839 174.
1028 2796 1108 2830 Rem
1124 2797 1132 2829 i
1159 2796 1222 2830 sam
1243 2808 1369 2840 quoque
1386 2799 1480 2831 habet
1497 2800 1667 2833 Zoucheus
1681 2801 1715 2831 de
1733 2800 1795 2841 Ju-

931 2849 962 2870 re
980 2838 1094 2871 Fetiali
1147 2845 1205 2872 art.
1223 2839 1262 2872 II.
1288 2839 1363 2871 Sea.
1382 2850 1412 2881 4.
1439 2840 1479 2888 Q
1509 2850 1559 2881 25.
1605 2840 1746 2873 Honesta
1766 2842 1799 2874 δε

930 2879 1078 2922 religiosa
1101 2880 1257 2913 Ordinum
1282 2880 1485 2914 Generaliuiii
1512 2881 1636 2921 oratio,
1658 2880 1710 2914 sed
1732 2891 1800 2915 noti

932 2922 1034 2953 minus
1048 2920 1215 2963 religiosos
1229 2922 1345 2954 dixeris
1365 2922 1500 2954 Ordines
1515 2920 1713 2963 Hollandiae,
1727 2933 1801 2956 nam

930 2972 1026 3005 quum
1036 2962 1198 3004 prodiisset
1214 2963 1410 3003 liber,qu'us
1428 2962 1592 3004 inscriptio
1608 2971 1691 3003 erat,
1712 2964 1801 2996 Acm-

930 3002 1048 3047 wyfing
1062 3005 1113 3036 der
1128 3003 1279 3044 Heilsame
1295 3004 1404 3036 Politic
1424 3013 1458 3034 ue
1474 3005 1606 3046 granden
1629 3014 1665 3036 en
1691 3003 1798 3038 Maxi-

931 3055 998 3076 men
1014 3055 1076 3077 van
1094 3046 1128 3077 de
1149 3045 1311 3086 Republicq
1321 3054 1382 3076 van
1436 3045 1535 3076 olland
1551 3055 1587 3076 en
1605 3044 1799 3087 Wst-Fries-

932 3087 1022 3126 land,
1047 3086 1136 3126 cuius
1161 3095 1199 3117 ue
1220 3085 1338 3117 Auctor
1359 3084 1567 3126 defendebat,
1592 3087 1679 3128 pafta
1698 3086 1801 3129 publi-

932 3136 969 3159 ca
992 3134 1120 3158 eatenus
1157 3134 1287 3158 untaxat
1308 3125 1369 3157 ess‘e
1391 3126 1558 3167 servanda,
1581 3136 1730 3169 quatenus
1748 3140 1802 3161 ex-

933 3168 1041 3211 pedit,
1066 3176 1146 3242 1¹³1?ss
1159 3176 1232 3201 eum
1247 3166 1379 3205 Librum
1406 3166 1614 3211 damnarunt,
1633 3169 1747 3250 Εάἁξίἓ
1771 3172 1805 3204 in

1745 3221 1803 3245 auc

932 1938 1075 1970 inquies,
1094 1928 1176 1961 viles
1199 1929 1336 1970 animae,
1366 1930 1397 1963 se
