2008 3436
422 117 823 159 CORNELI}
889 126 997 153 vAN

150 126 221 169 416

151 209 182 240 di
210 207 292 249 spem
317 217 380 238 non
404 207 539 246 habent,
572 215 606 238 ut
620 205 743 247 plenius
759 203 846 235 forte
861 204 935 236 alias
950 212 1020 244 pro-

152 250 243 281 babo.
291 248 389 295 Quod
405 258 506 281 autem
523 248 628 288 ajunt,
653 246 819 287 aliquoties
843 244 1021 282 servatum,

153 300 189 322 ut
206 289 333 328 Fiscus,
357 290 577 322 deficientibus
612 287 760 327 Coniugis
792 285 928 318 defunffi
957 284 1019 330 Co-

154 332 256 373 gnatis
272 355 282 370 ,
306 341 379 363 011111
398 330 540 371 Conjuge
561 329 723 369 superstite
743 337 910 361 commune
927 334 1020 367 patr]-

154 373 295 404 monium
312 373 470 411 diuisor-it,
495 381 543 403 1110
558 372 646 412 plane
663 369 760 406 latet,
786 369 816 400 ὅ(
832 369 936 400 multo
956 376 1020 399 ma-

155 415 204 455 gis
221 438 230 452 ‚
257 414 299 445 ita
315 414 346 446 in
364 414 483 455 judicio
502 409 691 447 obtinuill'e‚
721 408 821 440 solent
837 410 942 447 enim,
968 408 1020 450 qui

155 465 203 487 res
219 454 372 495 judicatas
388 455 547 489 scribunt,
572 460 707 492 quasque
725 450 961 482 Advocatorum
975 459 1020 480 ra-

155 497 259 528 tiones
272 521 281 536 ,
304 496 421 528 etiamsi
440 494 628 531 fffliiffimas,
660 501 693 522 ut
722 500 811 522 veras
829 499 1021 522 commemo-

157 548 234 570 rare.
279 538 339 570 Sed
357 538 386 568 in
407 546 440 567 re
458 544 541 566 certa
557 534 630 575 quid
648 542 726 572 opus
742 531 786 563 est
801 543 835 564 ca
853 532 983 564 ratione.
1014 569 1020 574 ι

199 580 231 611 Si
250 588 331 610 nunc
349 587 466 619 quaeras
484 600 492 613 ,
519 585 578 616 qua
596 575 719 606 ratione
737 573 862 614 Conjux
885 572 1021 613 Conjugl

157 619 336 652 succcss'erit
358 619 438 659 apud
457 618 615 649 Romanos
628 638 639 654 ,
673 624 735 646 non
758 615 849 646 aliam
865 614 992 646 habebis
1011 635 1021 650 ,

157 671 250 703 quam
280 670 321 692 ex
354 667 465 692 mutuo
493 657 606 689 affectu
625 681 633 695 ‚
664 657 714 696 qui
749 656 830 687 inter
863 655 1022 705 Coniuges

155 702 379 743 praesumitur,
413 711 451 733 ex
475 698 592 738 majore
620 698 703 729 enim
729 698 780 728 vel
805 698 928 729 minore
950 696 1022 728 affe-

156 744 260 775 ctione
279 743 332 774 lex
347 742 386 774 ab
403 740 550 773 intestato
568 739 647 771 solet
673 737 795 769 deferre
817 738 1024 775 hereditates,

157 786 188 816 ἃ
208 784 278 816 inde
304 783 348 816 est
361 807 371 823 ,
402 783 486 825 quod
503 781 588 813 fatto
604 780 747 811 divortio
766 779 912 811 Edictum
938 779 1024 810 Unde

156 827 206 857 vir
223 825 259 859 ὅ)
275 835 357 857 uxor.
382 824 538 856 continuo
556 821 651 853 cess'et
667 845 677 858 ‚
708 829 743 852 ut
758 821 802 851 est
823 821 854 852 in
879 820 900 851 l.
920 830 969 851 zm.
995 819 1022 861 §.

156 868 209 898 ult.
234 867 262 897 d.
290 866 351 898 Tit.
373 865 546 897 divortium
564 863 680 905 quippe
695 862 822 894 dirimet
838 861 1023 897 amicitiam,

156 917 228 949 quae
245 907 319 939 huic
338 906 518 939 succeffioni
534 903 655 936 causam
683 903 836 944 praebuit,
867 912 939 943 pars
957 902 1024 934 laesa

158 949 228 980 odit
248 949 423 981 adulterum
449 948 497 979 vel
529 946 719 984 adulterum,
743 944 794 984 qui
811 953 921 984 quaeve
937 942 1025 974 suum

157 990 271 1031 cuique
297 1000 361 1022 non
389 989 515 1027 tribuit,
549 988 578 1019 ἃ
596 997 665 1028 pars
682 987 796 1018 laedcns
809 985 877 1016 odit
897 985 1024 1022 laesum,

157 1032 241 1072 quod
264 1031 402 1063 furtivos
432 1039 553 1062 amores
577 1029 758 1066 detexerit,
803 1028 833 1059 ἃ.
855 1033 1024 1058 nocentem

157 1072 295 1114 publicis
311 1073 458 1104 vindictis
471 1070 664 1111 exposuerit.
934 1100 935 1106 ,

201 1113 319 1146 Eadem
338 1114 420 1145 ratio
444 1113 528 1144 valet
553 1112 583 1142 ὅ(
606 1111 637 1142 111
653 1110 719 1142 aliis
733 1109 815 1150 Juris
833 1108 965 1140 Romani
981 1118 1025 1139 ar-

159 1155 278 1187 ticulis.
323 1154 521 1187 Donationes
544 1153 626 1184 inter
650 1151 761 1182 Virum
778 1152 806 1182 ὅ(
824 1150 968 1181 Uxorem
986 1159 1025 1180 eo

157 1197 226 1237 jure
249 1206 313 1228 non
342 1195 532 1232 subsistunt,
566 1193 615 1225 sed
638 1201 740 1223 tamen
763 1201 819 1232 pro
843 1190 977 1230 benigna
997 1191 1027 1221 dc

158 1238 284 1279 prolixa
303 1247 374 1278 erga
397 1236 556 1276 Coniuges
578 1233 744 1265 voluntate
763 1239 867 1263 morte
881 1232 1027 1263 donantis

159 1279 387 1311 confirmantur
401 1301 410 1316 ‚
441 1277 526 1317 quod
547 1283 658 1306 stamen
682 1273 768 1306 fallit
785 1296 795 1311 ‚
827 1273 849 1304 fi
870 1272 1028 1304 contraria

159 1320 334 1352 voluntatis
361 1326 491 1350 mutata:
517 1322 699 1357 argumenta
719 1316 863 1353 exstent,
895 1322 930 1345 ut
946 1314 967 1345 fi
983 1313 1027 1344 di-

159 1362 299 1393 vortium
316 1359 386 1401 post
403 1358 608 1390 donationem
624 1356 795 1388 interceffit
816 1356 837 1387 l.
851 1365 903 1398 322.
928 1354 1025 1395 §.110

157 1401 197 1444 ff.
221 1403 255 1433 cle
277 1401 389 1433 Donat.
415 1402 494 1431 inter
523 1399 566 1430 V.
599 1398 635 1433 ὅ)
661 1398 701 1429 U.
724 1395 806 1428 mala
822 1396 945 1428 scilicet
960 1405 1026 1436 gra-

161 1444 216 1475 tia.
262 1442 354 1474 Unde
372 1441 574 1481 &Ulpianus
598 1440 630 1472 in
661 1440 689 1470 d.
715 1437 742 1479 §.
771 1448 818 1470 10.
847 1446 896 1471 11.
919 1447 967 1469 12.
994 1436 1030 1473 ἐξ

161 1494 211 1527 13.
236 1482 367 1525 operose
386 1482 541 1524 disputat,
565 1491 635 1523 quae
653 1480 712 1512 sint
733 1488 915 1520 argumenta
931 1487 1029 1510 muta-

159 1533 203 1557 tae
219 1525 404 1558 voluntatis.
452 1523 504 1555 De
520 1532 584 1564 quo
602 1524 697 1554 etiam
722 1521 786 1553 aliav
801 1520 1028 1554 occafioneidt-

157 1566 321 1608 {putabam
346 1566 385 1599 L.
406 1565 445 1598 II.
475 1566 506 1596 C.
523 1570 553 1600 8.
768 1585 770 1588 -

203 1608 253 1641 Ex
268 1608 424 1649 conjugali
442 1607 539 1649 igitur
557 1605 725 1639 affeetione
734 1605 779 1639 est
794 1606 936 1648 legitima
944 1603 1026 1636 Con-

159 1650 268 1691 jugum
292 1648 440 1682 succeffio
458 1672 473 1688 ,1
500 1657 597 1690 eaque
622 1647 717 1680 cessat
740 1658 779 1680 ex
799 1648 845 1680 ira
861 1648 891 1680 &
908 1644 1027 1678 offensa

159 1689 351 1732 Conjugum.
397 1690 458 1723 Sed
475 1698 510 1722 ut
533 1688 672 1722 moribus
691 1690 723 1722 id
738 1690 788 1731 jus
802 1688 965 1727 exolevit,
987 1697 1026 1720 an

156 1731 201 1766 fic
220 1742 345 1774 quoque
357 1732 500 1764 exolevit
513 1741 601 1765 amor
617 1730 802 1773 Conjugalis
814 1755 824 1771 ,
849 1731 901 1772 qui
914 1730 942 1761 ei
954 1739 1025 1761 cau-

158 1772 225 1805 sam
252 1774 397 1815 praebuit.
450 1772 560 1813 Cave,
591 1779 626 1805 ut
647 1773 749 1813 dicas,
773 1774 803 1806 ὃ(
818 1782 914 1806 1101110
930 1771 1028 1803 etiarn

158 1814 253 1848 dixit.
300 1815 342 1847 Et
359 1814 528 1848 secundum
543 1815 611 1846 haec
626 1816 742 1855 aequius
757 1816 786 1848 ὅ(
803 1815 916 1848 melius
931 1812 1028 1851 efflet,

158 1864 196 1889 ut
215 1856 341 1898 Conjux
364 1857 505 1898 Coniugi
527 1856 629 1888 adhuc
646 1855 849 1896 succederet,
870 1856 892 1888 si
916 1864 1028 1886 verum

159 1897 218 1938 fit,
242 1908 311 1930 eam
329 1898 391 1930 effe
407 1898 621 1940 Cognatorum
639 1896 838 1931 succeffionis
853 1900 1029 1933 rationem,

161 1950 222 1981 qua
237 1939 454 1980 praesumitur,
488 1939 642 1981 Cognatis
672 1938 733 1972 suis
755 1939 921 1972 defunctos
945 1938 1028 1979 opti-

163 1991 215 2013 me
228 1981 382 2021 voluisse,
406 1991 502 2013 nemo
517 1982 625 2020 enim,
647 1989 739 2020 quam
757 1981 883 2022 Conjux
906 1979 972 2019 est,
997 1979 1030 2010 in

188 2032 257 2054 uem
276 2022 337 2054 hoc
363 2023 461 2064 magis
486 2023 591 2062 cadit,
613 2022 688 2063 quin
711 2022 733 2054 fi
760 2022 826 2054 sola
855 2022 932 2054 effet
961 2022 1030 2052 haec

164 2033 353 2097 succedendi
379 2065 461 2095 ratio
480 2087 488 2100 ,
514 2063 641 2103 Coniux
666 2064 761 2095 etiam
786 2063 950 2105 Cognatos
977 2071 1031 2093 ex-

165 2104 434 2145 cluderet‚'quum
454 2105 639 2146 generaliter
650 2105 754 2145 negari
772 2113 928 2144 nequeat,
944 2103 1030 2136 Con-

167 2147 271 2187 jugem
290 2147 384 2176 etiam
410 2155 467 2184 pro
493 2145 646 2185 Cognatis
678 2146 778 2186 diligi.
824 2145 899 2177 Huc
924 2145 1030 2177 facere

165 2187 266 2219 videri
284 2185 385 2227 posset
406 2186 435 2227 §.
459 2196 509 2218 22.
537 2187 568 2217 C.
593 2186 634 2218 ΙΙ.
655 2186 728 2217 LL.
755 2185 879 2217 Zelandz
905 2187 957 2227 qui
975 2185 1029 2224 ait,

166 2228 273 2261 liberis
289 2227 327 2259 ad
343 2227 485 2259 Parentis
510 2226 650 2259 defunCti
668 2227 874 2258 hereditatem
895 2237 960 2259 non
977 2236 1029 2258 ve-

167 2268 327 2302 nientibus
345 2292 355 2308 ‚
387 2276 492 2300 totum
519 2268 740 2309 patrimonium
768 2268 903 2310 Coniugi
928 2268 1032 2309 super-

167 2310 234 2343 stiti
250 2309 361 2341 cedere
374 2333 384 2347 ‚
408 2309 491 2349 quast
519 2318 632 2350 nempe
651 2309 765 2342 Edicto
789 2309 979 2342 successorio
999 2309 1032 2340 in

167 2351 318 2393 legitimis
336 2351 498 2382 heredibus
517 2351 606 2382 locus
626 2360 689 2383 non
715 2350 813 2389 esset,
847 2350 898 2382 scd
925 2351 1032 2392 potius

167 2393 234 2432 est,
255 2401 292 2424 ut
311 2392 471 2431 dicamus,
490 2392 522 2423 in
537 2393 564 2423 ci.
591 2391 620 2433 §.
642 2403 693 2424 22.
714 2391 850 2433 Conjugi
879 2391 1033 2432 superstiti

169 2443 274 2467 totum
292 2433 448 2474 relinqui,
469 2433 548 2474 quafi
575 2441 695 2474 partem
720 2433 809 2465 liberi
835 2441 876 2464 ex
891 2432 1033 2465 defuncti

168 2475 345 2508 hereditate
367 2475 429 2515 Jam
455 2474 604 2507 haberent
624 2497 635 2514 ,
656 2474 857 2516 accipiendus
885 2476 968 2506 enim
989 2472 1035 2505 est

168 2517 211 2558 vs.
238 2516 324 2549 Erzde
346 2517 380 2558 of
396 2518 417 2547 ’t
435 2526 509 2558 geen
529 2516 557 2557 ᾗ.
582 2526 634 2548 22.
657 2516 696 2548 de
718 2515 810 2554 casu,
834 2525 898 2556 quo
922 2515 1034 2554 liberi,

170 2565 206 2590 ut
220 2558 322 2595 bona,
343 2558 510 2589 collationi
529 2558 690 2595 obnoxia,
708 2557 880 2596 servarent,
899 2557 1034 2598 primum

149 2597 310 2630 ‘defuncti
343 2598 550 2630 hereditatem
581 2599 770 2639 repudiant,
814 2599 844 2630 ὃ(
877 2598 919 2630 sic
949 2598 1034 2630 malo

172 2639 333 2681 explicare
355 2640 382 2670 d.
407 2638 435 2679 ὃ.
462 2649 514 2670 22.
538 2648 631 2680 quam
658 2639 763 2671 Edicto
795 2639 882 2671 Unde
911 2639 973 2671 Vz'r
998 2638 1034 2674 &2³

177 2680 262 2713 Uxor
285 2680 316 2711 in
331 2679 479 2713 Zelandia
503 2680 610 2712 locum
627 2680 743 2712 facere.

216 2722 276 2753 Sed
299 2731 369 2762 quae
397 2729 473 2752 tunc
503 2720 586 2752 ratio
617 2721 759 2762 abrogati
791 2720 853 2753 five
883 2721 938 2753 usu
970 2730 1033 2753 non

172 2762 288 2804 recepti
306 2762 438 2794 Editti?
461 2760 594 2793 Grotius
621 2762 694 2803 (4)
717 2761 835 2794 nullam
854 2763 977 2802 reddit,
1003 2763 1033 2793 &

172 2804 244 2836 sane
265 2802 391 2844 praestat
415 2803 533 2835 nullam
554 2803 703 2842 reddere,
726 2812 818 2844 quam
841 2813 908 2834 eam
927 2827 936 2842 ‚
965 2813 1034 2844 quae

172 2846 255 2877 ratio
271 2854 334 2876 11011
353 2844 408 2876 est.
453 2844 513 2876 Sed
531 2845 604 2885 quid
622 2843 674 2876 dis
692 2853 809 2876 utamus
823 2867 831 2881 ‚
855 2843 877 2876 fi
901 2844 1034 2876 Ordines

171 2896 238 2918 rem
257 2884 352 2927 ipsam
369 2885 569 2917 definiverint
580 2909 589 2922 ‚
615 2886 643 2918 ὅ(
674 2886 702 2918 ic
719 2885 815 2926 vulgo
830 2885 932 2927 placet
948 2885 991 2926 (5
1005 2886 1032 2926 )‚

175 2927 205 2958 δ(
232 2936 272 2958 00
295 2926 443 2958 adhibent
468 2925 495 2968 §.
521 2936 567 2963 19.
593 2926 685 2959 Pom.
714 2927 847 2958 Orclomi.
869 2937 930 2958 van
957 2926 1033 2958 Hol-

172 2968 254 3000 land.
278 2967 466 3009 Perperam,
499 2967 521 3000 fi
545 2968 618 3009 quid
640 2969 757 3009 iudico.
802 2966 945 3008 Abi-ogau
964 2967 1032 3008 qui-

214 3087 277 3124 (4)
296 3088 395 3117 Introcl.
414 3089 448 3118 ad
459 3089 569 3130 Jurisp.
589 3089 666 3119 Holl.
687 3090 722 3119 L.
732 3084 771 3120 112
790 3089 818 3119 C.
829 3099 873 3125 30.
894 3089 931 3124 vs.
946 3089 1034 3118 Want.

216 3126 276 3161 (5)
298 3128 510 3164 Groenewegen
538 3129 572 3156 ad
599 3128 654 3158 Tit.
676 3129 705 3158 C.
726 3129 801 3158 Unde
821 3128 871 3158 Vir
893 3127 928 3163 δέ
950 3129 1034 3156 Uxor.

211 3162 272 3199 (6)
296 3165 365 3193 Boel
383 3167 419 3195 ad
437 3167 579 3197 Loenium
599 3167 656 3205 Cas.
678 3167 781 3198 CXXI·
801 3176 830 3206 P·
849 3175 912 3203 750-
932 3166 1033 3205 ‘vs-En·

170 3200 340 3238 Vervolgens.

1054 458 1137 481 -nam
1159 459 1260 489 neque
1280 449 1348 479 haec

1059 114 1671 156 BYNKERSHOEK

1062 202 1134 235 dem
1159 202 1214 234 ille
1230 202 1259 244 §.
1286 213 1334 239 19.
1355 202 1461 234 omnia
1476 202 1543 241 jura
1566 200 1776 243 succedendi,
1799 205 1861 237 five
1882 214 1921 241 ex

1052 244 1134 283 *Jure
1151 244 1295 276 Romano
1308 267 1316 282 ,
1342 243 1405 275 five
1429 252 1467 274 ex
1492 243 1600 274 Patrio
1624 244 1762 284 profecta
1773 268 1785 284 ,
1806 256 1871 287 quae
1889 258 1924 281 ea

1063 286 1133 325 lege
1149 294 1210 316 non
1234 285 1448 316 continentur.
1495 284 1554 315 Sed
1581 284 1601 315 fi
1623 285 1710 317 ilium
1735 286 1762 326 ᾗ.
1793 296 1839 324 19.
1864 297 1926 324 tam

1064 326 1252 366 generaliter
1270 325 1445 366 intelligas,
1466 325 1521 356 vix
1546 334 1585 355 eo
1609 327 1706 366 magis
1735 327 1855 361 fatuum
1882 331 1925 363 in-

1064 368 1172 398 venies
1190 391 1199 406 ,
1237 375 1311 399 tunc
1338 369 1450 404 enim,
1478 374 1592 407 praeter
1620 367 1694 398 alias
1725 368 1925 404 succeffiones

1065 417 1127 439 non
1144 417 1277 448 paucas,
1301 408 1394 439 etiam
1414 406 1494 438 Fisci
1515 406 1660 439 succcffio
1680 409 1738 440 erit
1761 411 1926 452 abrogata,

1365 448 1391 489 §.
1418 459 1467 480 20.
1494 449 1521 480 d.
1550 448 1651 479 Edit}
1677 458 1730 480 aut
1748 450 1826 493 seqq.
1853 462 1925 486 con-

1067 491 1206 527 tinetur,
1230 489 1280 520 scd
1304 489 1431 530 abrogat
1454 491 1508 521 ille
1531 489 1557 531 §.
1588 499 1634 526 19.
1660 490 1808 523 duntaxat
1832 502 1924 526 caste-

1066 541 1114 564 ras
1133 530 1349 572 Cognatorum
1379 531 1603 569 succcffiones,
1629 540 1831 572 praeterquain
1858 543 1925 575 quae

1065 575 1093 605 ci.
1120 572 1168 614 ᾗῇ.
1202 581 1449 613 proponuntur,
1475 573 1537 604 ssve
1563 572 1691 612 tle-rugat
1719 581 1837 606 tantuin
1863 578 1924 608 suc·

1066 614 1251 647 cellionibus
1295 623 1365 654 quae
1382 614 1409 644 ei
1427 613 1540 644 Editio
1560 613 1629 644 sunt
1647 615 1815 647 contrariae.
1846 616 1925 660 Quae

1066 656 1243 688 communis
1266 655 1311 686 est
1337 655 1455 695 Legum
1482 654 1738 687 Hellandicarum
1766 657 1924 698 clausula,

1068 706 1136 737 quae
1157 698 1250 728 etiam
1269 696 1298 727 in
1319 695 1347 735 ᾗ.
1371 705 1424 736 41.
1447 697 1474 726 d.
1500 694 1590 726 Polit.
1620 695 1725 727 Ordin.
1747 698 1842 737 polita
1866 698 1924 737 est,

1069 739 1097 770 ὅ(
1117 747 1156 771 ex
1180 747 1244 778 quo
1265 739 1294 769 d.
1322 737 1350 778 ᾗ.
1379 747 1425 774 19.
1452 737 1706 777 interpretandus.
1740 738 1883 782 Denique
1906 741 1928 774 fi

1068 781 1097 812 d.
1129 779 1159 821 ᾗ.
1195 788 1243 815 19.
1274 777 1413 810 Ειίἱὲἶτιυι
1449 778 1535 809 Unae
1563 778 1624 810 Vir
1646 778 1680 813 ὃ)
1707 779 1789 812 Uxor
1813 781 1926 815 cessare

1068 822 1194 862 jubeat,
1218 820 1416 852 certiffinium
1436 827 1540 851 tamen
1565 818 1660 857 ess'et,
1682 820 1787 853 locum
1816 822 1926 855 habere

1070 864 1100 895 in
1125 861 1295 894 Hollandia
1320 861 1358 892 iis
1387 861 1465 892 locis
1483 884 1492 897 ‚
1527 861 1606 899 ubi,
1637 861 1753 893 abolita
1776 863 1804 893 d.
1835 863 1925 896 Polit.

1073 906 1181 936 Ordin.
1214 902 1352 934 servatur
1382 902 1526 934 Edictum
1563 902 1715 934 Ordinum
1752 902 1928 936 Hollandiae

1073 951 1120 980 18.
1138 945 1218 976 Dec.
1246 953 1335 983 1599.
1360 945 1452 985 quia,
1469 945 1656 976 enumeratis
1677 944 1718 975 ibi
1737 943 1928 978 succeffioni-

1059 989 1144 1025 bus,
1169 986 1253 1017 addit
1279 985 1306 1026 §.
1337 994 1383 1025 14.
1409 995 1518 1017 omnes
1543 986 1617 1017 alias
1645 984 1869 1024 succcfflones,
1891 987 1929 1018 de

1069 1028 1182 1070 quibus
1199 1026 1277 1058 nihil
1297 1026 1326 1057 id
1353 1026 1497 1058 Edictum
1514 1026 1642 1061 statuit,
1666 1036 1705 1057 ex
1728 1026 1800 1066 jure
1815 1027 1927 1060 Rorna-

1068 1079 1111 1101 no
1125 1068 1186 1100 effe
1201 1067 1412 1105 definiendas,
1437 1073 1463 1098 te
1482 1069 1579 1098 zallen
1604 1069 1784 1109 geregzileert
1811 1070 1930 1100 worden

1069 1120 1109 1142 na
1125 1111 1158 1141 de
1178 1109 1348 1149 wereltlyke
1371 1109 1541 1148 boschi-even
1565 1109 1695 1151 Regem.
1742 1110 1790 1141 Ex
1817 1119 1880 1150 quo
1902 1120 1931 1142 a·

1069 1153 1129 1184 lius
1156 1149 1330 1182 Hollandus
1355 1150 1430 1190 (6)
1453 1149 1581 1188 effecit,
1607 1150 1828 1182 i'ucccllionem
1852 1160 1932 1183 inter

1070 1193 1174 1223 virum
1192 1191 1221 1222 ὃ(
1244 1200 1371 1224 uxorein
1388 1190 1488 1221 adhuc
1511 1191 1639 1229 servari,
1666 1192 1716 1222 ubi
1742 1192 1878 1224 servatur
1898 1193 1927 1224 d.

1069 1232 1217 1264 Edi&um
1254 1236 1302 1265 18.
1337 1231 1414 1262 Dec.
1455 1240 1542 1270 1599.
1576 1232 1627 1262 sed
1647 1233 1832 1264 vcriffiznuzn
1859 1232 1930 1269 cst,

1070 1283 1137 1304 eam
1164 1273 1194 1303 in
1219 1272 1302 1303 nulla
1325 1271 1504 1303 Hollandiae
1530 1281 1616 1312 parte
1638 1272 1730 1305 fuisse
1752 1273 1931 1314 frequenta-

1070 1323 1132 1347 tam
1149 1313 1201 1344 vel
1222 1313 1323 1344 adhuc
1342 1312 1544 1353 frequentari.

1113 1355 1221 1396 Inepta
1247 1355 1344 1395 igitur
1367 1354 1411 1385 est
1435 1354 1602 1386 auum-ita<
1622 1377 1632 1392 ,
1655 1364 1713 1395 qua
1741 1354 1931 1389 Grocnewe-

1071 1407 1130 1438 gen
1158 1397 1256 1428 utitur
1287 1396 1324 1427 ad
1349 1396 1557 1436 abrogandum
1589 1396 1727 1428 Esiirlum
1760 1398 1845 1430 Unde
1872 1399 1933 1430 Vir

1072 1439 1108 1474 E?
1129 1438 1233 1476 Uxor,
1256 1445 1287 1469 at
1304 1438 1399 1478 longe
1415 1438 1555 1476 ineptior
1570 1439 1671 1477 ratio,
1698 1448 1788 1478 (11111111
1806 1440 1836 1471 in
1854 1440 1933 1473 hanc

1072 1490 1138 1512 rem
1156 1479 1282 1511 adducit
1300 1479 1395 1519 (7),
1418 1479 1501 1519 idque
1527 1479 1589 1516 ait,
1612 1485 1728 1527 prop-ter
1751 1481 1932 1524 conjugalem
1974 1508 1978 1511 .

1068 1524 1204 1554 honorum
1218 1522 1442 1552 communionem
1455 1547 1457 1549 ,
1487 1529 1571 1560 quam
1587 1520 1824 1562 huzcsucceffioni
1832 1523 1932 1564 Jicrro-

1067 1563 1149 1607 gaffe
1170 1564 1310 1594 videntur
1331 1571 1419 1593 mores
1447 1560 1547 1603 nostri.
1593 1561 1672 1604 Quae
1698 1565 1780 1594 ratio
1812 1566 1840 1596 ὅ(
1865 1564 1934 1596 aliis

1071 1604 1194 1646 placuit
1219 1603 1315 1644 (8),
1339 1602 1402 1635 sed·
1417 1603 1509 1645 longe
1532 1603 1712 1636 alieniflima
1739 1603 1785 1636 est
1808 1605 1847 1636 ab
1872 1605 1934 1638 hoc

1069 1653 1267 1687 argumento.
1314 1643 1390 1676 Non
1419 1645 1613 1685 quaerimus,
1645 1653 1710 1686 quo
1743 1647 1936 1686 patrimonio

1070 1690 1206 1731 primum
1225 1686 1361 1718 moriens
1378 1686 1540 1718 decesserit
1554 1707 1565 1724 ,
1589 1686 1716 1727 majori.
1741 1697 1778 1719 an
1801 1688 1934 1727 minori,

1071 1731 1101 1762 dt
1123 1739 1161 1762 an
1183 1738 1222 1761 ex
1242 1728 1466 1760 communione
1490 1728 1571 1761 bona
1586 1727 1639 1760 sua
1656 1728 1797 1766 auxerit,
1822 1739 1858 1761 an
1880 1729 1934 1761 mi-

1070 1771 1175 1804 nuerit
1204 1769 1394 1811 (utrumque
1428 1770 1511 1801 enim
1544 1769 1688 1801 accidere
1719 1769 1847 1810 pocest)
1880 1769 1932 1802 sed

1071 1813 1239 1854 quaerirnus
1256 1833 1267 1850 ,
1299 1820 1397 1851 ecqua
1422 1811 1543 1843 ratione
1560 1835 1570 1850 ,
1602 1811 1750 1853 quicquid
1777 1811 1904 1853 reliquit
1922 1833 1935 1850 ,

1071 1854 1153 1896 apud
1170 1862 1228 1885 nos
1246 1852 1284 1884 ad
1298 1851 1493 1893 superstitem
1512 1851 1686 1894 Conjugem
1702 1854 1865 1893 pervenire
1884 1858 1935 1883 ne-

1071 1904 1166 1935 queat
1182 1918 1192 1934 ,
1225 1902 1261 1925 ut
1286 1894 1391 1934 potuit
1425 1894 1507 1934 apud
1534 1894 1692 1925 Romanos
1714 1892 1933 1926 deficientibus

1072 1935 1250 1977 Cognatis‘?
1273 1935 1327 1968 Sin
1356 1935 1440 1975 ajas,
1461 1935 1534 1975 quia
1560 1934 1709 1976 superstes
1728 1944 1768 1966 cx
1792 1944 1932 1966 cominu-

1071 1979 1171 2010 nione
1194 1978 1354 2009 bonorum
1382 1986 1448 2007 rem
1468 1976 1551 2008 suam
1579 1977 1688 2015 auxit,
1714 1976 1745 2007 id
1764 1976 1828 2014 ais,
1850 1976 1934 2016 quod

1071 2019 1116 2051 est
1141 2017 1387 2050 incertiffimum.
1433 2017 1474 2050 Et
1504 2017 1577 2057 quid
1600 2018 1619 2050 fi
1642 2027 1680 2049 ex
1710 2018 1932 2049 communione

1073 2059 1261 2102 perdiderit,
1286 2067 1362 2090 tunc
1387 2058 1535 2091 succeffio
1559 2058 1717 2091 obtinebit
1735 2059 1751 2091 ἱ)
1782 2057 1833 2090 sed
1859 2057 1935 2091 seria

1073 2101 1267 2134 refutatione
1283 2100 1352 2130 haec
1370 2100 1517 2131 videntur
1533 2100 1665 2143 indigna.

1117 2143 1189 2174 Alia
1205 2141 1327 2172 ratione
1347 2150 1403 2182 pro
1421 2141 1574 2182 abrogato
1599 2142 1710 2173 Edicto
1732 2142 1833 2173 utitur
1859 2141 1935 2173 nlius

1074 2183 1253 2217 Hollandus
1268 2180 1361 2221 (9),
1384 2183 1463 2214 nihil
1482 2191 1620 2215 moratus
1636 2184 1662 2214 d.
1689 2183 1717 2224 §.
1752 2193 1797 2219 19.
1821 2182 1874 2214 Α11
1899 2182 1934 2213 11-

1074 2226 1106 2258 le
1124 2248 1135 2264 ,
1163 2224 1384 2256 succefiionem
1410 2223 1587 2265 Conjugum
1614 2225 1665 2256 hic
1695 2233 1848 2266 nunquam
1873 2223 1935 2255 cll'e

1073 2273 1232 2307 receptam
1251 2289 1260 2304 ‚
1295 2265 1324 2296 dt
1347 2265 1431 2296 addit
1455 2275 1544 2306 neque
1570 2266 1658 2296 etiam
1682 2267 1773 2306 recipi
1803 2266 1900 2296 dehere
1922 2287 1935 2304 ,

1075 2309 1104 2340 ei
1121 2308 1204 2339 enim
1225 2305 1373 2338 adversari
1398 2306 1559 2347 utriusque
1580 2307 1618 2337 de
1642 2306 1829 2339 succe-[lione
1853 2305 1934 2346 juris

1076 2347 1261 2381 Hollandici
1276 2348 1395 2389 regulas
1404 2372 1413 2387 ,
1425 2348 1454 2379 ἅ
1464 2347 1672 2379 Aasdommici
1684 2371 1693 2386 ,
1705 2349 1724 2378 ’t
1733 2346 1832 2387 nezaste
1844 2347 1934 2385 moed,

1076 2390 1137 2430 erft
1153 2390 1202 2420 bet
1217 2389 1289 2430 goed
1300 2412 1310 2427 ,
1325 2390 1354 2422 &
1369 2389 1696 2429 Schepensdommici‚
1716 2392 1736 2419 't
1751 2390 1824 2430 good
1836 2392 1930 2430 goat,

1077 2434 1150 2464 datar
1164 2432 1185 2462 't
1201 2440 1262 2461 van
1280 2431 1358 2462 datm
1377 2431 1463 2462 komt.
1487 2429 1563 2476 Quo
1583 2429 1692 2461 nescio
1712 2439 1748 2460 an
1767 2429 1933 2469 quicquam

1077 2473 1139 2505 dici
1165 2471 1257 2513 possit
1279 2473 1374 2513 pejus,
1425 2471 1476 2511 Jus
1504 2480 1668 2511 utrumque
1691 2470 1719 2500 in
1745 2468 1934 2506 Hollandia,

1077 2513 1122 2546 est
1136 2514 1175 2545 de
1194 2512 1305 2545 ordine
1327 2512 1511 2544 succedendi
1529 2513 1609 2543 inter
1635 2509 1796 2550 Cognatos
1810 2532 1820 2548 ‚
1840 2519 1936 2550 quum

1077 2557 1116 2587 de
1131 2555 1179 2586 his
1198 2555 1319 2594 agitur,
1334 2554 1495 2595 quaesltum
1513 2551 1557 2584 est
1573 2552 1611 2582 de
1628 2550 1812 2592 praesumpta
1829 2559 1936 2582 mente

1078 2596 1236 2628 testatoris
1254 2618 1263 2634 ‚
1295 2596 1343 2635 jus
1366 2593 1618 2626 Aasdominicum
1651 2592 1682 2623 in
1714 2592 1858 2624 omnibus
1883 2591 1935 2623 de-

1075 2637 1177 2671 functi
1206 2635 1312 2675 bonis,
1338 2636 1541 2675 undecunque
1566 2634 1748 2674 provenerit
1765 2656 1774 2670 ‚
1808 2633 1935 2674 propio-

1075 2689 1141 2711 rem
1173 2677 1351 2716 sanguinem
1385 2675 1525 2713 mesen,
1549 2684 1586 2706 ex
1611 2682 1717 2705 mente
1738 2673 1860 2706 scilicet
1881 2674 1934 2706 de-

1076 2719 1200 2758 11111611,
1225 2717 1275 2750 sed
1296 2718 1347 2758 Jus
1390 2715 1718 2757 chepensdommicum
1743 2713 1872 2757 praefert
1894 2715 1936 2748 la-

1079 2770 1128 2794 tus
1139 2783 1149 2799 ,
1170 2759 1251 2791 unde
1268 2759 1348 2789 bona
1363 2756 1500 2799 profecta
1518 2755 1604 2795 sunt,
1629 2756 1650 2788 si
1667 2765 1704 2788 cx
1721 2760 1823 2788 altero
1841 2757 1937 2788 latere

1079 2801 1157 2834 nihil
1179 2800 1342 2832 defunctus
1366 2797 1546 2840 acquisivit,
1571 2798 1664 2838 idque
1695 2796 1796 2829 rursus
1821 2806 1861 2828 ex
1884 2797 1935 2829 de-

1078 2842 1177 2875 funeti
1205 2848 1310 2874 mente
1326 2863 1336 2877 ‚
1367 2841 1395 2872 ἃ
1421 2839 1490 2870 sanc
1513 2838 1593 2870 inter
1621 2838 1782 2879 Cognatos
1807 2847 1936 2879 utraque

1077 2882 1230 2917 sententia
1249 2881 1339 2912 habet
1357 2881 1529 2918 rationem,
1555 2881 1583 2911 c&
1602 2879 1652 2911 1110
1675 2879 1794 2921 agimus
1816 2879 1854 2910 dc
1872 2879 1938 2911 suc-

1077 2924 1229 2961 ceffione‚
1254 2931 1323 2962 quae
1347 2922 1504 2953 obtineret
1532 2920 1748 2952 deficientibus
1772 2919 1933 2961 Cognatis.

1076 2965 1100 2998 F
1103 2965 1158 2998 isci
1179 2965 1288 3005 utique
1311 2962 1457 2995 succcffio
1483 2962 1561 3004 apud
1579 2971 1636 2994 nos
1659 2969 1748 2993 certo
1768 2961 1840 2993 casu
1856 2961 1938 2993 obti-

1861 3009 1935 3043 net;

1118 3084 1179 3123 (7')
1200 3085 1278 3114 Diuo
1298 3085 1359 3113 loco.

1116 3126 1175 3161 (8)
1198 3125 1260 3152 Van
1285 3125 1425 3153 Lceuwcn
1447 3122 1481 3151 R.
1503 3123 1543 3150 Η.
1564 3121 1598 3151 R.
1620 3119 1654 3150 L.
1676 3121 1725 3150 111.
1753 3120 1783 3150 C.
1801 3129 1845 3158 ις.
1865 3131 1891 3151 n.
1909 3128 1936 3157 7.

1074 3163 1278 3240 Xl(¹·9}-B2ortl-
1294 3162 1329 3231 ἅδε.
1344 3160 1422 3236 {ncces
1450 3160 1565 3230 .8.Feud.
1597 3159 1671 3190 Hott.
1703 3159 1777 3190 Edu.
1804 3161 1884 3199 Betg.
1903 3159 1934 3189 C.

1986 92 2006 136 pl

1995 211 1998 221 i

1992 252 1994 260 1
2003 228 2008 253 l
