2008 3436
227 101 665 144 OBSERVATIONUM
715 99 850 149 JURIS
902 98 1116 138 ROMANI
1165 101 1343 142 LIB.V1.

38 197 80 232 go
97 196 180 221 utor.
226 187 411 221 Constanter
428 185 541 227 ubique
558 182 619 222 est,
636 180 897 227 quemadmodum

40 234 71 264 ἃ
87 229 277 268 Florentiae,
298 226 404 272 egreffi.
449 227 493 260 Et
509 225 590 257 reste
600 235 610 264 ;
639 221 773 264 vectigal
790 231 873 253 enim
886 246 896 261 ,

39 272 124 315 quod
142 272 267 313 proprie
279 271 438 312 portorium
454 267 649 311 appellatur,
682 262 755 295 satis
774 261 898 309 constat

39 323 97 361 pro
120 313 289 346 evectione
305 312 400 343 etiam
429 308 565 342 solutum
590 305 682 338 fuisse
695 327 706 343 ,
739 304 769 336 ὅ(
790 304 898 345 quidm

38 365 70 387 in
88 354 209 386 servis?
232 363 301 386 nam
316 351 428 384 inutile
447 350 516 382 sane
535 356 617 386 erat,
642 354 677 378 ut
695 353 898 392 exportaren-

40 405 112 435 tur,
137 394 155 427 s
173 395 306 426 oliandis
320 393 534 425 Romanorum
558 387 718 430 ergastulis
738 389 897 433 &.²¹Ug‘:’¹¹‘

39 437 87 471 dis
96 405 245 469 Barssaris.
268 435 355 481 Quin
373 432 531 474 poffumus
542 437 748 475 quoscunque
758 429 835 468 fines
852 437 896 459 in-

39 478 180 520 telligere
198 499 209 515 ‚
241 477 335 508 etiam
367 473 516 506 territorii
545 473 720 509 Barbarici,
745 470 829 515 malo
851 477 894 514 ta-

38 529 108 551 men
125 517 277 557 Romani,
291 517 321 549 &
340 516 391 547 vel
411 515 480 547 ideo
491 513 669 555 praeferrem
689 509 805 554 egreffi,
824 519 898 552 quia

39 560 140 602 agitur
160 558 324 600 deservis,
343 558 393 600 qui
409 558 441 587 in
448 557 531 598 fuga
540 555 622 597 sant.
786 593 791 599 ι

54 626 58 630 .
80 600 118 633 11.
144 599 175 632 Si
199 599 329 638 vinum,
361 598 446 641 quod
462 598 492 630 in
509 597 603 629 doliis
621 593 686 634 est,
710 593 809 640 fuerit
833 602 896 639 em-

37 649 146 685 ptum,
171 649 228 672 nee
245 641 332 673 dolia
347 647 540 672 evacuentur
557 645 629 670 ante
644 644 821 678 proximam
830 644 896 665 vin-

39 682 191 720 demiam,
216 681 368 723 Ulpianus
389 681 420 713 in
441 681 462 713 1.
490 689 515 711 1.
541 679 568 720 §.
592 677 678 751 wff.
697 679 730 708 cle
753 676 849 708 Perit.
863 673 899 710 &³

37 734 134 756 comm.
166 725 210 755 rei
240 724 327 755 vend.
363 732 403 754 cx
430 721 581 754 sententia
631 727 751 750 etei-um
771 715 869 748 refert
888 739 898 754 ‚

39 764 124 808 poffe
151 764 349 797 venditorem
368 770 422 804 per
443 763 550 794 corbem
568 760 727 801 mensnram
743 759 842 799 facere
865 756 901 791 ἐπ”

37 807 195 849 effundere.
241 806 348 846 Vulgo
368 812 496 845 putant,
519 802 633 843 JCtum
652 801 704 832 hic
722 800 828 845 ludere
844 807 899 828 vo-

40 847 146 886 luisse,
171 847 243 888 quia
258 846 388 884 vinum,
405 845 442 877 ad
454 843 625 876 mensuram
642 841 805 872 venditum
815 847 899 877 ,non

38 889 137 930 magis
146 889 215 929 quis
233 887 418 923 admetiatur
433 895 488 928 per
507 884 650 921 corbem,
676 890 767 922 quam
772 889 837 953 Zet
852 888 897 910 re-

40 930 173 962 ticulum
192 929 242 961 vel
254 928 400 960 cribrum.
445 928 561 959 Seneca
573 926 607 956 de
620 924 745 962 Benestc.
805 919 894 968 ..VIL

43 972 74 1004 C.
98 979 143 1008 19.
199 971 250 1001 uid
258 966 305 1008 fi,
326 969 449 1006 inquit,
469 968 516 998 cui
531 968 633 996 vinum
652 965 771 1000 debeas,
795 960 831 1008 &J
846 961 895 1007 lqoc

41 1012 93 1044 ille
108 1011 228 1043 reticulo
242 1010 396 1049 infundere
407 1010 528 1051 jubeat,
549 1011 601 1038 aut
613 1006 725 1042 cribro,
746 1001 896 1048 reddtdffle

41 1061 69 1086 te
94 1054 170 1085 dices
184 1073 196 1090 ,
227 1057 279 1082 aut
294 1051 408 1082 reddere
427 1050 503 1080 voles
519 1070 531 1086 ,
551 1048 622 1089 quod
631 1068 642 1084 ,
660 1046 728 1076 dum
745 1044 896 1089 reciditur,

40 1097 118 1127 inter
140 1094 207 1124 duos
226 1093 313 1132 perit.
359 1090 508 1122 Reticulo
527 1097 581 1120 aut
600 1087 704 1133 cribro
722 1084 835 1130 fimiles
849 1093 895 1115 νι-

40 1136 150 1170 dentur
171 1133 302 1172 corbes,
334 1140 448 1173 utpote
469 1140 508 1163 ex
533 1127 702 1162 viminibus
721 1133 818 1165 texti,
842 1134 894 1171 ne-

41 1183 101 1219 qne
123 1174 241 1207 vimina
260 1172 351 1212 sunt,
375 1173 430 1205 nisi
449 1170 656 1204 foraminibus
673 1167 894 1212 intercedenti-

40 1218 106 1253 bus.
148 1215 209 1250 Sed
235 1215 282 1247 ita
311 1214 481 1256 Ulpianum
506 1211 683 1252 intelligere
704 1219 767 1241 non
791 1209 867 1240 licet
884 1230 895 1246 ,

37 1266 108 1293 nam
133 1266 211 1290 mox
235 1255 338 1295 addit,
365 1255 494 1287 Veteres
511 1277 520 1294 ‚
546 1261 580 1284 ut
598 1261 653 1294 per
667 1253 796 1282 corbem
810 1257 895 1281 men—

37 1298 107 1334 sura
123 1299 233 1337 fieret,
259 1296 377 1329 suasiss‘e
388 1321 398 1336 ,
416 1295 446 1336 fi
460 1301 569 1338 quanta
587 1293 718 1334 mensura
734 1291 820 1333 effet,
839 1299 896 1337 non

38 1346 200 1383 appareat,
219 1339 357 1370 videlicet
373 1344 405 1370 ut
432 1341 601 1379 appareret,
623 1339 762 1377 quantum
778 1337 898 1379 emptori.

32 1384 167 1426 perierit.
213 1380 297 1414 Ante
313 1379 494 1412 effuiioncm
513 1378 609 1420 igitur
625 1374 766 1408 mensura
788 1373 832 1407 est
850 1383 895 1406 in-

37 1423 137 1456 eunda
152 1446 163 1463 ,
193 1421 286 1463 idque
310 1430 365 1463 per
391 1422 517 1453 corbem
537 1443 547 1460 ‚
578 1417 665 1450 forte
691 1417 781 1464 corio
799 1414 895 1463 obdu-

36 1465 121 1498 &um
133 1487 143 1504 ,
161 1473 200 1496 ne
209 1463 316 1495 vinum
325 1462 483 1495 efflueret.-
503 1460 612 1494 nam&
622 1468 718 1491 naves
732 1465 895 1504 viinineae,

38 1515 169 1548 quarum
186 1503 265 1546 apud
274 1511 397 1536 veteres
407 1504 557 1535 Auctores
566 1501 700 1544 plurima
707 1509 828 1532 mentio
839 1497 894 1538 est,

36 1548 128 1579 corio
155 1545 283 1578 fuerunt
303 1544 436 1587 obteftae
466 1551 577 1576 contra
607 1541 760 1584 influxum
783 1550 868 1588 aquae
883 1563 894 1580 ‚

61 1587 123 1620 uod
146 1587 270 1620 videtur
295 1585 409 1628 fugisse
433 1585 597 1618 Cu'acium
628 1584 669 1616 L.
705 1582 743 1615 II.
772 1582 892 1623 Observ.

65 1655 72 1662 .
94 1633 146 1672 36.
189 1628 307 1669 Utique
325 1628 453 1659 corbem
490 1626 564 1658 uiss'e
587 1624 737 1657 mensurae
750 1633 846 1665 genus
861 1633 893 1655 u-

35 1670 162 1705 fitatum
176 1693 187 1710 ,
218 1678 258 1702 ex
282 1679 346 1710 quo
369 1669 407 1700 de
433 1668 608 1709 quantitate
626 1667 692 1699 vini
708 1664 804 1706 effusa
819 1674 894 1697 con-

34 1711 114 1745 stare
136 1711 294 1754 potuerit,
325 1710 428 1742 addita
457 1709 541 1742 ratio
565 1707 708 1742 dubitare
730 1716 794 1741 non
816 1706 894 1748 pati-

35 1760 97 1787 tur.
686 1780 706 1790 p,

32 1812 36 1817 ·
74 1794 132 1828 III.
155 1795 256 1836 Judex
273 1792 432 1827 usurarum
451 1793 580 1827 modum
598 1791 764 1825 constituit
779 1801 819 1823 ex
829 1800 895 1823 mo-

34 1846 69 1870 re
85 1837 257 1879 Regionis,
283 1836 335 1868 ubi
350 1836 546 1869 contractum
569 1835 632 1875 est,
663 1838 707 1866 ita
726 1840 843 1872 tamen,
860 1839 893 1865 ut

31 1878 96 1921 legi
117 1888 175 1910 rum
199 1878 330 1920 offendat
347 1901 356 1917 ‚
381 1878 476 1909 verba
496 1877 566 1910 sunt
584 1875 742 1918 Papiniani
759 1875 792 1906 in
815 1875 835 1907 l.
864 1884 890 1908 1.

28 1926 78 1962 pr.
94 1919 134 1962 ff.
158 1921 192 1951 de
219 1920 305 1961 Usar.
351 1919 398 1951 Ita
418 1918 487 1952 sane
506 1918 674 1951 Florentiae
692 1917 824 1958 legitur,
849 1915 897 1956 &‚'

27 1961 210 2002 -utopinOr,
220 1961 313 1997 reste.
339 1960 475 2006 Quidam
485 1960 632 1992 Editor-es
643 1983 653 1999 ‚
668 1968 708 1990 ex
717 1958 892 2000 ignorantia

30 2001 225 2042 locutionis,
251 2001 491 2042 rescripserunt,
514 2007 546 2033 ut
561 2002 654 2044 legem
675 2010 733 2031 non
752 1999 890 2041 offendat.

34 2042 100 2075 Alii
125 2042 282 2075 insolitam
304 2042 423 2084 phrasin
432 2043 632 2075 Triboniano
647 2041 891 2083 adscripserunt,

27 2081 88 2116 -sed
103 2082 255 2116 falluntur
272 2093 344 2116 cum
359 2085 390 2116 in
406 2094 440 2116 re
460 2084 543 2125 ipsa,
567 2092 634 2115 tum
655 2083 686 2115 in
706 2083 815 2115 verbe.
842 2082 893 2115 De

36 2133 71 2156 re
88 2124 167 2156 nihil
181 2125 301 2164 dicam,
324 2125 396 2166 quia
409 2126 445 2157 ab
461 2125 530 2157 aliis
548 2124 619 2157 satis
634 2124 751 2156 dietum
762 2123 816 2157 est.
840 2124 893 2157 De

34 2166 136 2197 verbo
166 2165 268 2198 minus
293 2166 492 2198 laborandum
516 2165 585 2205 est3
615 2165 776 2207 offendere,
801 2166 892 2198 dandi

33 2205 125 2246 casu,
157 2206 250 2238 etiam
279 2207 359 2248 apud
382 2207 552 2239 Horatium
569 2208 641 2249 lego
665 2207 705 2239 L.
725 2207 765 2240 II.
792 2208 889 2249 Sat-yr.

32 2247 57 2280 1.
77 2247 154 2289 verfi
172 2257 222 2289 77.
247 2246 283 2282 ἃ
301 2252 350 2288 78.

276 2289 332 2329 fra
357 2290 391 2320 iii
413 2299 537 2331 qtcaerens
557 2291 670 2322 illidere
693 2292 825 2330 dentem,

151 2329 294 2371 Offendet
302 2330 338 2371 st>
351 2331 405 2361 ido.

31 2372 168 2420 Quidam
187 2371 276 2403 Libri
295 2371 327 2403 in
351 2372 370 2403 l.
390 2381 435 2412 14.
462 2373 493 2404 C.
503 2374 537 2404 de
558 2373 702 2416 Legitim.
719 2373 818 2405 haered.
837 2373 888 2406 ha-

32 2413 107 2446 bent
121 2422 264 2455 quoque,
287 2419 398 2444 naturae
420 2413 573 2454 offendere.
620 2414 663 2446 Et
680 2415 836 2456 Ulpianus
857 2415 889 2447 in

31 2455 52 2486 l.
79 2463 126 2496 ¹⁴5-
145 2453 186 2496 ff.
206 2454 240 2485 de
263 2454 373 2485 Servit.
388 2456 476 2495 praed.
501 2457 604 2488 urban.
626 2464 780 2488 memorat
796 2455 890 2488 servi-

30 2503 148 2536 tutem,
171 2505 207 2527 ne
223 2493 383 2536 prvpeeiui
405 2495 580 2537 offendatur.
634 2497 681 2530 Im
700 2499 778 2530 edire
794 2497 890 2529 etiam

29 2536 236 2574 casui,tertio
259 2536 400 2578 jungitur
429 2538 460 2569 in
490 2538 510 2569 1.
528 2548 578 2580 34.
599 2544 645 2579 pr.
662 2504 703 2580 ff.
727 2540 761 2570 de
784 2538 887 2580 Uficfr.

30 2579 157 2610 invicem
172 2576 229 2616 fibi
250 2579 427 2618 impedient,
457 2579 549 2620 plane
566 2588 601 2611 ut
619 2580 700 2622 apud
715 2580 890 2612 Varronem

31 2620 65 2650 de
83 2619 124 2651 L.
143 2618 181 2650 L.
204 2618 298 2664 Libr3
310 2618 397 2651 VIII.
416 2625 448 2660 p.
468 2630 504 2651 m.
526 2629 594 2661 104.
620 2622 749 2653 novitati
763 2632 819 2652 non
836 2623 889 2653 im-

24 2661 108 2701 pedit
124 2665 207 2691 vetus
225 2661 401 2699 consuetudo.
448 2659 582 2692 Gemina
599 2662 793 2695 constructio
807 2662 891 2695 estin

29 2702 51 2733 l.
72 2711 100 2733 2.
126 2700 154 2742 §.
173 2711 224 2741 44.
241 2700 281 2742 ff.
302 2702 340 2732 ad
360 2702 416 2733 SC.
448 2702 570 2734 Tertull.
592 2709 757 2747 oppugnare
775 2705 891 2736 utilita-

28 2748 53 2774 u
65 2743 126 2814 ἷῗῖὸ
136 2751 237 2828 ιῖεέςε
251 2775 335 2823 Julia'
345 2783 384 2815 de
405 2784 445 2815 Vi
469 2786 563 2817 etiam
581 2785 794 2833 testimonium
809 2787 891 2819 dice-

30 2833 66 2856 re
79 2823 281 2864 prohibetur,
305 2833 363 2870 quce
372 2826 473 2865 palam
486 2825 619 2868 quaestum
629 2828 730 2868 factet
739 2829 889 2869 feceritve

29 2865 50 2896 1.
78 2874 116 2910 3.⁴
139 2862 168 2903 §.
185 2873 216 2909 5.-
242 2864 282 2905 ff.
306 2872 340 2896 (ιε
363 2865 467 2906 Testib.
509 2868 598 2913 *Quia
622 2869 708 2916 ejus,
732 2870 817 2911 quod
840 2870 889 2902 ad-

29 2905 92 2937 huc
108 2914 140 2936 in
155 2903 230 2936 fatis
243 2904 307 2944 est,
331 2906 416 2938 nulla
434 2910 597 2949 turpitudo
614 2910 666 2941 vel
683 2909 812 2943 infamia
829 2910 893 2943 effe

28 2944 132 2988 potest
144 2968 153 2984 ,
163 2954 222 2986 pro
234 2945 337 2993 faciet
350 2946 512 2988 legendum
527 2950 626 2981 videri
642 2960 766 2992 poterat
774 2952 827 2984 vel
835 2952 890 2992 fa-

28 2989 91 3033 cip,
120 2987 171 3017 vel
194 2986 316 3032 faciat,
352 2995 386 3018 ut
402 2986 473 3020 sunt
488 3014 498 3028 ,
544 2991 575 3022 ui
592 2992 636 3023 ita
653 2992 822 3033 exhibent,
846 2993 888 3025 E-

29 3028 158 3060 ditores.
181 3027 324 3073 Maxime
333 3037 427 3074 quum
438 3029 533 3062 &ina
547 3031 575 3062 ia
583 3030 667 3074 Lege
677 3033 758 3074 Julia
796 3044 889 3076 quam

26 3068 126 3116 refert
139 3066 252 3100 Paulus
260 3077 290 3100 in
303 3068 415 3109 l.44.ff.
424 3070 457 3100 de
469 3070 558 3103 MV.
571 3072 615 3103 ita
623 3059 815 3117 legaturzq’uae
829 3075 893 3116 ipsa

26 3114 522 3190 ssssin‘i'vsseffssassfflesssg‘ssaeg'si
537 3112 678 3186 ‘wigii‘
699 3125 824 3155 ”⁰¹³³
845 3117 894 3156 fe‘

11 3174 154 3266 [αῑεῒὲῃξῗ
174 3191 300 3265 {tornum
328 3161 362 3227 3*-
387 3160 447 3228 ἐξ.
471 3193 524 3229 loc.
544 3163 585 3231 Iri.
608 3156 892 3241 ubiaiixlffipiggg

1396 103 1436 141 C.
1463 104 1582 142 XXV.
1735 111 1804 146 209

940 181 1126 214 adferuntur
1148 182 1256 214 eadem
1278 181 1372 224 Legis
1401 182 1490 224 Juliae
1516 185 1612 217 verba
1627 208 1638 224 ,
1684 193 1732 216 ua’.
1757 182 1810 215 hic

939 232 980 255 ex
1002 222 1192 255 CallistratO.
1238 223 1282 255 Et
1307 222 1379 256 sane
1394 225 1495 264 faciet
1522 227 1602 258 bene
1628 225 1659 258 sc
1699 227 1773 256 abet
1797 248 1808 264 ,

963 275 1012 297 uae
1043 273 1155 306 nempe
1185 263 1256 306 post
1282 264 1362 296 hanc
1385 266 1486 307 legem
1514 266 1635 298 factura
1658 266 1703 298 est
1724 275 1808 308 quae-

971 316 1042 346 um,
1067 315 1131 338 non
1155 316 1224 352 quae
1247 305 1318 348 post
1342 306 1513 339 testimonii
1543 306 1713 339 dictionem
1730 331 1741 347 ‚
1779 306 1812 338 id

939 348 1024 379 enim
1046 346 1091 379 est
1114 347 1146 380 in
1168 356 1309 387 incerto,
1335 348 1364 380 &
1383 356 1515 389 propter
1530 348 1686 380 incertum
1703 349 1747 380 rei
1763 347 1812 379 fu-

942 397 1020 421 turae
1054 387 1269 422 testimonium
1302 387 1432 421 refutari
1456 399 1520 421 non
1543 389 1658 431 potest.
1703 389 1811 421 Ambi—

941 430 1043 472 guitas
1071 439 1197 472 quoque
1220 429 1310 463 estin
1327 431 1426 462 verbo
1435 431 1569 472 feeerit,
1592 430 1736 463 futurum
1753 429 1809 460 sci-

941 473 1018 504 licet
1043 471 1196 503 duntaxat
1217 495 1226 511 ,
1261 482 1299 505 an
1317 473 1414 504 etiam
1434 473 1629 513 praeterituin
1648 470 1809 512 fignificet.

940 513 986 545 Ea
1004 512 1153 545 limilisve
1170 512 1300 549 Quaestio
1317 514 1461 545 exercuit
1486 522 1610 545 veteres
1628 512 1727 553 JCtos
1739 535 1750 551 ,
1775 520 1812 544 us:

940 553 986 586 est
1005 554 1086 595 apud
1103 552 1244 586 Gellium
1269 555 1309 587 L.
1335 554 1440 588 XVII.
1467 555 1511 587 N.
1538 554 1580 586 A.
1614 555 1645 586 C.
1670 564 1698 595 7.
1745 552 1808 585 Aci-

939 596 979 626 de
992 595 1123 627 eundem
1148 595 1187 626 L.
1213 595 1334 628 XVIII.
1364 596 1395 628 C.
1422 605 1450 628 2.
1478 596 1508 628 δε
1525 605 1593 637 quae
1621 595 1688 627 dixi
1719 595 1808 627 Ovu-

940 635 1028 668 sculo
1038 638 1071 668 de
1084 637 1261 678 Captatorit's
1271 636 1505 678 Institutionibus
1531 638 1562 669 C.
1576 637 1632 669 IV.
1657 636 1738 672 &C
1764 635 1809 668 X.

983 678 1023 710 V.
1046 676 1119 710 Post·
1133 679 1258 710 anxiam
1276 677 1349 711 satis
1366 678 1627 711 deliberationem
1650 678 1688 710 de
1712 678 1733 709 l.
1757 680 1809 712 86.

936 718 977 760 ff.
1001 721 1034 750 de
1060 720 1102 751 V.
1129 720 1158 751 S.
1186 720 1309 751 tandem
1334 719 1504 758 constitui,
1527 720 1606 751 nibil
1627 720 1659 752 in
1687 729 1723 751 ea
1748 718 1810 750 esse

943 760 1153 799 mutandum,
1184 759 1371 793 Fornerium
1393 761 1476 793 reCle
1501 760 1631 800 dixiffe,
1650 762 1722 804 jura
1739 766 1815 801 prae-

943 803 1054 833 diorum
1074 802 1127 833 hic
1145 801 1206 833 ess'e
1219 802 1403 842 servitutes,
1425 802 1631 834 Ber-trandum
1652 802 1736 834 recte
1759 811 1813 833 ex-

943 842 1085 883 plicuiss'e
1105 844 1217 884 pradia
1234 844 1360 885 qualiter
1372 845 1407 885 se
1428 844 1567 875 habentia
1581 868 1591 883 ,
1617 842 1750 875 Graecos
1774 843 1813 876 ad

942 892 1008 929 eam
1037 884 1172 925 ineptire
1186 907 1196 923 ‚
1228 894 1287 916 nee
1315 885 1417 917 minus
1436 885 1604 926 plerosque
1622 884 1816 927 Interpretes

939 923 1080 956 Latinos.
1107 924 1189 956 Celsi
1206 935 1283 957 vero
1301 934 1439 958 mentem
1458 926 1538 957 hanc
1557 926 1619 958 effe
1637 936 1726 958 reor:
1744 927 1812 958 Ser-

938 965 1059 997 vitutcs
1076 965 1155 998 nihil
1178 965 1239 997 esse
1257 967 1312 999 nisi
1330 974 1496 1008 perpetuas
1520 966 1691 999 fundorum
1716 967 1814 1009 quali-

939 1013 1038 1045 tates,
1062 1014 1099 1038 ut
1116 1005 1289 1039 fundorum
1308 1008 1474 1049 qualitates
1490 1006 1579 1048 sunt,
1605 1008 1748 1047 bonitas,
1769 1007 1812 1041 sa-

939 1046 1088 1086 lubritas,
1113 1048 1310 1089 amplitudo;
1334 1048 1451 1080 fundos
1466 1048 1584 1089 ubique
1598 1059 1649 1081 eas
1675 1050 1808 1091 qualita-

940 1094 987 1119 tes
1002 1087 1086 1129 sequi
1101 1111 1113 1126 ,
1141 1097 1177 1120 ut
1194 1087 1367 1130 sequuntur
1380 1114 1390 1129 ‚
1415 1098 1485 1131 quae
1503 1098 1543 1120 ex
1560 1089 1624 1131 ipsa
1643 1089 1812 1123 substantia

938 1126 1108 1161 fundorum
1126 1129 1214 1170 sunt,
1240 1131 1365 1162 bonitas
1381 1139 1513 1171 nempe,
1537 1129 1812 1164 salubritas&am-

938 1169 1063 1211 plitudo
1075 1194 1085 1210 ,
1111 1171 1246 1213 ideoque
1268 1171 1308 1203 V.
1327 1170 1368 1202 G.
1393 1170 1512 1203 fundos
1528 1181 1601 1204 cum
1618 1172 1656 1204 iis
1676 1171 1811 1205 servitu-

939 1211 1023 1243 tibus
1050 1211 1175 1244 tranfire
1199 1213 1236 1244 ad
1261 1213 1446 1255 legatarium
1460 1236 1471 1252 ,
1505 1222 1563 1245 nec
1586 1213 1623 1245 ab
1642 1213 1811 1246 heredibus

938 1253 1048 1327 Γεῖῌιῃξ
1071 1254 1092 1285 l.
1110 1257 1160 1286 66.
1184 1252 1214 1294 §.
1237 1257 1268 1287 6.
1285 1255 1327 1298 ff.
1348 1256 1382 1286 de
1405 1254 1517 1297 Legat.
1543 1254 1584 1288 II.
1608 1263 1703 1297 atque
1716 1255 1761 1287 ita
1775 1255 1811 1289 in

937 1303 970 1326 re
985 1304 1075 1334 iouis.

981 1337 1036 1369 VI.
1061 1338 1152 1380 Apud
1176 1335 1353 1372 Scaevolam
1378 1340 1410 1372 in
1441 1339 1461 1371 l.
1487 1342 1537 1380 78.
1571 1338 1599 1383 §.
1628 1349 1675 1373 12.
1702 1339 1743 1382 ff.
1769 1341 1811 1373 acl

940 1379 998 1426 SC.
1028 1378 1151 1413 Trebell.
1174 1381 1257 1417 recte
1273 1380 1392 1423 legitur
1414 1390 1451 1412 ex
1465 1380 1578 1454 rseffeiu
1596 1384 1806 1423 paupertatis,

937 1422 1050 1466 qui-ad
1074 1431 1124 1453 vos
1149 1425 1346 1463 pervenerit,
1370 1422 1432 1454 hoc
1457 1431 1475 1453 e
1515 1445 1527 1462 ,
1553 1423 1639 1465 quod
1659 1432 1700 1455 ex
1715 1423 1811 1457 bonis

939 1471 1017 1493 meis
1038 1462 1198 1504 reficitur,
1222 1464 1384 1507 redigitur.
1430 1463 1587 1504 Refeftunz
1608 1465 1641 1497 in
1647 1464 1713 1538 [pn
1738 1465 1766 1497 h.
1780 1465 1811 1508 §.

942 1512 989 1536 12.
1010 1513 1112 1549 ‘vocat
1130 1507 1275 1545 reditum,
1297 1505 1527 1547 sed'propterea
1545 1515 1610 1537 non
1628 1515 1645 1537 e
1689 1516 1725 1538 ea
1742 1516 1812 1540 vox

938 1545 1213 1587 hic‘restituenda,
1238 1556 1273 1578 ut
1289 1546 1494 1579 restituerunt
1511 1547 1576 1579 alii.
1606 1546 1739 1588 Reficere
1756 1558 1812 1580 va-

937 1587 982 1618 ria
1004 1586 1184 1629 fignificat,
1209 1588 1353 1627 interque
1371 1598 1407 1621 ea
1428 1588 1559 1661 rediffere
1575 1612 1587 1628 ,
1614 1590 1709 1621 etiam
1728 1588 1812 1630 apud

937 1627 1125 1661 Ciceronem
1132 1652 1143 1668 ,
1167 1630 1308 1671 itemque
1322 1629 1421 1670 JCtos
1436 1639 1479 1662 no
1510 1639 1580 1670 ros,
1606 1631 1701 1663 variis
1717 1630 1813 1669 locis,

938 1669 969 1701 δε
981 1679 1076 1710 quum
1098 1669 1223 1712 refeftus
1244 1680 1369 1712 quoque
1387 1670 1501 1703 Latina
1515 1681 1583 1704 vox
1593 1672 1649 1711 fit,
1662 1672 1738 1713 quid
1755 1681 1812 1705 ve-

939 1718 985 1743 tat
1001 1721 1070 1744 eam
1086 1710 1164 1744 sumi
1182 1721 1241 1753 pro
1258 1713 1372 1751 reditu,
1390 1717 1557 1753 proventu,
1574 1713 1626 1745 vel
1643 1722 1703 1754 pro
1724 1714 1808 1745 reda-

939 1751 986 1784 δῖα
1000 1753 1016 1785 Ρ
1038 1763 1101 1795 quo
1122 1754 1222 1785 verbo
1241 1776 1252 1792 ,
1276 1753 1374 1795 magis
1399 1753 1500 1784 adhuc
1519 1753 1725 1786 insolentiore
1741 1778 1751 1794 ,
1776 1755 1812 1788 in

937 1795 1066 1833 eandem
1083 1793 1267 1827 sententiam
1284 1793 1357 1827 usus
1373 1793 1418 1826 est
1438 1794 1521 1826 idem
1537 1795 1683 1828 Scaevola
1696 1819 1707 1835 ,
1731 1796 1815 1828 duo-

935 1835 994 1867 bus
1010 1836 1110 1877 locis,
1129 1846 1209 1879 quos
1224 1836 1362 1868 indicavi
1379 1836 1410 1868 δε
1427 1835 1554 1868 defendi
1577 1837 1617 1869 L.
1631 1836 1654 1868 Ι.
1682 1837 1809 1879 Olgserv.

938 1878 969 1908 C.
993 1886 1044 1917 25.
1072 1879 1144 1918 ,Ait
1161 1887 1258 1919 porro
1271 1878 1457 1919 paupertatis
1483 1887 1545 1918 pro
1570 1879 1704 1911 honorum
1722 1901 1734 1918 ‚
1754 1879 1810 1912 vel

936 1919 1038 1951 tertiae
1056 1920 1153 1960 partis
1170 1919 1326 1950 bonorum
1339 1942 1350 1958 ,
1371 1927 1440 1959 quae
1454 1918 1660 1959 praecefferat.
1685 1918 1721 1952 In
1739 1921 1811 1963 qui-

935 1959 1064 1992 busdam
1082 1961 1186 1993 Libris
1209 1970 1271 2002 pro
1287 1961 1474 2001 paupertatis
1493 1960 1609 2001 legitur
1628 1963 1728 2001 partis
1753 1962 1809 1995 vel

935 2002 1130 2040 haereditatis,
1141 2001 1192 2033 sed
1203 2011 1268 2034 non
1280 2000 1324 2033 cst
1335 2000 1484 2032 mutanda
1498 2001 1523 2033 F
1526 2002 1683 2034 lorentina
1699 2002 1808 2035 leEtio.

935 2044 1047 2076 Solent
1068 2042 1230 2076 testatores
1259 2043 1343 2074 bona
1367 2040 1418 2074 sua
1441 2043 1537 2075 variis
1554 2042 1736 2076 nominibus
1753 2053 1808 2086 ap-

934 2085 1052 2126 pellare
1073 2086 1092 2117 l.
1109 2095 1155 2126 14.
1178 2084 1270 2127 §.ult
1297 2084 1317 2115 l.
1333 2091 1381 2123 15.
1405 2083 1435 2115 ἀ
1457 2083 1478 2114 l.
1492 2087 1539 2115 16.
1556 2089 1606 2124 pr.
1654 2109 1661 2116 .
1687 2087 1725 2117 aa
1746 2085 1805 2118 SC.

939 2127 1060 2159 Trebell.
1084 2127 1179 2158 etIam
1194 2127 1341 2167 peculiam
1358 2147 1370 2163 ,
1393 2127 1579 2165 §vanegas-mue
1617 2126 1744 2166 cilicet,
1770 2134 1809 2159 ut

935 2168 1030 2200 estin
1054 2170 1081 2200 d.
1105 2169 1125 2200 l.
1154 2172 1200 2200 16.
1232 2174 1280 2209 pr.
1305 2166 1460 2207 ejusmodi
1484 2169 1653 2204 ὑποκορισμὶς
1676 2177 1807 2210 quoque

934 2210 966 2241 in
984 2219 1068 2242 voce
1083 2211 1287 2251 paupertatis,
1309 2208 1346 2239 ab
1365 2207 1433 2239 aliis
1450 2206 1494 2240 ess
1514 2207 1708 2241 observatus.
1754 2210 1809 2242 Sic

927 2249 1047 2292 frivola
1065 2261 1123 2293 pro
1137 2250 1318 2293 ficpelieeiile
1340 2249 1371 2281 in
1402 2249 1422 2280 l.
1448 2258 1497 2280 11.
1521 2249 1550 2291 §.
1566 2259 1598 2290 5.
1623 2249 1664 2291 ff.
1694 2251 1728 2282 de
1751 2251 1807 2282 Pi-

934 2303 1018 2336 gnor.
1031 2294 1087 2325 aei.
1113 2292 1233 2334 &apud
1250 2293 1401 2324 Senecam
1424 2291 1457 2322 de
1473 2289 1638 2332 Tranquill.
1657 2292 1748 2323 anim.
1769 2292 1803 2324 C.

940 2344 967 2366 1.
994 2334 1048 2366 ubi
1076 2333 1196 2375 Lipsius
1219 2333 1294 2365 duas
1316 2331 1430 2365 similes
1458 2331 1639 2364 locutiones
1665 2333 1804 2365 notavit.

933 2375 1021 2421 Quin
1036 2375 1196 2416 &frivola
1218 2384 1276 2416 pro
1297 2374 1374 2405 omni
1402 2373 1580 2413 patrimonio
1610 2373 1690 2415 apud
1711 2373 1804 2414 Juve-

931 2417 1034 2448 nalem
1053 2417 1152 2458 Satyr.
1179 2416 1218 2448 V.
1243 2414 1317 2455 vers]
1340 2419 1393 2454 58.
1419 2413 1455 2448 ὅ)
1473 2424 1528 2455 59.

1151 2457 1348 2489 Romanorum
1369 2456 1466 2487 omnia
1489 2455 1612 2499 Regum

1017 2499 1138 2531 Frivola

929 2540 964 2579 ..&
979 2540 1098 2581 frivola
1117 2541 1260 2572 Creatoris
1268 2549 1327 2582 pro
1344 2540 1447 2571 mundo
1468 2539 1550 2581 apud
1566 2539 1804 2574 Tertullianum

933 2582 1068 2623 adversm
1093 2582 1243 2614 Marcion.
1270 2582 1309 2613 L.
1332 2581 1355 2613 I.
1382 2581 1412 2612 C.
1440 2589 1486 2621 15.
1533 2582 1639 2623 Atque
1663 2583 1707 2614 ita
1750 2592 1802 2613 au-

928 2628 1030 2664 pertas
1046 2623 1098 2655 hic
1119 2623 1309 2655 diminutiva
1325 2623 1451 2654 locutio
1470 2621 1515 2654 est
1525 2646 1535 2662 ‚
1547 2632 1618 2654 nam
1628 2624 1711 2661 quod
1751 2623 1805 2654 ha-

934 2665 1047 2697 rondas
1064 2673 1175 2704 notat,
1199 2664 1231 2695 in
1249 2661 1305 2696 suo
1320 2664 1402 2696 libro
1422 2663 1492 2696 MS.
1518 2673 1575 2704 pro
1598 2664 1711 2704 refee‘tu
1725 2670 1800 2704 pan-

927 2707 1055 2746 pertatis
1078 2706 1138 2747 legi
1158 2705 1293 2748 profetia
1309 2706 1403 2737 aetatis
1418 2705 1550 2736 omnino
1566 2703 1720 2736 frivolum
1741 2703 1801 2744 est,

934 2748 964 2779 &
980 2747 1095 2789 absque
1112 2747 1228 2779 idoneo
1247 2746 1347 2778 sensu.
1725 2761 1746 2777 ι

974 2787 1046 2821 VII.
1071 2786 1247 2820 Consultor
1262 2787 1300 2819 ad
1313 2787 1452 2819 Paulum·
1463 2785 1506 2817 irs·
1519 2786 1539 2817 l.
1564 2794 1614 2825 25.
1632 2785 1672 2826 ff.
1694 2787 1728 2817 de
1744 2787 1801 2818 Li-

932 2831 1023 2861 berat.
1049 2830 1138 2871 legat.
1161 2828 1320 2870 proposita
1334 2825 1523 2868 quaestione,
1548 2826 1592 2857 ita
1607 2836 1703 2867 porro
1719 2827 1801 2860 infit:

933 2870 970 2906 ἐξ
988 2871 1106 2912 plenius
1128 2879 1196 2911 rogo
1211 2891 1224 2908 ,
1259 2878 1318 2910 qme
1343 2869 1381 2898 ad
1397 2868 1453 2898 haec
1461 2866 1621 2907 speciant,
1644 2870 1801 2915 attingas,

933 2913 1096 2943 cottidiana
1112 2912 1190 2942 enim
1197 2910 1280 2951 fient.
1316 2908 1484 2940 Cottidiana
1502 2907 1573 2939 sunt
1584 2929 1595 2946 ,
1632 2918 1702 2949 quae
1721 2914 1803 2951 laepe

932 2953 1076 2985 incidunt
1092 2951 1123 2983 &
1141 2957 1325 2988 recurrunt,
1351 2957 1483 2989 quaeque
1498 2949 1592 2980 etiam
1611 2948 1720 2982 selecta
1731 2950 1804 2984 sunt

933 2994 963 3026 &
979 2991 1206 3026 memorabilia.
1252 2990 1362 3021 Locum
1380 2999 1555 3020 communem
1579 2999 1674 3022 vocat
1694 2990 1802 3024 Dona-

934 3043 983 3066 tus
1008 3033 1047 3065 ad
1069 3032 1170 3064 Andr.
1199 3030 1272 3063 Aa.
1296 3029 1352 3062 III.
1387 3030 1435 3061 Sc.
1464 3040 1492 3061 2.
1525 3031 1599 3072 very.
1621 3041 1675 3074 31.
1710 3033 1741 3066 &
1763 3033 1803 3066 ad

935 3075 1055 3107 Phorm.
1078 3071 1151 3104 Aet.
1174 3071 1219 3104 ΙΙ.
1249 3071 1295 3102 Sc.
1317 3081 1347 3112 3.
1380 3071 1452 3112 verJI
1481 3080 1528 3105 10.
1574 3072 1803 3107 Aanotamentis

935 3117 1029 3157 digna
1049 3113 1173 3146 Gellius
1197 3113 1240 3145 L.
1261 3112 1370 3145 XVII.
1397 3114 1428 3144 C.
1455 3123 1486 3145 2.
1530 3112 1582 3145 De
1607 3114 1656 3146 his
1679 3115 1802 3157 elegan-

934 3165 981 3188 ter
995 3156 1133 3195 Scaliger
1161 3154 1198 3186 ad
1223 3154 1387 3186 Varronem
1409 3155 1442 3186 de
1463 3154 1505 3186 R.
1530 3154 1571 3187 R.
1595 3155 1635 3187 L.
1654 3154 1678 3187 I.
1706 3157 1736 3188 C.
1747 3166 1806 3197 59-

932 3198 987 3241 qui
1009 3196 1094 3231 reae
1103 3195 1266 3276 1{belservat
1281 3218 1292 3238 ‚
1317 3196 1402 3240 quod
1420 3196 1450 3229 ἃ.
1469 3195 1523 3230 alii
1541 3195 1806 3243 observaverant,

1708 3246 1807 3272 etiam.
