2008 3436
880 106 918 160 ’(
950 113 971 160 ’3
1004 108 1022 162 )

64 209 102 380 ἐξ
171 278 460 318 meffivuyuz
509 280 547 320 ᾧ
595 277 891 385 ὔΞΞΞΞΞΞΞ
1026 278 1318 313 ϊῶἒιὲεὲᾕ
1372 280 1398 300 θ
1455 281 1744 321 ᾔαψωψώᾴχ
1811 231 1848 325 h

173 317 430 482 3257!
509 315 630 475 {¹
688 329 810 403 §zv
939 277 1313 461 {sffifflss
1458 317 1848 412 *Ξὲψὲῗῑξοξ

255 318 455 464 ami}
633 388 976 473 &lg-,5
1053 393 1296 478 lasffl*-
1457 321 1849 497 {llssssiifss

168 472 203 507 ῃ)
515 464 630 499 02}
853 458 1058 501 (sc-5⁴2).
1279 464 1832 506 44wzfflffffi‘a.

62 499 1315 585 ἓῆῆῆἱῆῆῇηηῃηηπαηπηπωῆδῆῆΰπΰΰπγ
1383 513 1845 584 mmmmflffiffiwmmf

62 703 64 706 ’
140 708 834 805 PRAEFATIO
927 708 1758 809 GENERALIS,

70 901 130 923 ⁴-A‘
160 918 169 921 -
212 898 322 922 x»st=w

938 371 978 408 Θ

1364 419 1404 487 >4⁹
1366 373 1405 409 Θ
1365 294 1406 363 ψὲἐ

507 372 547 484 ἓέὒθ
517 343 542 362 4

340 893 430 936 abes
460 892 520 934 hic
549 891 789 949 conjunctim
820 891 951 947 Opera
981 892 1157 941 minora,
1187 902 1273 947 quae
1303 894 1395 936 olim
1425 893 1581 936 diversis
1602 896 1840 952 temporibus

73 931 109 979 ’ξ
151 924 236 1017 ᾗῇ
280 939 326 1004 ,ξπ
360 950 560 1002 separatim
588 948 703 989 edidi.
762 949 927 1003 Singula
954 949 1047 988 olim
1079 947 1274 990 edideram
1308 950 1434 991 forma
1464 952 1627 1001 minori,
1655 954 1703 995 ab
1733 960 1841 995 anno'

89 1006 109 1061 ζ
158 1000 219 1051 ¹²2³
280 1005 318 1048 ²³⁴³?
362 1007 476 1058 1697.
496 1003 544 1045 ad
572 1018 720 1045 annum
746 1016 862 1055 1721.
890 1016 996 1046 nunc
1014 1004 1096 1045 haec
1113 1006 1274 1060 Sylloge
1297 1008 1430 1047 omnia
1449 1007 1729 1061 complectitur.
1767 1009 1842 1051 Lea

95 1056 108 1073 ἡ
154 1074 172 1113 ;
198 1076 234 1092 e·
278 1063 317 1111 ξ
355 1061 471 1102 &oris
490 1058 700 1101 commodo
718 1073 762 1101 ea
782 1074 839 1101 res
868 1060 984 1101 servit
996 1081 1009 1108 >⁴
1029 1059 1090 1101 sed
1101 1070 1145 1101 ut
1164 1062 1198 1102 ei
1229 1063 1486 1109 consulerem,
1506 1078 1588 1105 non
1610 1063 1662 1105 est
1680 1067 1843 1119 repetita

98 1092 107 1107 ff
202 1104 213 1109 x

67 1104 132 1164 fs,
154 1109 193 1161 ss‘j'
215 1124 319 1161 αἱ.
355 1115 503 1165 editio,
527 1129 618 1157 nam
636 1117 738 1158 soleo
756 1146 768 1167 ,
788 1127 833 1158 ut
853 1118 917 1171 qui
938 1117 1132 1166 maxime,
1160 1116 1345 1159 damnare
1374 1120 1558 1173 repetitas
1578 1118 1780 1170 editiones,
1798 1121 1841 1162 ὅτ.

51 1174 281 1228 Bibliopolis
301 1199 315 1224 ‚
352 1172 416 1227 qui
446 1173 592 1227 priores
623 1182 806 1214 curarunt
834 1173 904 1214 suis
932 1172 1147 1227 sumptibus
1170 1202 1183 1221 ,
1212 1174 1252 1215 δε
1271 1172 1358 1228 ipsis
1376 1174 1604 1227 lectoribus,
1628 1176 1841 1231 iisdemque

53 1231 167 1273 novis
193 1230 456 1284 emptoribus,
483 1228 582 1282 saepe
607 1241 757 1283 graves·
788 1227 911 1270 Aliud
929 1228 1004 1277 est,
1022 1228 1128 1283 quod
1157 1243 1220 1271 me
1250 1231 1402 1280 movit,
1431 1229 1493 1273 sed
1523 1246 1573 1273 an
1606 1244 1740 1275 revera
1758 1248 1843 1275 rno-

53 1286 180 1334 verit,
207 1285 311 1328 forte
340 1283 480 1327 dubius
525 1284 682 1326 haerebis
701 1313 715 1334 ,
751 1286 840 1340 quia
868 1288 1137 1340 plerarumque
1167 1300 1296 1328 rerum
1325 1287 1397 1329 alia
1426 1287 1531 1329 ratio
1560 1288 1635 1337 est,
1665 1291 1737 1331 alia
1766 1289 1841 1332 effe

52 1342 230 1398 fingitur.
288 1342 392 1393 Qui,
422 1338 527 1396 quod
558 1340 665 1382 domi
694 1342 985 1396 parturiverunt
1006 1370 1019 1392 ,
1057 1342 1208 1396 publice
1238 1353 1479 1397 exponunt,
1508 1345 1630 1386 solent
1658 1344 1739 1388 fere
1765 1345 1842 1388 fin*-

54 1412 145 1455 gere
165 1427 178 1449 ‚
216 1399 251 1440 se
287 1397 337 1440 ad
383 1410 513 1452 preces
559 1397 771 1452 amicorum
811 1396 850 1439 id
879 1409 1100 1453 exponere,
1130 1408 1173 1439 ut
1200 1399 1341 1440 scilicet
1371 1400 1609 1455 Reipublicae
1638 1401 1839 1445 Literariae

52 1454 233 1510 prosint,
260 1469 349 1497 cum
380 1464 512 1495 tamen
541 1455 766 1508 plerumque
784 1483 798 1504 ,
825 1452 854 1496 fi
883 1469 967 1496 non
996 1455 1166 1509 semper,
1194 1468 1243 1496 eo
1274 1456 1407 1498 animo
1435 1468 1662 1511 exponant,
1692 1473 1769 1513 quo
1800 1474 1841 1501 a·

53 1511 113 1552 liis
141 1512 183 1552 in
213 1525 261 1553 eo
289 1520 525 1566 argumento
554 1509 760 1552 videantur
790 1511 874 1565 plus
903 1512 1054 1565 sapere,
1086 1510 1263 1566 quamvis
1293 1523 1377 1554 non
1405 1513 1504 1562 alio,
1539 1514 1664 1568 magis
1693 1515 1839 1566 illustri,

44 1569 232 1623 ⁴exemplo
261 1568 357 1621 saepe
385 1567 577 1622 probent,
606 1567 642 1608 se
671 1566 753 1608 aliis
780 1568 867 1621 plus
894 1565 1072 1622 desipere.
1113 1565 1176 1608 Sic
1206 1566 1249 1609 δε
1277 1568 1343 1623 qui
1373 1568 1579 1611 Editiones
1612 1569 1833 1614 identidem

50 1634 259 1679 repetunt,
288 1624 379 1665 licet
407 1636 453 1664 ea
479 1622 559 1665 fere
589 1632 720 1664 mente
749 1632 953 1679 repetant,
982 1631 1029 1665 nt
1061 1623 1267 1665 ambitioso
1295 1624 1446 1667 totiens
1477 1626 1699 1682 totiensque
1728 1641 1837 1683 repe·

41 1680 139 1727 Ktitae
168 1678 361 1722 Editionis
391 1680 505 1721 titulo
534 1678 778 1734 superbiant,
807 1679 937 1722 videas
967 1688 1101 1721 tamen
1127 1679 1301 1735 fingere,
1348 1683 1581 1737 exemplaria
1611 1681 1815 1726 desiderari
1825 1714 1838 1733 ,

51 1750 143 1778 cum
181 1746 315 1778 tamen
353 1735 582 1790 Bibliopolae
621 1733 793 1786 domus,
828 1736 873 1777 iis
912 1734 1074 1785 onusta,
1112 1738 1175 1777 vel
1205 1745 1385 1780 ventrem
1416 1737 1556 1787 faciat,
1589 1739 1652 1780 vel
1683 1753 1838 1783 ruinam

51 1793 264 1835 minitetur.
326 1792 369 1834 Si
399 1806 421 1834 a
450 1806 513 1835 me
542 1805 715 1846 quaeraS,
746 1806 816 1833 cur
844 1792 919 1846 ipse
949 1793 1090 1833 iterum
1119 1790 1232 1833 edam
1262 1792 1356 1843 hos,
1387 1807 1485 1847 quos
1509 1793 1642 1845 vides,
1671 1795 1835 1847 libellos,

40 1863 136 1891 ‘non
163 1849 276 1890 aliam
305 1849 500 1890 rationem
526 1847 708 1898 habebis,
749 1861 864 1903 quam
904 1846 1009 1903 quod
1050 1851 1125 1899 jam
1158 1847 1305 1889 dudum
1335 1849 1566 1905 Bibliopolas
1596 1850 1836 1905 significave-

44 1906 154 1954 rint,
181 1918 318 1947 eorum
347 1908 500 1958 copiam
529 1902 654 1946 de‘e'ss'e
676 1933 690 1955 ,
719 1904 762 1947 &
790 1903 899 1946 simul
929 1902 1144 1946 desiderari.
1211 1905 1254 1947 Si
1283 1919 1347 1947 me
1375 1905 1537 1957 fallant,
1565 1906 1642 1962 ipse
1671 1906 1762 1951 fallo
1795 1923 1836 1951 a-

51 1961 145 2015 lios;
174 1975 232 2004 res
262 1961 353 2004 faeti
382 1960 456 2011 est,
487 1974 602 2016 quam
631 1961 799 2016 ipsorum
828 1960 906 2004 fide
936 1958 1010 2005 esse
1038 1959 1165 2014 jubeo.

109 2074 187 2118 Sed
224 2090 308 2118 non
348 2074 478 2118 fallere
518 2075 753 2131 Bibliopolas
793 2082 1028 2132 argumento
1066 2072 1140 2117 effe
1180 2077 1351 2131 poterit,
1380 2075 1485 2130 qnod
1515 2089 1624 2120 anno
1652 2080 1833 2133 proxime

42 2132 179 2183 elapso
209 2131 288 2182 hos
311 2134 408 2187 ipsos
436 2131 612 2181 libellos,
640 2146 722 2174 uno
753 2142 947 2187 excepto,-
976 2132 1199 2188 collegerit,
1229 2133 1272 2175 &
1302 2134 1413 2175 Haiae
1444 2132 1608 2176 ediderit
1640 2135 1713 2176 Vir
1744 2136 1833 2177 Cla-

54 2186 219 2228 riffimus
263 2188 478 2229 Franciscus
517 2188 677 2229 Carolus
715 2187 920 2238 Conradi,
961 2187 1194 2230 Antecessor
1227 2189 1330 2247 Juris
1361 2191 1402 2231 in
1434 2189 1650 2232 Academia
1678 2192 1833 2234 Vitem-

54 2242 229 2297 bergenfi
247 2243 424 2296 ‚additis
454 2243 648 2298 Opusculis
675 2246 788 2286 varii
813 2247 1035 2299 argumenti
1062 2248 1178 2299 (quae
1207 2246 1281 2301 ipse
1309 2245 1459 2289 seorsim
1498 2245 1692 2289 edideram
1720 2262 1828 2290 anno

57 2305 204 2352 1719.)
235 2298 378 2341 Tomis
407 2297 580 2347 duobus,
610 2314 653 2342 ea
681 2300 830 2351 forma,
860 2315 973 2356 quam
1004 2301 1163 2343 mediam
1192 2314 1362 2353 vocant,
1401 2303 1443 2344 ὅτ.
1473 2317 1549 2358 qua
1578 2317 1683 2344 nunc
1711 2318 1830 2358 appa-

54 2363 142 2396 rent
183 2356 314 2409 Opera
348 2355 430 2396 haec
465 2355 627 2396 minora.
696 2357 754 2398 At
792 2371 917 2406 vero,
957 2358 1129 2412 inquies,
1160 2359 1222 2399 cui
1253 2359 1359 2401 bono
1388 2359 1469 2400 baec
1500 2361 1648 2400 Batava
1677 2358 1797 2402 editio
1816 2385 1830 2412 5

54 2422 141 2452 cum
174 2411 373 2453 Germana
413 2409 538 2452 adhuc
567 2427 590 2453 a
618 2413 738 2465 praelo
765 2414 907 2454 caleat?
936 2427 1021 2455 non
1050 2412 1247 2456 caussabor
1290 2426 1478 2470 typorum
1506 2415 1547 2456 &
1577 2415 1720 2457 chartae
1750 2417 1824 2457 ele—

54 2468 253 2521 gantiam,
284 2476 358 2521 ·qua
387 2467 548 2509 Batavae
585 2464 788 2525 Editiones
826 2468 1041 2511 Germanas
1080 2471 1272 2521 vincunt,
1299 2484 1385 2512 non
1415 2467 1630 2519 caulsabor,
1660 2472 1703 2514 in
1734 2471 1826 2513 Edi-

55 2523 161 2564 tione
198 2521 350 2564 Halensi
388 2521 590 2565 desiderari
628 2525 902 2566 Contentionem
938 2526 1194 2574 literarium,
1232 2541 1347 2581 quam
1386 2525 1615 2569 Alexandro
1643 2527 1826 2570 Arnoldo

54 2578 358 2630 Pagenstecher,
396 2579 641 2621 Anteceffori
661 2609 674 2629 ,
715 2579 809 2635 dum
846 2582 1035 2631 viveret,
1072 2581 1337 2639 Groningano
1373 2583 1557 2639 opposui,
1587 2598 1748 2639 quaeque
1776 2578 1825 2627 ad

56 2636 285 2676 Diatriham
304 2635 347 2677 de
364 2633 535 2678 Auc‘lore
553 2635 838 2680 Austoribusve
852 2637 1182 2680 Authenticarum
1203 2640 1370 2681 omnino
1401 2642 1572 2696 pertinet
1591 2669 1606 2690 ,
1632 2655 1738 2690 non,
1766 2641 1824 2682 in-

55 2703 194 2743 quam,
221 2690 300 2732 haec
329 2691 550 2742 caussabor,
579 2692 641 2735 sed
672 2694 829 2748 potius,
857 2693 1084 2736 Editionem
1114 2694 1318 2739 Halensem
1349 2710 1412 2737 me
1450 2697 1576 2739 nescio
1615 2696 1658 2738 δε
1686 2697 1824 2738 incon-

56 2748 152 2786 sulzo
189 2756 391 2796 curatam,
429 2754 554 2803 neque
591 2748 884 2795 adeoautfftam
920 2749 994 2792 esse
1031 2751 1077 2792 iis
1114 2750 1486 2803 observationibus,
1526 2767 1622 2808 quas
1653 2753 1820 2807 margini

55 2804 230 2856 priorum
266 2801 490 2845 Editionum
529 2804 590 2847 hic
626 2806 701 2847 illic
736 2804 964 2848 adleveram.
1029 2808 1069 2848 Si
1109 2808 1346 2850 Clarissimus
1385 2807 1523 2851 Editor
1559 2806 1714 2849 consilia
1757 2809 1823 2850 sua

55 2871 208 2898 mecum
237 2860 564 2909 communicasset,
594 2875 657 2903 me
685 2861 838 2903 facilem
867 2877 912 2904 ac
939 2874 1166 2918 promptum
1197 2863 1388 2919 reperisset
1414 2864 1462 2905 ad
1492 2862 1733 2919 suggerenda
1761 2877 1821 2914 ea,

51 2912 190 2967 quibus
219 2912 366 2954 auctior
395 2914 437 2956 δε
462 2915 564 2959 forte
589 2917 729 2959 'melior
760 2917 957 2972 prodiisset
986 2918 1119 2961 Editio
1148 2917 1347 2968 Halensis,
1376 2919 1418 2960 &
1448 2919 1497 2961 sic
1533 2919 1736 2971 potuissem
1764 2921 1822 2961 su-

56 2966 248 3022 persedere
270 2967 340 3010 hac
359 2969 436 3023 ipsa
448 2969 630 3016 Editione
651 2973 811 3016 Batava.
848 2975 903 3017 Ut
921 2974 1001 3017 dies
1030 2973 1133 3016 diem
1163 2974 1303 3024 docet,
1333 2989 1381 3015 ex
1413 2975 1601 3029 prioribus
1633 2974 1824 3017 Editioni-

54 3025 126 3066 bus
145 3022 318 3077 quaedam
337 3027 507 3075 mutavi,
537 3028 670 3071 vineta
692 3043 777 3071 mea
794 3031 869 3086 ipse
895 3030 1068 3080 caedem,
1099 3030 1276 3085 quaedam
1304 3029 1456 3080 addidi,
1483 3032 1544 3072 vel
1573 3044 1658 3072 mea
1688 3029 1822 3073 defen-

53 3079 175 3128 dens,
211 3080 273 3120 vel
310 3080 435 3133 aliena
471 3081 647 3126 refutans
668 3113 681 3135 ,
718 3085 761 3128 &
796 3085 976 3142 quicquid
1016 3088 1100 3144 ejus
1139 3087 1450 3140 interpolationis
1489 3087 1564 3135 est,
1604 3086 1696 3128 mihi
1726 3088 1819 3128 vivo

53 3149 136 3177 non
167 3143 263 3188 puto
299 3135 373 3178 effe
413 3131 696 3194 denegandum,
762 3141 882 3196 Quod
919 3146 978 3195 jus
997 3171 1012 3193 ,
1050 3140 1079 3186 fi
1108 3151 1354 3193 exerceatur,
1384 3143 1553 3185 exerceri
1582 3158 1666 3186 non
1694 3143 1820 3199 potest

54 3189 126 3236 'nisi
154 3192 288 3233 iterata
315 3192 510 3235 Editione.
1808 3235 1813 3237 .

1121 3254 1161 3297 A
1194 3266 1215 3296 2
1743 3256 1823 3296 De-
