2008 3436
893 0 914 10 x

228 112 668 157 osssERvATmNUM
718 109 853 158 Jums
904 107 1114 146 ROMANI
1164 110 1252 146 ΜΒ.
1283 110 1325 146 11.
1361 109 1654 148 c.X111.le.

78 203 302 243 ualemeunque
326 198 480 240 intelligi,
513 205 548 227 ac
572 203 638 226 eam
662 191 785 234 quando
810 200 848 222 ue
871 189 948 223 es-=

55 214 87 279 se
110 244 226 276 veteris
249 243 349 274 vineae
375 240 547 276 rationem,
575 243 610 266 ut
633 243 690 266 nec
713 233 830 281 alcnqae:
847 242 917 278 pro-

79 286 158 326 aogini
185 284 334 322 sufficiat,
361 290 395 313 ut
418 282 533 313 Seneca
554 276 699 314 testatur,
726 275 754 306 δι
774 273 917 319 Mauren-

56 298 107 362 {es
126 326 250 369 experti
275 324 355 357 sunt.
400 322 495 354 Plane
522 319 605 350 enim
636 324 778 348 veterem
801 314 919 361 cstode-

56 380 108 409 re,
132 377 246 401 novam
271 376 308 397 ue
331 363 430 396 serere
452 362 593 399 vineam,
612 367 706 391 nemo
728 366 809 404 unus
832 356 918 403 drige-

54 404 97 444 rit
121 420 200 442 onus
223 377 328 439 egioni
352 403 412 436 esse
435 413 473 435 ex
498 402 565 442 jure
589 399 818 432 conductionis.
844 397 920 438 Ejus

55 452 101 485 est
125 451 257 492 segetem
282 446 399 485 serere,
425 445 497 486 quia
520 452 620 475 annua
642 440 705 480 est,
730 449 860 485 eamque
884 439 918 471 fi-

54 494 87 526 bi
112 493 241 535 quisque
273 488 345 520 serit
361 512 370 526 ‚
394 496 458 518 non
482 486 514 517 in
537 483 638 515 fundo
661 483 889 523 permanluram
908 504 917 520 ‚

54 535 121 567 aliis
146 541 183 564 ue
207 530 284 562 adeo
307 528 474 566 ccss'uram,
499 534 534 558 ut
557 531 794 566 permanerent,
820 523 850 554 ὃς
873 521 919 553 fe-

54 585 87 608 re
116 574 184 606 aiis
214 572 359 603 cederent
391 570 490 601 vineae
521 574 706 606 creteraeque
736 564 879 603 arbores,
904 573 921 594 a

53 616 171 648 colono
195 614 352 655 plantatae.
749 648 754 653 ι
840 646 845 651 .

96 657 163 698 Ego
179 662 258 697 puto
268 678 278 693 ‚
303 653 489 685 vetustatem
503 651 665 683 vinearum
680 647 848 680 remilliom
865 645 920 676 ob-

53 696 188 731 tinendae
218 705 282 727 non
314 694 438 734 faeere,
469 694 541 740 quia
565 693 631 723 haee
655 690 746 721 datur
770 688 923 733 duntaxat

53 740 95 772 ob
127 738 250 776 casum,
285 735 390 778 postea
421 736 649 778 accidentem„
662 741 726 763 non
750 738 877 767 autem,
902 730 924 759 h

55 790 132 813 vota
161 779 269 812 coloni
303 778 464 809 decollcnt
495 776 537 808 ob
572 776 711 811 caulam,
737 780 824 813 quae,
850 779 922 801 cum

53 821 185 855 fundum
219 819 400 858 conduxit,
433 819 493 859 jam
525 815 665 848 exstabat
704 814 724 844 l.
754 822 799 851 ¹5·
838 811 873 857 §.¹
892 821 919 842 2.

56 866 76 896 1.
101 875 152 904 25.
175 864 202 904 §.
224 866 253 892 6.
271 862 312 903 ff.
336 863 364 893 b.
385 861 419 892 T.
463 859 506 891 Et
529 858 570 890 fic
595 855 639 888 est
666 856 696 886 in
718 854 775 885 hac
792 852 922 893 specie3

54 915 156 947 neque
177 904 260 936 enim
286 903 350 934 heri
375 911 427 934 aut
442 910 540 941 nuper
558 898 636 930 adeo
650 905 717 927 eam
734 892 922 940 vetustatem

56 946 259 984 contrahere,
284 952 337 975 aut
354 943 491 974 fortuito
513 937 667 971 senescere
686 943 792 976 potuit
811 943 920 965 Vinea:

56 997 150 1029 quare
172 984 371 1018 condustoris
393 983 456 1014 fuit
471 1005 480 1020 ,
512 981 585 1011 dum
612 975 828 1022 conducebat,
853 984 921 1021 per-

58 1031 175 1071 spieere
195 1025 314 1058 causam
335 1026 400 1065 ejus
423 1021 551 1059 damni,
585 1019 615 1051 &
635 1019 725 1064 huie,
758 1026 798 1063 ex
813 1016 922 1047 officio

56 1069 216 1113 prudentis
235 1066 359 1104 coloni,
386 1062 584 1106 prospicere3
609 1067 715 1101 potuit
731 1067 832 1104 cmm,
858 1058 922 1110 fiye

56 1112 92 1144 ad
106 1119 223 1148 unum,
247 1107 310 1139 sive
328 1107 365 1138 ad
381 1106 485 1147 plures
505 1112 602 1135 annos
616 1100 815 1147 coadunent.
856 1098 920 1130 bic-

57 1162 117 1195 que
131 1151 189 1183 alia
212 1149 333 1181 ratione
355 1147 468 1179 aedium
483 1169 492 1184 ,
518 1153 661 1189 quamvrs
684 1142 818 1172 ruinoloe
842 1139 919 1178 fint,

57 1190 300 1227 conductoribus
316 1189 418 1221 damni
437 1186 545 1219 infecti
569 1191 749 1216 cautionem
769 1191 807 1213 ne
830 1189 862 1212 at
881 1191 921 1212 ex

56 1234 171 1268 Sabino
188 1232 271 1264 idem
285 1230 438 1272 Ulpianus
456 1229 487 1260 in
511 1229 529 1259 l.
547 1236 592 1268 13.
609 1226 636 1267 §.
651 1229 680 1257 6.
730 1248 736 1272 3
753 1225 787 1272 de
839 1233 919 1254 amn.

54 1275 160 1313 infeci.
184 1283 254 1306 nam
278 1273 383 1303 babent
402 1295 411 1310 ,
440 1269 559 1310 inquit,
585 1270 660 1310 quod
678 1268 736 1305 ,τίη
761 1271 920 1305 imputent.

57 1319 109 1351 Ide
121 1325 204 1357 nque
227 1313 303 1355 juris
325 1313 386 1344 esse
413 1311 553 1352 comperi
575 1311 607 1342 in
631 1309 700 1341 aliis
719 1306 801 1347 Juris
824 1306 922 1339 nostri

55 1358 215 1396 articulis,
241 1364 319 1397 quos
343 1363 426 1386 nunc
449 1362 513 1384 non
537 1350 693 1383 recenseo.

99 1399 259 1432 Caeterum
323 1395 386 1426 uod
408 1394 576 1435 Menagius
596 1392 654 1425 illo
690 1392 722 1423 C.
743 1390 802 1422 IX.
816 1391 923 1422 vineas

29 1471 32 1475 ,
56 1450 140 1475 nunc
153 1437 292 1480 panop-Clas
324 1437 428 1475 aciat,
450 1444 534 1468 nunc
551 1433 699 1476 βμχυςιές
710 1455 722 1472 ,
744 1432 774 1465 &
791 1432 921 1465 austori⁴

642 1532 914 1570 CAPU

131 1627 288 1666 Nonnihil
310 1624 491 1674 restitutum
519 1621 560 1665 &⁷
584 1624 779 1668 explicatum
803 1622 837 1656 in
863 1620 885 1656 l.
916 1632 946 1657 1.

1786 121 1832 158 57

962 197 1041 222 tates
1057 190 1088 222 in
1104 197 1268 230 utramque
1287 189 1472 223 sententiam
1486 191 1594 232 addat,
1619 191 1658 223 de
1673 200 1712 223 co
1726 189 1767 223 fic
1790 189 1837 223 est

961 231 1155 263 habendum:
1187 231 1290 262 vineae
1312 240 1367 272 per
1391 230 1421 262 se
1437 232 1507 263 sunt
1526 234 1686 271 βραχύςωι,
1710 233 1782 273 quia
1805 243 1836 264 e-

962 274 1027 306 nim
1051 272 1182 304 infirmae
1200 296 1210 312 ,
1243 274 1311 304 cito
1328 271 1500 304 senescunt.
1548 273 1599 305 De
1616 275 1752 316 longiori
1770 274 1839 306 vita

964 314 1048 355 quod
1067 314 1118 346 alii
1137 314 1286 345 dixerunt
1298 337 1307 353 ‚
1332 323 1397 345 non
1417 313 1581 346 tribuerim
1601 317 1754 355 culturae,
1779 324 1840 348 nec

963 356 1095 389 ficcitati
1112 354 1220 395 fundi,
1245 355 1389 395 quamvis
1404 355 1434 387 ὅς
1458 354 1528 387 haee
1543 357 1672 397 juvant,
1699 356 1749 388 sed
1766 367 1838 388 cau*

964 396 1003 430 sae
1019 397 1115 439 magis
1133 406 1268 428 aeternae.
1314 396 1357 428 Et
1376 395 1465 436 sunt,
1492 399 1545 438 qui
1569 397 1648 428 hanc
1665 398 1840 431 metiuntur

963 449 1047 471 nova
1065 439 1272 480 propaginum
1288 437 1419 477 satione3
1432 446 1464 470 at
1482 448 1594 470 verum
1604 437 1658 477 est,
1670 439 1715 470 ita
1730 448 1839 480 perpe-

965 481 1043 512 tuari
1059 489 1168 511 omnes
1185 480 1305 521 plantas
1316 503 1325 518 ,
1350 489 1410 511 nec
1438 480 1606 521 quiequam
1624 480 1655 512 in
1673 489 1712 511 eo
1727 481 1838 520 praeei-

964 531 1060 565 puum
1083 521 1195 552 habere
1217 522 1310 553 vites.
1358 520 1528 553 Audiamus
1551 521 1811 563 Theophrastum
1827 545 1838 561 ,

964 564 1016 596 ubi
1034 571 1139 594 earum
1162 564 1373 600 aumas—mr&
1389 563 1533 595 meminit
1554 563 1626 595 Lib.
1641 563 1697 595 IV.
1717 562 1837 604 H1flor.

963 607 1069 638 Plant.
1102 606 1126 636 C
1165 614 1211 645 ¹4·
1269 604 1374 636 Verba
1398 603 1612 646 Theophrasti
1643 604 1712 636 haec
1741 604 1838 636 sunt:

965 657 1034 679 της
1052 651 1115 684 φασι
1130 648 1178 678 τὰς
1193 647 1315 683 οἶμαι-ἕλες
1330 645 1541 683 μωκροςιωπέτες
1559 645 1640 686 εἶναι,
1666 649 1704 681 τῷ
1720 646 1756 682 un*
1772 651 1841 681 φύειν

966 689 1074 727 ἔπ’(ιφς,
1100 690 1158 716 aaa*
1176 690 1202 724 ἐξ
1221 693 1302 718 «baffi
1323 687 1362 717 αἰεὶ
1378 690 1602 726 συναιναπληαὲοῧζ.
1646 687 1697 720 EX
1712 697 1776 729 quo
1794 689 1840 720 dl-

966 730 1046 769 dici,
1071 729 1186 761 vitium
1203 729 1412 762 aeternitatem
1439 728 1574 770 censeri,
1599 740 1663 762 non
1687 739 1772 761 nova
1796 729 1838 761 sa-

968 773 1074 807 tione,
1111 769 1160 802 sed
1185 771 1376 813 depressione
1398 772 1606 813 propaginum
1630 781 1695 803 non
1719 770 1839 812 separa-

968 820 1092 852 tarum,
1124 813 1168 843 ita
1200 821 1332 852 namque
1364 812 1549 845 credebatur
1581 812 1700 860 semper
1731 812 1841 845 eadem

966 854 1075 892 arbor,
1100 855 1130 885 δε
1154 863 1312 895 nunquam
1337 862 1406 885 tota
1428 863 1528 894 nova,
1553 865 1617 887 non
1639 858 1726 886 1ecus
1745 862 1841 894 atque

965 895 1057 939 navis
1083 895 1178 926 toties
1202 894 1337 934 refecta,
1363 902 1399 926 ut
1422 895 1509 927 nulla
1524 896 1628 928 tabula
1642 896 1749 927 eadem
1769 905 1839 937 per-

966 936 1131 975 manlerit,
1156 937 1362 968 nihilominus
1391 937 1590 969 existimatur
1620 937 1727 969 eadem
1750 937 1841 969 navis

965 978 985 1008 l.
1005 980 1052 1017 76.
1069 976 1111 1018 ff.
1133 980 1166 1008 de
1190 977 1298 1018 Judic.
1344 977 1400 1010 Est
1423 987 1528 1010 autem
1552 979 1738 1011 tralatitium
1754 1001 1763 1017 ,
1796 978 1840 1009 ita

964 1018 1095 1059 deprimi
1113 1019 1142 1050 δε
1158 1018 1265 1050 defodi
1281 1019 1398 1050 vitium
1413 1021 1617 1061 propagines,
1643 1030 1696 1059 ac,
1721 1019 1743 1052 s1
1760 1028 1840 1051 tem-

965 1059 1083 1101 pestive
1097 1059 1168 1098 fiat,
1203 1061 1234 1092 in
1261 1059 1387 1091 arbores
1413 1059 1580 1101 resurgere.
1627 1061 1713 1093 Idem
1733 1068 1838 1092 tamen

965 1101 1002 1131 de
1017 1101 1084 1132 vite
1100 1102 1208 1133 vetula
1223 1102 1266 1133 ait
1284 1100 1392 1132 Festus
1408 1101 1440 1133 in
1457 1101 1621 1143 Propages.
1633 1103 1839 1144 Propagines,

965 1142 1086 1183 inquit,
1121 1153 1138 1174 a
1158 1145 1350 1184 propagando
1368 1164 1378 1181 ‚
1410 1144 1589 1183 utfaciunt
1609 1143 1716 1186 rustici
1735 1166 1746 1182 ‚
1770 1155 1839 1176 cum

964 1186 1059 1215 vilem
1085 1185 1220 1217 vetulam
1235 1186 1452 1226 supprimunt,
1483 1192 1517 1217 ut
1541 1196 1579 1217 ex
1603 1197 1636 1217 ea
1654 1196 1714 1218 una
1730 1186 1840 1226 plures

956 1227 1093 1267 faciant.
1131 1227 1249 1258 Seneca
1263 1227 1359 1258 etiam
1380 1224 1479 1267 Epist.
1501 1227 1694 1260 LXXXVI.
1727 1230 1760 1258 in
1778 1227 1838 1267 fin.

963 1269 1059 1299 docet
1072 1277 1147 1307 nos,
1181 1269 1251 1308 vel,
1283 1268 1304 1300 fi
1327 1269 1445 1308 mavis,
1472 1269 1625 1308 rusticos,
1649 1269 1703 1310 qui
1727 1270 1839 1310 annosa

965 1311 1043 1340 vitis
1060 1319 1098 1340 ex
1113 1316 1232 1350 corpore
1252 1309 1429 1350 radicescat.
1472 1310 1568 1342 Aliud
1591 1311 1656 1350 est,
1681 1310 1702 1342 fi
1720 1311 1781 1351 J‘am
1797 1321 1836 1342 ae-

966 1358 1031 1382 tate
1048 1351 1235 1392 intabuerit,
1266 1359 1303 1383 ut
1326 1352 1472 1393 exempla
1489 1350 1641 1385 feruntur.
1659 1353 1689 1385 ὃς
1703 1352 1839 1384 auctori-

967 1399 1064 1432 tates,
1088 1394 1139 1426 hoc
1161 1403 1288 1435 quoque
1308 1394 1422 1436 Capite.

963 1534 998 1569 T
1096 1535 1242 1573 XIV.

974 1621 1005 1670 ς.
1037 1635 1068 1669 3.
1095 1623 1134 1660 ff.
1161 1624 1313 1670 Nautae‚
1340 1635 1542 1672 caupones,
1570 1622 1765 1671 stabularii,

795 1679 833 1707 ut
855 1680 986 1718 recept.
1016 1672 1094 1709 rest.

148 1775 268 1817 lpianus
293 1774 555 1816 interpretaturus
577 1772 723 1805 EdiCtum
737 1797 746 1813 ,
783 1771 896 1804 Nautae
907 1793 919 1810 ,

65 1779 84 1856 ι
125 1779 135 1851 l
167 1824 327 1859 caupones,
352 1816 537 1858 stabularii,
566 1815 598 1846 in
628 1815 646 1845 l.
668 1823 693 1846 ι.
721 1815 749 1855 §.
768 1824 796 1846 2.
819 1813 936 1855 explir

56 1868 126 1900 cat,
149 1860 234 1900 quis,
260 1858 344 1900 quod
368 1857 405 1889 ad
426 1856 589 1895 Edictum,
614 1865 669 1897 per
685 1864 810 1888 nautam
827 1855 919 1887 intel-

57 1902 180 1943 ligatur.
226 1900 268 1932 Et
291 1900 335 1931 ait
357 1899 389 1930 in
413 1898 521 1940 primis
544 1897 678 1939 intelligi
702 1898 731 1930 ὅ(
751 1907 792 1929 ex
808 1897 921 1929 EdiCto

61 1942 159 1974 teneri
181 1941 408 1980 exercitorem,
433 1940 462 1971 ὅ(
487 1939 666 1980 magistrum
689 1939 798 1978 navis3
823 1938 922 1970 teneri

59 1984 152 2016 etiam
180 1983 388 2015 exercitorem
405 2005 414 2020 ,
447 1980 469 2013 fi
498 1981 549 2012 cui
573 1980 625 2011 alii
649 1980 808 2012 committi
831 1978 921 2020 juffe-

59 2025 111 2057 rit.
155 2024 312 2065 Additque
335 2024 366 2055 in
390 2022 418 2064 §.
436 2033 465 2064 3.
489 2021 550 2054 ess'e
572 2031 698 2062 quoque
720 2022 751 2053 in
775 2021 919 2060 navibus,

61 2065 316 2107 quiiiscustodiae
333 2063 431 2106 gratia
454 2070 695 2106 praeponuntur,
719 2066 922 2096 αῑναυφόλκκις

61 2108 92 2140 δί
106 2107 236 2139 dietasii.
277 2106 310 2138 Si
327 2107 394 2148 quis
411 2108 529 2147 igitur,
554 2104 673 2145 inquit,
697 2114 734 2135 ex
749 2106 795 2136 his
808 2110 920 2144 recepe-

61 2151 123 2187 rit,
149 2156 219 2189 puto
240 2151 274 2180 in
295 2150 489 2180 exercitorem
513 2148 642 2179 dandam
663 2145 828 2184 cretionem,
849 2147 920 2187 quia

61 2192 107 2228 is,
129 2191 180 2230 qui
195 2200 240 2221 eos
255 2191 423 2230 hujusmodi
438 2188 527 2230 officio
538 2190 682 2228 praepom't
693 2211 702 2226 ,
717 2190 860 2231 committi
878 2190 920 2219 eis

55 2233 228 2274 permittit,
256 2241 424 2272 quanquam
450 2231 509 2271 ipse
534 2230 745 2262 navicularius
761 2231 810 2263 vel
827 2232 921 2271 magi-

53 2272 120 2315 Jier
149 2275 178 2304 id
199 2275 317 2312 faciat,
346 2273 421 2313 quod
441 2270 604 2309 xetpt'ucuov
623 2295 633 2310 9
664 2273 694 2302 ld
715 2270 775 2311 est,
800 2281 920 2303 MANUS

59 2323 297 2347 1MMISSiON1-:M
318 2313 469 2354 appellant
485 2324 496 2350 ‚-
510 2312 564 2351 sed
582 2311 656 2351 &si
675 2315 724 2345 hoc
738 2324 796 2346 non
811 2312 920 2354 exstet,

59 2363 159 2388 tamen
186 2358 220 2386 de
242 2362 356 2396 recepto
377 2356 587 2386 navicularius
613 2356 771 2387 tenebitur.
814 2354 927 2389 Primo,

58 2398 154 2430 velim
177 2396 256 2429 scire
271 2421 280 2436 ,
315 2396 389 2437 quid
412 2396 448 2428 fit
474 2395 656 2433 χειρὲμέολον.
680 2397 764 2437 quod
777 2396 830 2428 hic
848 2395 892 2426 est
909 2418 918 2433 ,

59 2440 89 2472 ὅ(
105 2439 184 2480 apud
197 2438 364 2477 Bafilicos3
396 2437 525 2477 deinde,
551 2437 620 2478 quis
635 2437 686 2469 hic
699 2438 736 2470 fit
758 2437 837 2469 ordo
854 2445 923 2467 ver-

58 2480 186 2518 borum,
211 2489 282 2512 nam
304 2480 342 2511 de
366 2477 518 2510 sententia
549 2478 680 2510 constat.
727 2478 893 2519 Χιιςέμςολον
913 2501 923 2516 ,

59 2520 243 2553 transfertur
266 2521 320 2552 hic
342 2530 449 2552 monus
468 2518 609 2560 immiffio.
631 2529 671 2552 ex
695 2520 776 2560 sola,
801 2526 921 2562 putem,

57 2562 144 2594 verbi
160 2563 369 2604 proprietate,
394 2561 445 2593 sed
484 2562 538 2593 uid
556 2562 588 2593 in
603 2571 637 2593 re
651 2562 843 2594 navicularia
856 2571 915 2592 ma-

57 2613 115 2635 nus
138 2606 216 2634 immi
240 2615 266 2634 w
294 2603 332 2636 fit
362 2614 379 2635 a
402 2603 442 2634 ud
502 2603 605 2635 atinos
628 2613 691 2635 non
716 2603 813 2644 magis
836 2601 922 2634 forte

57 2645 176 2686 liquet,
201 2654 293 2686 quam
317 2645 368 2687 qui
413 2644 574 2680 napinam·
597 2645 677 2685 apud
701 2643 841 2676 Graecos.
867 2643 921 2675 AI-

55 2686 155 2717 ciatus
177 2686 303 2728 Purerg.
334 2687 410 2728 Jur.
432 2686 471 2718 L.
488 2684 512 2717 I.
541 2686 573 2717 C.
597 2696 649 2725 44.
672 2685 837 2723 χειρέμςολον
858 2684 922 2716 dici

56 2734 148 2767 putat
167 2726 288 2769 fignum
307 2752 316 2766 ,
346 2729 421 2769 quod
449 2726 590 2769 nzogisier
619 2729 652 2759 in
681 2734 773 2768 prora
793 2726 922 2764 reftdens

57 2778 148 2799 manu
170 2772 247 2807 dat,
279 2779 344 2800 cum
368 2771 472 2801 nautis
498 2772 646 2810 imperat,
677 2775 711 2800 ut
738 2769 920 2810 aliquidfa-

59 2811 142 2840 ciant
161 2833 170 2847 ‚
184 2816 242 2851 jeu
260 2812 388 2852 aliquem
407 2812 576 2851 recipient,
608 2811 658 2843 vel
679 2820 737 2842 non
757 2812 919 2849 recipiant.

58 2849 155 2891 quue
183 2851 256 2884 Ant.
287 2852 384 2884 Faber
413 2853 445 2884 in
474 2852 601 2884 Rauen.
624 2852 662 2883 ad
690 2854 718 2884 b.
741 2853 781 2884 L.
814 2852 844 2884 &
867 2851 921 2884 alii

59 2889 238 2932 sequuntur.
271 2893 341 2929 ,Sed
363 2902 458 2934 quum
494 2893 635 2928 istium
659 2903 724 2926 non
746 2894 784 2926 fit
799 2892 922 2934 signum

52 2936 202 2978 praeoere,
223 2931 274 2964 sed
294 2936 418 2975 injicere
437 2959 456 2973 ‚.
471 2936 501 2968 &
524 2935 610 2967 nulla
633 2935 699 2975 ejus
721 2935 920 2976 fignificatio-

57 2973 284 3020 nis-adferatur
307 2974 490 3015 auctoritas,
514 2976 637 3008 admitti
661 2986 724 3008 non
739 2975 843 3018 potest
856 2975 921 3008 sola

57 3015 154 3046 nebo.
200 3014 364 3047 Duarenus
386 3017 491 3049 Comm.
519 3021 556 3049 aa
583 3019 613 3049 b.
629 3017 671 3049 L.
693 3017 862 3054 χειρὲιιέολον
881 3018 920 3048 de

57 3056 187 3087 homine
217 3056 368 3096 exaudit,
398 3058 482 3098 quasi
515 3058 694 3094 χειρέμξολεῷ*
728 3061 754 3092 is
784 3059 838 3099 fit,
864 3059 918 3100 qui

58 3106 151 3128 manu
181 3106 228 3128 res
262 3098 484 3138 apprehendit3
508 3099 559 3131 sed
581 3100 671 3132 nullo
695 3102 790 3133 etiam
813 3100 918 3132 aueto-

57 3147 109 3182 re,
134 3138 164 3169 ὃς
187 3146 299 3170 eontra
326 3138 453 3180 Ulpiani
484 3138 686 3181 sententiam,
710 3143 763 3183 qui
787 3152 826 3173 eo
850 3151 920 3174 ver-

58 3183 99 3224 bo
123 3188 186 3210 non
210 3179 386 3219 hominem,
410 3179 462 3211 sed
483 3180 704 3222 ministerium,
728 3183 872 3214 aftumve
889 3192 918 3213 a-

58 3220 174 3292 liqpein
197 3220 368 3292 signifieat,
392 3221 445 3263 qui
466 3221 624 3262 χειμμῦόκᾳ
642 3223 830 3257 absolvatur.
856 3223 918 3256 Cu-

125 3271 178 3293 om.
219 3286 226 3293 .

963 1772 1061 1813 iacius
1083 1772 1152 1805 Lib.
1169 1772 1311 1806 XXVII.
1336 1772 1465 1814 Observ.
1487 1774 1520 1806 C.
1539 1782 1590 1814 31.
1621 1771 1836 1804 exercitorem

964 1814 1016 1846 vel
1039 1814 1220 1857 magistrum
1245 1823 1321 1847 tune
1344 1815 1450 1848 facere
1475 1814 1636 1852 κειρέμςολιν
1657 1812 1835 1853 existimat,

965 1866 1032 1887 cum
1053 1858 1198 1888 traditam
1212 1855 1271 1896 fibi
1292 1868 1355 1890 rem
1373 1864 1428 1890 aut
1451 1867 1575 1889 mercem
1594 1854 1703 1896 statim
1719 1856 1838 1888 dederit

964 1900 997 1930 in
1018 1909 1138 1930 manum
1160 1899 1288 1940 custodis
1310 1905 1364 1930 aut
1386 1901 1528 1937 dietariz',
1550 1897 1634 1938 quasi
1656 1903 1801 1928 avertens
1818 1906 1837 1927 a

958 1940 991 1981 se
1013 1939 1163 1981 custodiae*
1174 1941 1354 1981 periculum.
1398 1940 1442 1972 Et
1465 1941 1527 1972 hoe
1549 1939 1742 1981 superdicit:
1765 1938 1838 1970 vul-

962 1983 1048 2023 garis
1069 1985 1260 2014 nauticorum
1282 1993 1343 2014 vox
1365 1980 1406 2023 eft
1427 1981 1611 2020 χειρέμζολω,
1633 1979 1714 2019 ficut
1737 1979 1838 2020 meffa-

965 2035 1031 2056 rum
1053 2024 1217 2062 χιιρῡξολον,
1247 2025 1278 2056 id
1300 2024 1359 2065 est,
1388 2023 1496 2058 δράγμα
1513 2047 1522 2060 ,
1552 2021 1623 2064 teste
1645 2021 1839 2063 Moschopulo

964 2067 1023 2106 περὶ
1039 2067 1150 2103 exesam
1176 2067 1236 2099 Sed
1250 2067 1330 2108 apud
1349 2064 1601 2106 Moschopulum
1621 2063 1767 2103 χειρόέολον
1789 2065 1836 2095 in-

964 2109 1078 2147 venio,
1101 2107 1264 2145 χειρεμῑολον
1285 2105 1400 2139 frustra
1423 2116 1550 2148 quaero,
1576 2115 1678 2147 neque
1691 2105 1769 2137 adeo
1786 2105 1837 2137 ad-

965 2149 1026 2180 huc
1050 2149 1133 2188 scio,
1159 2149 1233 2190 quid
1257 2148 1322 2189 ejus
1346 2148 1390 2180 rei
1414 2148 1461 2180 fit.
1494 2148 1589 2180 Plane
1612 2146 1691 2178 nihil
1709 2157 1773 2188 quo
1798 2156 1838 2178 ue

963 2191 1001 2222 ad
1024 2191 1108 2223 hunc
1138 2191 1246 2223 locum
1277 2190 1439 2232 pertinet,
1464 2190 1549 2231 quod
1572 2188 1746 2230 Dionyfius
1803 2198 1837 2219 ο-

965 2232 1129 2264 thofredus
1159 2232 1312 2271 notavit,
1344 2230 1416 2271 seu,
1450 2239 1486 2262 ut
1516 2231 1622 2262 verius
1652 2229 1771 2270 dicam,
1797 2239 1840 2262 ex

964 2274 1101 2313 Budaeo,
1126 2283 1190 2306 non
1215 2273 1360 2313 laudato,
1385 2271 1544 2313 descripfit
1566 2272 1605 2303 de
1628 2271 1836 2312 celeusmate,

964 2314 1028 2346 five
1049 2315 1137 2356 {igno
1167 2316 1198 2347 δε
1231 2315 1453 2353 hortamento,
1478 2313 1563 2354 quod
1587 2312 1773 2353 remigibus,
1799 2313 1838 2344 ad

964 2356 1172 2389 concitandos
1196 2357 1249 2388 vel
1273 2355 1459 2387 inhibendos
1476 2364 1599 2392 rernm,
1624 2353 1689 2385 dari
1707 2352 1836 2386 solebat.

964 2398 1075 2432 Potius
1106 2407 1147 2430 ex
1176 2398 1287 2429 eodem
1318 2396 1436 2428 Budaeo
1468 2395 1649 2434 addidisset,
1675 2396 1760 2437 quod
1783 2396 1841 2428 ille.

965 2441 1010 2472 ait
1033 2440 1071 2471 de
1103 2440 1294 2471 celeusmate
1308 2462 1317 2478 ,
1351 2437 1436 2479 quod
1459 2436 1563 2468 facere
1586 2435 1688 2468 solent
1711 2444 1837 2476 nautae,

966 2491 1062 2523 quum
1086 2490 1181 2513 onera
1203 2480 1331 2512 funibus
1355 2479 1549 2517 moliuntur,
1575 2487 1752 2519 quanquam
1777 2487 1838 2510 nee

966 2524 1029 2555 hoc
1052 2522 1134 2554 idem
1159 2521 1214 2562 fit,
1240 2520 1325 2563 quod
1347 2520 1524 2557 χειρέμέσλοι.
1547 2519 1693 2551 Kuhnius
1711 2519 1748 2551 ad
1764 2519 1837 2551 Pol-

965 2565 1028 2597 luc.
1053 2564 1091 2596 L.
1112 2563 1163 2595 II.2
1178 2564 1210 2595 C.
1229 2574 1259 2604 4.
1284 2573 1312 2593 n.
1336 2571 1394 2602 152
1430 2560 1595 2599 χειρὲμξολον
1617 2560 1669 2592 hic
1694 2560 1755 2592 effe
1779 2569 1835 2601 pu-

966 2614 1012 2637 tat
1030 2606 1209 2647 symbolum,
1232 2605 1307 2647 quod
1329 2603 1542 2636 navicularius
1563 2600 1702 2642 conficit,
1730 2601 1766 2636 55⁹
1787 2601 1839 2632 vel

965 2648 1024 2689 ipse
1045 2650 1077 2679 in
1099 2658 1219 2679 manum
1240 2650 1292 2679 dat
1309 2647 1353 2684 ei,
1376 2656 1395 2677 a
1416 2655 1472 2686 quo
1493 2654 1603 2677 merces
1618 2646 1651 2675 in
1666 2652 1774 2674 navem
1791 2653 1840 2673 re—

965 2691 1063 2730 cipit,
1085 2690 1134 2721 vel
1155 2691 1250 2727 alius,
1276 2698 1361 2729 quem
1384 2689 1452 2720 huic
1473 2686 1563 2728 officio
1581 2684 1762 2726 proeptiszci23
1783 2681 1838 2715 sed.

965 2729 1068 2763 rursus
1097 2731 1160 2763 sine
1188 2731 1299 2772 populi
1330 2728 1503 2771 suffragio,
1539 2737 1580 2758 ex
1617 2725 1682 2757 sola
1712 2724 1837 2757 scilicet

965 2773 1161 2813 conjectura,
1187 2782 1280 2813 quam
1304 2771 1399 2803 etiam
1423 2771 1480 2801 vix
1503 2768 1654 2808 assequor.
1700 2766 1780 2798 Sane
1798 2773 1839 2798 ex

964 2823 1021 2853 eo,
1046 2814 1131 2855 quod
1156 2812 1308 2855 Ulpianus
1332 2822 1433 2854 graeca
1455 2819 1536 2842 voce
1559 2813 1683 2855 utatur,
1705 2807 1739 2854 ⁵&
1757 2816 1836 2847 rem,

965 2864 1057 2896 quam
1081 2855 1217 2894 indicat,
1248 2855 1292 2885 ita
1320 2853 1507 2894 appellatam
1539 2856 1619 2889 ajat,
1644 2848 1838 2880 veriffirnum

965 2896 1110 2935 videtur,
1136 2895 1222 2937 quod
1245 2894 1392 2934 Cujaeius
1421 2892 1522 2930 dixit,
1545 2888 1707 2926 xnoeuCozov
1726 2890 1836 2936 yulga-

963 2947 1030 2969 rem
1046 2937 1246 2969 nauticorum
1263 2943 1378 2966 vocem
1395 2932 1498 2964 fuisse.
1546 2931 1588 2963 At
1627 2940 1750 2962 uamws
1765 2931 1836 2962 vul-

963 2979 1045 3020 garis
1075 2977 1198 3016 fuerit,
1229 2982 1358 3016 oportet
1391 2982 1496 3005 tamen
1527 2982 1578 3004 me
1624 2973 1721 3011 atei-i,
1755 2971 1838 3014 apud

964 3019 1096 3051 Graeeos
1111 3018 1265 3050 Auctores
1279 3016 1309 3048 &
1324 3013 1496 3056 Magistros
1505 3038 1516 3054 ,
1541 3017 1665 3045 veteres
1679 3037 1687 3053 ,
1712 3023 1835 3053 novos,

961 3060 1075 3092 frustra
1100 3059 1179 3090 mihi
1198 3056 1291 3089 fuisse
1313 3056 1481 3097 quaefitam.
1529 3053 1599 3087 Nec
1620 3054 1716 3087 auslm
1731 3062 1838 3088 tamen

962 3100 1134 3133 sollicitare
1162 3098 1294 3130 verbum
1311 3121 1320 3137 ,
1359 3097 1445 3138 quod
1476 3099 1531 3126 κατ’
1560 3097 1702 3130 ἀναλογίαν
1729 3094 1837 3127 Graeci

963 3141 1114 3174 sermonis
1131 3140 1242 3181 utique
1255 3138 1300 3170 est
1318 3139 1494 3180 optimum,
1508 3139 1538 3170 &
1552 3137 1589 3169 ad
1603 3137 1835 3179 significandam
1879 3177 1884 3180 .

963 3191 1090 3224 operam
1101 3205 1110 3221 ,
1136 3191 1205 3223 quae
1220 3180 1408 3221 recipiendis
1421 3179 1579 3212 mercibus
1590 3180 1620 3211 ὅ(
1634 3178 1761 3211 sarcinis
1779 3178 1835 3209 im-

962 3223 1126 3265 penditur,
1157 3223 1190 3254 vi
1217 3221 1269 3255 sua
1290 3221 1405 3296 &Ippe
1425 3220 1666 3263 compositionis
1678 3221 1713 3253 in
1726 3219 1837 3292 ρτῇιᾶπίδ

1768 3270 1775 3291 1
1800 3269 1832 3289 o-
