2008 3436
184 109 227 134 12
416 98 814 136 CORNELII
889 112 998 140 van

183 177 221 214 δ’)
240 176 354 219 Hister.
388 179 428 211 L.
452 189 477 211 ι.
513 180 544 212 C.
563 183 614 220 46.
646 179 681 214 ὃ)
710 185 760 215 81.
786 181 806 212 l.
829 191 855 212 1.
885 183 915 214 C.
936 183 1046 224 desen-

185 224 257 250 rent.
271 219 342 261 paff.
365 219 401 255 ἐξ
415 219 507 261 restit.
533 221 625 252 Plura
641 222 712 254 dein
730 224 876 262 praetoria
896 224 927 255 in
944 224 1048 256 diver-

183 259 222 292 fis
242 259 367 302 Imperii
389 262 548 302 partibus,
575 264 604 294 ὅῐ
629 263 744 304 cuique
762 263 949 304 Praefecms,
975 275 1047 306 qua-

186 308 259 332 tuor
285 311 304 333 a
328 302 549 335 Constantino.
603 304 653 336 An
676 304 911 344 Mamertinus,
934 307 987 347 qui
1015 307 1047 337 in

184 342 300 386 Paneg.
327 345 366 375 acl
391 345 497 385 Imper.
526 345 648 386 Julian.
676 351 706 385 p.
730 349 798 377 161.
824 346 878 377 ilsle
900 347 1049 378 Praetoriis

178 382 359 426 prctsfecisti,
390 386 536 418 omnibus
560 385 726 427 praefettus
742 410 751 425 ‚
783 387 919 420 dubitari
936 388 1048 430 poss'et.

183 425 244 458 Sed
261 426 328 458 haec
344 426 423 459 nihil
440 427 476 458 ad
497 436 571 458 rem.
618 427 758 466 Interea,
789 428 810 459 fi
831 428 927 468 libet,
952 429 1049 461 Scali-

184 476 293 507 gerum
309 468 378 499 audi
405 468 445 500 L.
467 468 506 500 II.
533 466 629 509 Epist.
654 473 723 509 184.
780 469 876 501 Vides
895 470 1023 502 interim
1039 493 1049 509 ,

184 509 219 540 in
241 510 269 540 d.
294 507 315 540 i.
330 519 359 551 3.
383 508 411 551 §.
426 520 456 551 3.
482 510 679 541 necess'ariam
699 519 762 541 non
779 510 840 541 esse
861 511 1051 542 emendatio-

187 559 258 582 nem
284 550 479 590 Haloandri,
511 560 569 591 qua
585 560 643 591 pro
667 550 820 590 Praefeffls
834 550 1052 592 proetoriofitafi

185 590 288 633 legit,
321 591 481 632 Praefefflts
505 593 639 632 praetorio
659 591 751 632 sitast.
796 592 946 633 Alioquin
978 602 1050 624 eum

186 632 225 663 ad
241 632 326 664 hunc
345 633 486 664 omnium
501 633 691 673 dignitatum
721 633 843 674 apicem
861 634 1051 666 adscendisse

185 673 241 714 qui
270 673 393 705 dubitat
410 697 420 712 ,
449 672 494 704 est
521 682 632 704 nemo:
663 674 768 714 passim
785 675 818 706 in
832 675 901 715 jure
915 676 977 707 hoc
996 675 1050 716 ipfi

186 714 327 755 elogium
350 713 535 746 adscribitur
554 736 565 752 ,
595 722 631 745 ut
656 716 686 747 ὃς
713 716 744 746 in
763 725 839 748 urna
857 717 923 756 ejus
943 726 1050 758 argen-

188 762 258 794 tea,
305 764 372 786 uam
390 765 407 786 a
422 754 539 787 rustico
558 755 669 787 Roma:
686 756 845 788 inventam
859 758 970 789 dicunt
982 757 1050 788 vul-

186 806 240 837 go.
281 765 321 828 tid
346 795 446 836 ipsum
463 818 474 835 ,
509 796 583 837 quin
604 797 633 828 ὅ(
652 804 755 829 totum
774 798 975 840 Papinianum
988 821 998 836 ,
1020 807 1050 829 e-

185 839 234 910 jcus
259 837 482 911 {ing-2⁸³3
490 836 588 910 Υιῖξειτ
603 838 927 913 Sffiartica'nusispsslmm
950 840 1052 871 Severi

216 902 224 910 .
330 903 337 910 .
449 889 468 910 n
485 903 492 911 .
536 889 626 910 araca
653 890 674 910 ιε
724 890 741 910 α
763 905 768 910 ,
871 906 879 913 .

229 919 279 952 Ab
304 919 384 960 Juris
408 920 559 952 rudentiae
585 886 776 962 profeffiotlie
798 922 899 963 Jctm
916 923 1048 955 dicitur:

187 962 218 994 ὃς
238 961 308 1002 quis
332 971 371 994 nc
387 962 433 993 cit
454 961 656 1003 Papinianum
683 962 765 994 inter
781 973 889 996 omnes
909 965 1051 996 omniurn

189 1009 318 1035 aetatum
342 1002 442 1043 JCtos
461 1002 615 1035 familiam
640 1003 786 1036 duxisse?
809 1005 904 1037 Nemo
924 1014 1051 1047 unquam

188 1043 359 1085 Papiniano
376 1046 482 1086 aequcvri
494 1043 588 1085 potest
598 1067 610 1083 ,
632 1044 690 1084 nisi
700 1051 755 1087 per
769 1047 978 1079 deridiculum:
1000 1057 1050 1078 ne-

188 1095 233 1117 mo
252 1095 380 1127 unquam
401 1096 476 1118 unus
499 1086 688 1126 Papinianus
711 1089 786 1127 erit,
811 1088 911 1128 inquit
927 1089 952 1120 is
971 1087 1052 1129 Juris

184 1126 341 1167 interpres
360 1151 370 1166 ,
401 1136 466 1168 quo
488 1127 526 1158 de
544 1128 606 1158 hoc
632 1127 731 1169 ipsum
750 1138 813 1170 prae
831 1130 959 1170 reliquis
974 1139 1053 1170 prae-

185 1168 285 1200 dicari
304 1168 430 1209 potest,
454 1168 486 1200 in
497 1174 613 1209 prooem.
632 1170 670 1200 ad
687 1169 850 1210 Papinian.
874 1171 927 1202 ubi
944 1171 974 1202 ἃ
990 1170 1053 1202 lau-

135 1240 139 1244 ,
186 1209 242 1241 des
260 1209 327 1250 ejus
343 1208 481 1241 absolvit
498 1211 775 1251 omnes:interque
787 1213 1050 1253 easpraecipuum

186 1250 266 1284 illud
292 1250 491 1282 excellentiae
517 1251 711 1292 Papinianeae
735 1261 952 1293 argumentum
971 1262 1011 1283 ex
1029 1253 1050 1284 l.

188 1302 240 1325 zm.
265 1292 299 1324 C.
330 1292 434 1324 Theod.
462 1293 497 1324 de
522 1292 649 1334 Respon.
671 1294 759 1333 prud.
785 1293 998 1325 Constituitur
1021 1303 1052 1324 e-

187 1334 253 1366 nim
274 1334 337 1373 ibi,
359 1342 413 1373 ut,
436 1333 561 1375 paribus
581 1333 734 1373 JCtorum
753 1333 906 1376 suffragiis
925 1335 1006 1366 inter
1022 1333 1052 1366 se

186 1374 415 1407 collidentibus
433 1396 444 1413 ,
476 1382 621 1415 tanquam
646 1375 806 1407 Minervae
840 1376 986 1415 calculo,
1017 1385 1053 1408 ea

187 1415 262 1449 Pars
281 1417 389 1448 vincat
401 1438 413 1454 ,
422 1425 491 1456 quae
501 1415 556 1447 fibi
568 1415 723 1447 addietum
735 1416 829 1448 habet
842 1417 1056 1458 Papinianum.

187 1455 324 1490 Additur
341 1457 439 1495 ratio,
452 1456 537 1497 quod
557 1455 622 1498 ipse
642 1456 778 1490 finoutos
796 1457 940 1500 superet,
952 1468 1056 1500 quam-

187 1498 238 1530 vis
255 1499 345 1541 cedat
360 1498 494 1530 duobus.
538 1497 599 1530 Sed
614 1481 737 1530 conffat
748 1523 759 1538 ,
784 1499 864 1531 hanc
882 1499 1056 1532 Theodosii

190 1540 220 1571 &
247 1539 460 1570 Valentiniani
491 1538 750 1572 constitutionem
774 1540 980 1580 Justinianuin
1008 1539 1054 1572 su-

189 1579 308 1613 stulisse
325 1580 355 1612 in
380 1580 400 1612 l.
424 1589 452 1613 1.
477 1579 507 1621 §.
525 1583 557 1613 6.
584 1581 616 1612 C.
636 1582 670 1612 de
685 1587 744 1613 vet.
761 1581 834 1623 Jur.
854 1583 948 1614 emaci.
969 1592 1054 1621 cum,

188 1629 355 1662 exaequata
381 1628 526 1653 veterum
553 1622 741 1654 auctoritate
759 1647 768 1661 ,
804 1622 918 1663 scripta
945 1633 1056 1655 eorum

189 1662 305 1696 fecerit
323 1661 384 1694 sua.
423 1663 560 1695 Proinde
577 1663 656 1696 nihil
676 1664 741 1705 agit
757 1665 828 1696 Val.
846 1665 871 1696 F
873 1664 1009 1697 orsterus
1023 1666 1057 1696 de

193 1703 316 1746 Succeff.
335 1705 371 1736 ab
387 1702 484 1745 intest.
511 1704 581 1737 Lib.
603 1704 657 1737 VI.
687 1707 758 1747 Cap.
781 1709 829 1738 16.
853 1707 885 1738 in
909 1706 929 1738 l.
954 1715 1000 1747 17.
1027 1705 1056 1748 §.

192 1757 225 1788 4.
243 1745 284 1788 ff.
303 1747 341 1777 ad
358 1746 468 1777 SCtum
492 1746 613 1778 Trebelb.
638 1747 712 1788 qui,
742 1755 778 1778 ut
798 1747 968 1789 Ulpianum
986 1757 1058 1779 cum

190 1787 364 1830 Papiniano
379 1787 550 1827 conciliet,
581 1787 705 1820 lubrico
720 1788 833 1820 nititur
853 1789 1059 1821 fundamento

185 1829 350 1871 abrogata),
378 1828 463 1861 illius
497 1829 517 1860 b.
534 1840 583 1861 zm.
620 1830 653 1862 C.
677 1829 730 1862 Th.
754 1830 840 1871 quod
859 1831 891 1862 in
907 1830 1058 1862 Hilloriae

210 1871 274 1902 uris
290 1869 443 1911 scriptore
461 1870 555 1903 nimis
579 1870 624 1903 est
645 1870 812 1903 sordidum.
858 1871 966 1904 Habet
982 1872 1011 1904 ὅτ
1029 1881 1058 1902 e-

203 1911 310 1943 usdem
334 1912 522 1943 temeritatis
541 1911 662 1944 socium
689 1912 909 1945 Wissenbach.
934 1914 967 1945 in
981 1913 1057 1945 Par-

151 1974 153 1976 -
191 1959 219 1985 te
239 1952 279 1984 ΙΙ.
314 1954 352 1984 ad
375 1952 416 1993 ff.
442 1952 563 1994 Disput.
591 1953 703 1986 XXII.
727 1965 758 1986 n.
779 1965 825 1987 10.
851 1955 881 1986 &
897 1955 963 1995 ejus
980 1955 1058 1986 alio-

192 1994 268 2036 quin
289 1993 498 2026 adversarium
517 1995 587 2035 Joh.
607 1995 750 2027 Strauch.
773 1996 805 2028 in
827 1995 949 2036 Differt.
969 1997 1057 2027 theor.

187 2034 283 2077 prasi.
305 2035 383 2068 XV.
405 2046 435 2067 n.
457 2040 506 2070 18.
529 2044 662 2077 uterque
680 2037 717 2068 ad
732 2037 993 2069 conciliationem
1011 2046 1059 2068 ea-

190 2076 323 2109 rundem
340 2076 455 2118 legum.
501 2076 616 2118 Neque
632 2078 726 2110 etiam
744 2078 803 2110 alia
825 2079 991 2118 prudentia
1005 2078 1060 2110 Ba-

193 2117 315 2148 chovio
334 2117 367 2149 in
392 2117 529 2150 Exercit.
556 2120 594 2149 ad
615 2119 692 2150 Ant.
711 2119 801 2151 Fabri
822 2119 901 2151 Toni.
920 2118 976 2151 IV.
1000 2119 1059 2150 Er-

193 2168 250 2191 ror.
271 2158 430 2200 Pragmat.
461 2158 538 2190 Det.
556 2159 747 2192 LXXXVI.
781 2161 813 2192 C.
832 2160 891 2192 IX.
922 2171 954 2192 n.
971 2169 1001 2201 7.
1026 2160 1059 2192 in

191 2207 332 2234 mentem
348 2200 457 2239 venit,
479 2210 544 2232 non
566 2199 746 2232 feliciorem
764 2201 939 2233 illationem
957 2201 1059 2233 Fabro

193 2240 381 2281 obtrudere,
407 2241 545 2282 plurium
564 2242 646 2282 quasi
669 2241 915 2274 diffentientium
934 2243 1057 2283 opinio-

191 2289 232 2316 ne
251 2281 411 2324 repudiata
430 2304 442 2321 ,
471 2281 639 2314 Neratium
661 2281 801 2324 sequenti
819 2295 826 2315 ε
859 2293 954 2324 quum
973 2293 1008 2314 ea
1028 2284 1060 2315 in

217 2330 283 2354 arte
300 2324 328 2355 d.
349 2323 443 2365 legem
457 2334 506 2355 un.
532 2333 658 2365 quoque
674 2323 848 2366 Imperator
861 2325 1002 2356 voluerit
1012 2323 1058 2356 su-

192 2333 320 2396 elatam.
366 2365 468 2406 Igitur
484 2366 642 2405 plurium,
675 2375 765 2407 quam
785 2367 895 2404 unius;
920 2366 1060 2407 Papinia-

193 2405 248 2443 ni,
276 2414 369 2447 quarn
395 2406 525 2438 Charisii
552 2406 685 2446 alicujus
709 2407 877 2439 auftoritas
905 2417 968 2439 non
1002 2407 1062 2438 erit

193 2446 312 2492 major,
331 2448 408 2480 licet
424 2447 586 2492 utriusque
601 2447 847 2489 Jurisprudentia
861 2448 988 2481 differat
996 2449 1062 2490 plu-

193 2496 321 2520 timum.

237 2527 398 2560 Caeterum
415 2538 455 2562 ex
472 2539 532 2568 eo,
556 2531 640 2572 quod
666 2531 852 2572 Papinianus
870 2531 940 2562 heic
957 2531 1062 2562 audiat

192 2567 364 2602 Praefectus
382 2571 554 2611 praetorio,
580 2571 733 2612 &JCtus,
759 2571 913 2605 solemnes
925 2572 993 2604 sunt
1004 2573 1064 2603 Ve-

196 2616 299 2643 terum
321 2610 522 2653 digressiones
547 2612 586 2644 de
611 2613 700 2645 licita
716 2613 770 2645 seu
786 2613 946 2655 prohibita
961 2614 1063 2655 dupli-

799 2711 1151 2746 CAPUT

1074 101 1673 142 BYNKERSHOEK

1092 183 1139 215 cis
1154 183 1292 215 muneris
1321 183 1536 216 cumulatione
1554 185 1585 217 in
1610 195 1670 217 una
1693 186 1862 228 eademque
1882 192 1946 230 per‘„
1999 209 2001 211 »

1091 224 1194 263 sona;
1224 234 1298 256 num
1325 225 1502 264 videlicet,
1533 226 1599 266 ejus
1623 228 1771 268 exemplo
1787 251 1796 267 ,
1827 230 1950 269 penora
2004 231 2008 244 ¹

1091 266 1195 297 nostra
1211 266 1286 297 duas
1302 264 1359 297 fint
1379 265 1576 298 admittentia
1587 269 1702 299 curas?
1735 269 1794 300 Sed
1813 271 1869 301 vix
1887 270 1950 310 est,
2000 273 2004 284 ²

1091 315 1127 338 ut
1147 307 1214 338 haec
1232 306 1294 348 ipsa
1309 306 1480 348 disputatio
1496 308 1599 340 minus
1614 310 1652 341 fit
1669 308 1779 349 fatua,
1810 320 1901 351 quam
1919 313 1953 345 il-

1093 347 1154 379 lius
1171 348 1304 380 occatio.
1357 348 1390 380 Si
1416 348 1485 389 quis
1511 357 1675 391 utramque
1689 350 1851 391 personam
1869 352 1952 385 susti-

1092 398 1166 420 nere
1194 389 1286 430 possit
1301 411 1312 427 ,
1343 389 1373 421 ὅ(
1395 399 1543 429 munera,
1573 390 1637 422 five
1653 392 1735 431 duo,
1761 392 1824 424 five
1840 395 1952 436 plura,

1093 439 1156 461 non
1184 438 1324 471 pugnent
1347 429 1506 463 frontibus
1533 431 1686 471 adversis,
1721 433 1846 466 licitum
1863 434 1924 467 esse
1939 459 1953 476 ,

1094 470 1178 512 quod
1195 472 1344 512 quaeritur
1364 496 1373 511 ,
1406 471 1469 512 ipsa
1485 473 1567 504 ratio
1583 473 1739 507 docuerit.
1783 475 1954 518 Utriusque

1095 512 1293 544 limitationis
1308 514 1451 554 exempla
1469 512 1642 554 sufficient,
1667 516 1688 547 l.
1704 516 1757 547 ult.
1785 517 1817 548 C.
1834 519 1952 558 quimil.

1091 552 1156 594 poff.
1189 553 1211 584 l.
1235 554 1290 585 ult.
1323 555 1356 586 C.
1378 556 1412 585 de
1437 555 1531 596 adseff.
1560 557 1592 588 C.
1611 556 1650 588 V.
1672 557 1715 589 X.
1741 559 1774 589 de
1794 558 1869 590 Cler.
1888 569 1952 591 con-

1089 595 1156 637 jug.
1182 594 1234 626 ubi
1253 595 1283 627 δε
1298 596 1396 626 ratio:
1423 594 1504 639 Quia
1521 597 1636 629 cithara
1657 608 1721 630 cum
1738 599 1882 641 Psalterio
1890 610 1951 633 ma·

1093 637 1119 667 le
1149 637 1310 667 concordat.
1362 635 1419 668 Nil
1447 640 1559 669 horum
1582 638 1603 671 fi
1631 639 1755 679 obstet,
1779 650 1843 673 non
1860 642 1957 675 modo

1093 677 1254 717 duplicem
1278 676 1440 717 personam
1472 678 1504 710 in
1535 679 1639 712 eadem
1674 682 1848 723 Republica
1874 684 1956 716 tueri

1094 726 1185 759 quem
1204 717 1290 758 poss'e
1306 718 1471 750 dicendum
1495 718 1559 757 est,
1592 720 1643 752 sed
1661 723 1690 754 ὃς
1708 723 1850 763 pluribus
1868 723 1956 758 Prin-

1095 758 1218 799 cipibus
1249 758 1311 790 ess'e
1339 759 1369 790 in
1394 758 1587 792 sacramento
1609 764 1639 794 <St
1655 764 1783 804 officio,
1807 766 1956 807 quicquid

1093 800 1157 840 Jac.
1176 798 1395 832 Gothofrcdus
1420 802 1453 832 de
1482 801 1579 833 Salar.
1606 803 1638 834 C.
1656 803 1712 836 IV.
1734 814 1765 837 n.
1782 815 1812 843 9.
1838 807 1954 839 omnis-

1094 850 1156 882 que
1173 840 1383 873 Politicorum
1400 842 1515 874 chorus
1534 844 1739 877 contradicat.

1138 881 1245 927 Quum
1269 881 1341 922 JCti
1363 882 1498 924 dignitas
1522 883 1553 915 in
1570 884 1742 926 Papiniano
1766 896 1959 924 memoretur

1093 923 1163 965 post
1176 921 1394 964 praefecturam
1421 924 1566 956 Praetorii
1578 949 1587 964 ‚
1617 927 1710 959 etiam
1726 927 1805 960 illud
1823 928 1961 964 sollicite

1094 965 1208 1006 quaerit
1234 964 1389 996 laboriosa
1412 965 1565 997 Veterum
1587 967 1720 1008 Schola,
1745 978 1782 1001 an
1805 973 1957 1011 praetorio

1094 1005 1282 1044 Praefectus,
1306 1007 1426 1038 aliusve
1442 1007 1511 1048 quis
1529 1007 1723 1048 Reipublicae
1746 1007 1960 1051 gubernaculo

1094 1047 1238 1079 admotus
1249 1070 1258 1085 ‚
1283 1046 1497 1087 praeferendus
1515 1048 1551 1080 fit
1567 1048 1669 1089 JCto,
1693 1060 1730 1084 an
1746 1053 1885 1086 contra?
1897 1054 1959 1087 Ve-

1095 1098 1162 1120 rum
1183 1088 1288 1128 operis
1305 1087 1367 1119 fine
1385 1087 1490 1120 fructu
1510 1088 1753 1131 supersedemus.

1140 1130 1243 1161 Cautio
1260 1129 1420 1176 hujusmodi
1439 1140 1447 1161 τ
1473 1130 1610 1172 Vulgare
1629 1132 1781 1172 JCtorum
1802 1136 1912 1168 Cavere
1928 1146 1959 1170 a·

1094 1171 1155 1203 deo
1172 1171 1333 1210 innotuit,
1359 1179 1394 1201 ut
1417 1170 1534 1203 Cicero
1565 1173 1596 1204 in
1617 1174 1761 1207 Oratione
1773 1183 1827 1217 pro
1848 1178 1959 1210 Μανα-

1094 1222 1156 1250 na,
1179 1211 1250 1249 vel,
1280 1210 1301 1242 fi
1324 1212 1443 1249 mavis,
1474 1212 1696 1246 Declamatione
1722 1224 1823 1250 contra
1841 1218 1958 1260 JCtos,

1095 1251 1189 1294 ipsam
1210 1251 1488 1292 Jurisprudentiam
1510 1255 1647 1294 appellet
1681 1257 1714 1289 C.
1731 1257 1792 1291 IX.
1815 1262 1960 1293 urbanam

1095 1293 1454 1333 militiamrespondendi,
1478 1294 1648 1335 scribendi,
1683 1297 1720 1332 δ’
1744 1309 1959 1335 CAVENDI.

1095 1335 1183 1368 Hinc
1197 1333 1301 1376 passim
1318 1334 1456 1375 ejusdem
1483 1335 1513 1368 ἀ
1539 1336 1671 1369 aliorum
1690 1338 1755 1379 joci
1773 1341 1806 1373 in
1821 1343 1960 1375 vocabu-

1099 1378 1152 1415 lo,
1177 1375 1261 1416 quod
1288 1384 1308 1406 o
1334 1376 1413 1407 timo
1432 1376 1502 1416 jure
1528 1376 1705 1423 Quiritium
1725 1380 1898 1416 Prudentes
1914 1384 1966 1425 Ju-

1099 1418 1143 1450 ris
1162 1417 1216 1450 sibi
1236 1426 1297 1448 ven
1321 1417 1421 1449 icant:
1444 1418 1514 1450 aliis
1529 1419 1631 1459 enim,
1655 1430 1695 1453 ne
1712 1423 1963 1464 capiantur‚‚au-

1100 1460 1202 1492 &ores
1215 1457 1285 1490 sunt
1301 1458 1402 1490 modis
1421 1466 1539 1491 tanturn
1558 1469 1623 1493 non
1637 1462 1816 1496 innumeris.
1844 1465 1878 1498 In
1897 1465 1963 1498 'cre-

1100 1502 1165 1533 dita
1184 1499 1317 1542 pecunia
1341 1509 1412 1531 cum
1438 1501 1519 1532 nuda
1537 1503 1697 1542 promiffio
1713 1504 1752 1536 de
1770 1504 1964 1540 restituendo

1100 1541 1282 1574 tantundem
1305 1541 1342 1573 fit
1370 1540 1440 1573 satis
1464 1541 1606 1582 lubrica,
1640 1545 1741 1578 varias
1758 1547 1965 1588 praescribunt

1100 1583 1281 1622 cautiones,
1312 1583 1424 1623 quibus
1445 1583 1494 1623 jus
1509 1582 1595 1616 suum
1621 1594 1768 1619 tueantur
1784 1587 1966 1623 Creditores

1100 1623 1246 1657 adversus
1265 1624 1449 1657 inficiantes,
1493 1624 1618 1658 Patroni
1641 1629 1722 1669 apud
1752 1628 1893 1663 Gellium
1917 1632 1964 1666 N.

1102 1667 1169 1699 Ait.
1198 1666 1270 1698 Lib.
1285 1665 1377 1697 XIV.
1404 1666 1435 1697 C.
1458 1676 1485 1697 2.
1511 1676 1694 1701 enumerant
1719 1680 1847 1712 omnes,
1870 1672 1965 1707 inter·
1999 1680 2002 1683 “

1101 1717 1160 1750 que
1177 1717 1248 1746 eas,
1271 1706 1459 1748 potiffimum
1479 1708 1630 1748 probandi
1647 1712 1773 1744 modum
1785 1735 1796 1751 ,
1816 1715 1964 1758 chirogra-

1099 1750 1151 1791 phi
1170 1748 1482 1785 exhibitionemmihil
1500 1750 1582 1781 enim
1592 1750 1861 1796 frequentiusest,
1873 1765 1966 1797 quam

1101 1798 1136 1822 ut
1151 1790 1309 1822 debitores
1331 1788 1394 1821 sese
1411 1788 1604 1832 obstringant
1622 1793 1849 1837 chirographo:
1883 1798 1965 1829 unde

1103 1833 1134 1864 &
1154 1832 1185 1865 in
1202 1831 1274 1872 Jure
1293 1831 1402 1863 nostro
1422 1831 1567 1864 sexcenta
1588 1834 1654 1874 ejus
1672 1837 1806 1877 reperias
1822 1838 1964 1877 nomina,

1102 1874 1132 1905 &
1151 1873 1182 1905 in
1202 1880 1314 1904 mutuo
1334 1873 1549 1905 contrahendo
1568 1875 1700 1908 adhibiti
1719 1878 1871 1919 exempla.
1882 1878 1967 1911 Heie

1101 1914 1244 1956 generale
1260 1915 1410 1945 Cautionis
1425 1924 1539 1947 nomen
1557 1917 1693 1958 retinet,
1705 1927 1876 1965 quanquam
1887 1930 1966 1962 prae-

1100 1956 1191 1987 dibus
1216 1956 1269 1987 vel
1293 1955 1418 1997 praediis
1444 1965 1572 1989 cautum
1595 1957 1632 1990 fit
1647 1968 1765 2001 magis,
1786 1969 1823 1992 ac
1839 1961 1884 1993 ita
1900 1961 1968 2003 ple-

1100 2006 1232 2037 rumque
1248 2006 1283 2028 ea
1303 2006 1370 2028 vox
1389 1997 1561 2038 accipiatur
1583 1999 1603 2030 l.
1625 2004 1693 2035 188.
1719 1998 1748 2042 §.
1770 2011 1796 2033 1.
1815 2002 1857 2043 ff.
1875 2001 1960 2035 deV.

1104 2039 1135 2070 S.
1180 2038 1268 2070 Cave
1295 2046 1419 2077 tamen,
1449 2048 1488 2070 ne
1518 2039 1640 2071 idcirco
1666 2049 1737 2073 cum
1755 2042 1873 2075 Seneca
1895 2044 1968 2077 Lib.

1102 2079 1173 2110 VII.
1199 2080 1232 2110 cle
1250 2079 1353 2119 Benef.
1383 2080 1415 2111 C.
1436 2089 1483 2111 10.
1515 2080 1686 2122 Cautiones,
1725 2082 1755 2114 id
1775 2083 1840 2123 est,
1863 2084 1966 2117 chiro-

1102 2120 1217 2161 grapha
1234 2119 1316 2159 sola,
1349 2121 1434 2152 dicas
1457 2130 1539 2152 vana
1558 2123 1682 2153 hulundi
1690 2122 1871 2162 simulachra
1893 2125 1966 2168 (Gt)

1101 2163 1215 2192 umbras
1239 2163 1375 2202 quamam
1400 2162 1560 2194 laborantis
1581 2166 1728 2197 avaritiae.
1772 2164 1899 2199 Nudam
1918 2166 1964 2199 so-

1101 2202 1265 2235 lummodo
1282 2201 1488 2244 scripturam:
1522 2205 1616 2236 variis
1644 2205 1802 2239 literarum
1827 2207 1967 2250 apicibus

1102 2243 1286 2282 obductam,
1320 2244 1350 2276 in
1376 2244 1501 2275 censum
1526 2255 1643 2277 vocare
1659 2246 1680 2278 fi
1699 2247 1822 2288 lubeat,
1845 2258 1919 2281 vera
1934 2258 1964 2281 e·

1101 2285 1144 2316 rit
1161 2285 1288 2316 Senecae
1307 2283 1476 2324 sententia,
1501 2295 1636 2327 namque
1660 2287 1704 2319 ita
1724 2288 1856 2331 effugiet
1871 2289 1966 2329 scele-

1103 2333 1188 2362 ratus
1204 2326 1333 2357 vincula
1350 2326 1493 2358 Proteus.
1539 2328 1599 2360 Sed
1618 2328 1649 2360 in
1667 2328 1742 2370 Jure
1757 2331 1848 2362 aliter
1867 2331 1967 2372 philo-

1105 2367 1288 2408 sophamur:
1313 2369 1381 2408 quis
1396 2369 1479 2399 enim
1503 2368 1649 2410 ignorat,
1674 2378 1790 2403 tantam
1806 2370 1869 2403 effe
1885 2371 1966 2404 Cau-

1107 2410 1229 2440 tionum
1248 2408 1422 2447 virtutem,
1454 2416 1506 2448 ut,
1536 2410 1659 2451 insuper
1677 2411 1780 2444 habita
1798 2412 1968 2446 verborum

1105 2449 1286 2491 superficie,
1317 2450 1476 2481 debitores
1503 2451 1612 2483 validis
1641 2451 1870 2493 obligationum
1891 2454 1921 2486 ὅ(
1937 2464 1967 2486 a-

1104 2491 1245 2524 ctionum
1271 2491 1391 2522 catenis
1414 2491 1541 2533 alliget,
1575 2491 1646 2533 quia
1671 2503 1727 2524 non
1742 2492 1770 2534 fi
1791 2503 1845 2526 ura
1868 2495 1969 2527 litera-

1107 2543 1191 2569 rum,
1215 2532 1270 2573 fid
1291 2534 1439 2570 oratione,
1468 2542 1553 2573 qimm
1570 2534 1737 2573 exprimant
1776 2537 1873 2575 iteras,
1897 2537 1968 2568 obli·
1996 2550 2000 2554 ·

1105 2583 1229 2647 ἱζῗυηιν,
1255 2581 1289 2605 ut
1303 2573 1341 2604 ad
1360 2582 1424 2605 rem
1442 2573 1555 2605 Paulus
1572 2574 1605 2606 in
1635 2574 1655 2605 l.
1674 2579 1724 2616 38.
1751 2575 1794 2617 ff.
1813 2577 1848 2608 de
1873 2577 1914 2609 O.
1932 2576 1969 2613 δ”

1160 2616 1177 2639 ¹2

1248 2711 1339 2746 111.

250 2794 371 2834 Lucius
407 2794 517 2832 Titius
537 2795 659 2843 scripsi
683 2808 732 2833 me
757 2796 910 2844 accepist}
945 2809 965 2832 a
992 2797 1104 2833 Publio
1133 2798 1253 2833 Maevio
1278 2797 1454 2844 quindecim
1480 2806 1591 2835 mutua
1607 2827 1616 2844 ,
1643 2808 1813 2838 numerata
1839 2804 1921 2840 miln'

1002 2848 1039 2881 de
1065 2849 1161 2882 domo.

208 2938 212 2940 ’
263 2942 345 2972 ucius
363 2940 459 2974 Titius
474 2941 582 2983 scripsi
608 2953 652 2974 ine
669 2941 803 2984 accepia&
823 2953 841 2974 a
863 2943 968 2974 Publio
984 2943 1059 2975 Ivlae-

285 2983 344 3014 vio.
390 2983 666 3015 Praefatiunculam
693 2985 813 3026 excipit
835 2983 899 3025 ipsa
923 2983 1059 3024 Cautio,

194 3032 265 3064 quae
288 3032 432 3056 accurata
450 3024 563 3057 formae
582 3026 612 3057 &
629 3026 827 3067 antiquitatis
844 3026 1000 3067 elegantia
1015 3026 1060 3057 in-

197 3072 245 3095 ter
264 3074 393 3103 ornnes,
416 3075 491 3106 quas
502 3066 631 3107 vquidem
651 3066 704 3106 Jus
720 3068 860 3098 nostrum
879 3067 989 3106 habet,
1015 3065 1060 3098 fa-

195 3104 258 3135 cile
281 3106 395 3146 primas
422 3113 516 3138 tenet.
564 3108 652 3148 Opus
680 3109 741 3139 erit
757 3108 868 3139 cuneta
886 3107 1062 3149 singulatim

194 3153 362 3186 excutere,
382 3154 416 3178 ut
429 3146 556 3179 facilior
571 3148 627 3180 fiat
642 3148 674 3180 in
695 3147 880 3181 sententiam
908 3148 1000 3191 Legis
1019 3149 1062 3180 in-

196 3185 324 3228 gressus.
370 3187 446 3221 Sane
458 3187 553 3227 strubi
567 3191 600 3221 in
613 3190 682 3231 jure
707 3190 849 3233 religione
869 3199 980 3231 magna
993 3196 1063 3231 opus

1104 2940 1164 2984 est,
1188 2949 1254 2983 opus
1272 2952 1336 2973 cum
1352 2944 1478 2975 maxime
1490 2951 1560 2985 puto
1578 2947 1611 2978 in
1629 2949 1760 2979 tenendis
1779 2950 1884 2991 typicis
1904 2957 1966 2980 ver-

1105 2986 1148 3015 bis
1172 2984 1361 3024 &formulis
1388 2984 1504 3027 Legum
1524 2988 1688 3028 pris'carum
1718 2989 1830 3031 Populi·
1839 2989 1966 3021 Romani

1107 3049 1114 3056 .
1140 3050 1146 3057 .
1174 3050 1181 3056 .
1207 3049 1214 3057 .
1240 3031 1377 3072 utque..
1472 3051 1479 3058 .
1505 3027 1594 3069 Jurir
1614 3031 1754 3062 rudentioe
1783 3029 1966 3071 noftrcefun·

1104 3068 1156 3097 dus
1166 3065 1247 3105 fine,
1271 3075 1300 3097 in
1327 3074 1373 3098 uit
1393 3076 1468 3099 vere
1484 3068 1547 3109 Jac.
1565 3069 1785 3103 (sothofredus
1801 3072 1966 3109 Animadv.

1107 3109 1141 3139 C.
1159 3107 1217 3139 IX.
1241 3107 1278 3139 ad
1322 3133 1328 3139 .
1355 3117 1384 3139 2.
1418 3108 1445 3150 §.
1468 3118 1492 3141 1.
1508 3110 1550 3151 ff.
1569 3112 1608 3142 ad
1628 3112 1737 3143 Sciam
1761 3112 1871 3155 Vellej.
1914 3111 1968 3144 Sic

1104 3155 1138 3179 ut
1150 3148 1295 3180 dubitare
1321 3148 1434 3190 ponis,
1463 3160 1500 3183 an
1517 3151 1665 3184 laudanda
1693 3154 1789 3195 magis
1805 3153 1842 3186 iit
1856 3151 1968 3186 Briss‘o·

1102 3190 1147 3222 nii
1167 3190 1200 3222 in
1219 3189 1243 3221 F
1245 3191 1377 3222 ormulis
1393 3192 1634 3233 comportandis
1654 3193 1833 3235 diligentia,
1867 3203 1905 3225 an
1919 3193 1968 3226 das

1864 3243 1966 3266 mnan-
