2008 3436
548 40 557 54 l

170 128 239 170 276
408 124 812 161 CORNELII

163 203 316 234 sutentia
333 210 408 235 tunc
427 205 504 236 effer
525 205 618 246 longe
635 204 754 236 diver-fii
781 214 796 235 a
818 202 1027 248 Constituti03

165 253 204 274 ne
227 245 254 274 ci.
278 244 298 275 l.
324 255 371 277 10.
397 247 427 277 C.
489 248 519 277 ui
537 246 646 288 testam.
665 246 732 286 fac.
748 245 817 286 qu'.
843 254 1028 290 quadorum

166 293 258 316 muto
278 307 288 323 ‚
318 284 469 319 scribendi
499 291 602 328 perito
620 311 629 326 ,
660 286 836 319 testamenti
857 286 1028 331 factionem

161 326 319 358 concedit.
365 327 422 360 Illa
442 328 620 369 distinctio,
641 338 734 369 quam
750 334 986 372 nutui-amintes
999 329 1028 357 dt

163 364 268 398 casum
292 367 371 401 facit
397 372 423 401 d.
447 371 465 402 i.
497 380 541 403 10.
575 371 728 402 duntaxat
746 369 871 400 obtinet
891 378 921 399 in
937 376 1027 412 muro

161 407 192 439 &
209 406 302 440 surdo
318 409 409 443 {imni
423 435 432 450 ,
456 420 549 452 atque
564 412 641 443 adeo
658 411 758 442 alienu
779 409 824 454 ei't
843 419 859 440 a
873 406 1029 453 'sententia

162 449 190 479 h.
220 449 239 480 l.
272 460 324 482 21.
349 458 395 492 pr.
430 452 540 484 C-lofi'a
564 461 667 484 tamen
695 460 762 483 eain
794 451 845 481 iiic
872 450 1026 494 induxit,

161 497 260 530 porro
286 502 344 523 nos
366 494 511 534 ablegans
536 494 572 525 ad
602 494 629 524 cl.
666 492 685 522 l.
716 501 763 522 10.
794 490 879 538 quod
895 490 1028 535 Quaero

164 530 394 566 observationis
413 534 639 565 emblematicae
668 531 770 563 ansam
788 531 969 577 praenurlle,
993 537 1029 560 ut

166 573 196 604 δε
218 572 298 609 scere
314 575 387 607 alias
409 574 517 607 Gloffa
534 574 691 616 praebuit,
714 582 864 614 perquam
883 577 960 603 milii
984 570 1029 602 est

162 615 237 655 proi
246 615 336 646 abile.

205 654 380 687 Deleantur
405 656 502 697 igitur
528 657 618 696 haec,
644 657 693 696 δε,

162 696 286 728 leantur
306 697 335 728 ἅ
352 697 428 736 alia,
451 699 489 729 ab
507 698 574 730 aliis
589 697 685 730 effusa
701 699 738 729 ad
761 698 788 728 d.
815 697 835 728 l.
861 706 910 728 21.
931 702 976 735 pr.
999 695 1030 740 ὃς

162 737 204 769 fic
223 737 405 770 habeamus:
429 738 454 770 F
457 740 722 771 ideicommittere
739 746 820 770 nutu
837 737 960 779 potest,
977 745 1029 777 qur

163 778 269 819 potest
297 779 394 819 loqui.
441 779 524 812 Haec
549 790 621 812 cum
640 781 684 811 ait
699 781 834 818 Paulus,
859 787 982 810 mutum
997 787 1029 807 o-

162 819 272 852 mnino
291 829 396 859 arcet,
415 820 478 853 five
494 829 621 862 natura,
638 822 702 853 sive
720 819 1030 866 casu,contraqu‘51rn

164 861 216 892 alii
238 860 307 892 haec
327 861 520 903 intelligunt.
566 863 610 894 At
635 863 738 905 liquis
761 869 866 893 mutus
887 870 950 906 non
974 863 1028 899 lit,

164 900 216 933 sed
243 902 285 933 ob
312 903 509 935 raucedinem
535 903 622 936 forte
644 928 656 944 ,
691 911 745 935 aut
771 902 893 934 solutos
915 902 1029 952 linguae

162 953 296 981 nervos,
318 951 371 984 aut
389 945 504 977 vulnus
522 945 673 977 infliftum
686 969 695 985 ,
726 944 813 985 loqui
830 953 893 975 non
911 943 1029 989 ponit?

163 984 251 1031 Quid
278 984 299 1016 fi
326 993 433 1017 tumor
454 987 566 1034 aliquis
593 988 658 1019 oris
676 987 801 1028 gulaeve
820 985 1028 1030 linguam'im-

186 1026 350 1058 ediverit‘?
382 1025 468 1072 Quid
499 1030 521 1060 11
544 1028 692 1067 morbus,
719 1027 771 1069 qui
791 1036 832 1058 ex
846 1026 1031 1073 definitione

190 1067 338 1100 lodeiiini
357 1068 538 1109 temporalis
550 1068 594 1101 est
613 1070 632 1100 l.
661 1079 728 1101 101.
754 1068 824 1114 §32
844 1067 885 1108 ff.
901 1069 934 1098 de
944 1066 986 1098 V.
998 1066 1028 1097 S.

161 1109 337 1151 temporale
356 1119 482 1150 quoque
499 1110 757 1151 impedimentum
779 1110 894 1150 linguae
917 1108 1029 1155 attule-

162 1152 234 1184 rit?
265 1149 352 1194 Quid
376 1150 396 1182 fi
421 1151 447 1182 is
474 1153 603 1184 morbus
621 1175 631 1190 ,
662 1161 733 1184 nam
758 1151 796 1182 de
804 1152 1030 1196 superveniente

162 1194 256 1224 morbo
276 1192 363 1225 Pauli
384 1190 485 1223 sermo
503 1192 568 1231 est,
589 1203 723 1232 nervos,
756 1193 809 1233 qui
828 1192 965 1232 linguam
981 1199 1028 1220 re-

162 1243 264 1276 gunt,
295 1233 373 1266 adeo
403 1233 616 1266 debilitaverit
634 1257 643 1274 ‚
674 1243 710 1266 ut
732 1233 861 1265 testator
883 1231 1028 1263 heredem

162 1284 344 1316 nuncupare
360 1284 423 1306 non
442 1275 534 1315 poflit
550 1276 604 1307 nifi
620 1281 652 1314 τῇ
668 1277 782 1314 άνάςθςνῳ
798 1277 860 1309 φυῇ
879 1297 888 1312 ,
911 1280 946 1303 ut
956 1272 1027 1303 Cel-

163 1315 215 1349 sus
240 1317 342 1358 inquit
368 1316 398 1347 in
427 1317 448 1347 l.
471 1326 498 1357 7.
532 1316 561 1357 §.
582 1317 636 1348 ult.
653 1317 693 1357 ff.
717 1318 751 1347 de
777 1312 1029 1361 Supell3legat..9

165 1358 196 1390 ὅ(
208 1382 217 1397 ,
242 1359 316 1399 quid
332 1357 354 1389 fi
372 1358 463 1398 plane
481 1359 578 1390 ἀσήμως
595 1358 763 1399 loquatur,
790 1364 824 1388 ut
844 1366 917 1398 qui,
944 1354 1030 1396 quod

162 1399 201 1431 ad
216 1399 360 1431 Ediuum
386 1398 567 1430 AEdilitium
587 1421 598 1438 ,
629 1398 795 1430 morbosus
815 1397 868 1444 est¹
880 1397 960 1439 apud
976 1395 1030 1427 Ul-

163 1441 290 1483 pianum
314 1441 345 1471 in
376 1439 396 1470 l.
414 1449 442 1476 9.
461 1439 503 1480 ff.
526 1441 559 1471 cle
588 1440 686 1473 AEdil.
709 1439 835 1471 Edici?
859 1439 949 1470 illum
974 1437 1030 1468 ho-

164 1482 297 1520 minem,
324 1481 399 1512 licet
420 1482 472 1512 vel
497 1481 603 1519 nulla,
633 1483 686 1514 vel
702 1481 862 1513 dimidiata
878 1480 1032 1526 duntaxat

164 1523 261 1554 verba
286 1521 397 1553 efferre
418 1522 510 1561 poffit
525 1546 534 1562 ‚
566 1523 659 1564 idque
683 1533 748 1555 non
771 1532 810 1554 ex
824 1522 907 1553 vitio
923 1529 1030 1566 perpe-

167 1572 244 1603 tuo,
276 1563 367 1605 quale
394 1562 437 1594 est
458 1564 575 1596 vitium
598 1565 699 1603 muti,
722 1563 774 1596 sed
790 1563 931 1609 evaitio
950 1570 1032 1607 acci-

163 1606 271 1643 denti,
296 1604 380 1646 quod
400 1604 528 1636 cessabit
557 1605 692 1637 cessante
709 1605 841 1645 morbo,
866 1604 967 1650 aliaye
984 1613 1031 1634 vr-

165 1647 202 1678 tii
218 1645 326 1685 causa,
351 1646 460 1685 illum,
481 1646 627 1688 inquam,
652 1647 813 1679 hominem
834 1645 1007 1678 arcebimus
1014 1654 1033 1693 ‚a

165 1687 488 1726 fideicommittendO,
513 1689 588 1729 quin
604 1689 656 1720 vel
672 1698 689 1720 a
704 1688 846 1721 testando
858 1688 875 1720 ’ἓ
894 1688 933 1718 de
948 1686 1033 1719 fidei-

165 1728 335 1761 commistis
354 1736 434 1769 puto
450 1729 502 1760 hic
517 1739 629 1771 negare
644 1730 775 1762 Paulum
786 1754 796 1770 ‚
820 1730 852 1761 in
873 1729 973 1769 iisque
984 1738 1033 1760 res

165 1770 212 1803 est
226 1770 385 1812 apertior,
410 1779 483 1802 cum
502 1771 531 1803 ὃς
551 1779 630 1803 nutu
649 1772 873 1813 relinquantur.
918 1770 1033 1817 Neque

167 1820 272 1844 tamen
294 1811 332 1842 de
351 1811 420 1852 ipsis
444 1811 635 1845 testamentis
648 1822 708 1854 ego
727 1813 821 1847 aufim
837 1812 1032 1844 contradice-

163 1863 217 1893 re,
240 1853 272 1884 in
299 1862 335 1883 ea
361 1862 472 1894 nempe
499 1852 618 1894 specie,
654 1863 747 1895 quam
763 1854 882 1895 solam,
906 1853 962 1887 nifi
974 1853 1032 1885 fal-

166 1896 234 1934 lor,
259 1894 309 1926 hic
325 1894 443 1926 indicat
460 1894 592 1934 Paulus,
618 1895 639 1927 fi
650 1895 780 1931 testator
795 1905 860 1928 non
875 1903 1030 1937 perpetuo

167 1935 265 1968 fuerit
294 1943 423 1975 mutus,
453 1935 517 1968 five
541 1945 650 1970 natura
666 1961 676 1977 ,
710 1936 774 1971 five
789 1947 830 1971 ex
844 1937 998 1970 accidenti
1016 1960 1027 1978 ,

887 134 994 167 vnn

718 665 773 698 per
791 665 841 687 me
856 656 933 692 licet
945 678 953 693 ,
978 653 1029 685 de-

722 2004 1081 2070 CAPOU·T

1067 124 1678 163 BYNKERSHOEK,

1073 203 1123 235 sed
1139 204 1246 245 eloqui
1264 204 1358 234 verba
1374 214 1435 236 non
1458 205 1551 246 possit
1575 206 1617 237 ob
1639 209 1872 247 impedimentum
1883 213 1933 253 fic:

1067 248 1268 285 pervenientis
1286 248 1392 283 mrbl,
1409 246 1505 277 modo
1525 255 1600 278 tunc
1618 248 1815 282 voluntatem
1821 263 1933 294 ‚quum

1072 287 1178 327 lingua
1198 287 1328 327 nequit,
1362 295 1442 318 nutu
1458 311 1467 326 ‚
1493 289 1839 332 mentisintemuncio,
1865 303 1933 334 posu

1072 327 1109 358 iit
1128 327 1307 368 iignificuize.
1353 329 1447 359 Aliud
1470 328 1514 360 est
1538 338 1659 362 mutum
1678 331 1756 370 eisc,
1779 333 1862 366 aliud
1877 336 1932 368 lin-

1070 377 1160 408 guam
1177 369 1286 400 officio
1305 367 1360 400 suo
1376 369 1466 410 fungi
1485 379 1548 401 non
1559 371 1644 411 posse
1660 381 1700 403 ex
1719 373 1934 414 superveniena

1072 410 1095 439 ti
1111 409 1242 448 moi-bt),
1267 411 1297 442 in
1317 420 1374 450 eo,
1399 413 1452 452 qui
1469 412 1510 444 sic
1528 413 1696 453 impeditus
1714 414 1778 454 est,
1801 415 1935 450 absolvi-

1072 458 1122 480 tur
1139 452 1289 493 exceptio
1315 452 1449 492 adjefta,
1480 454 1509 485 ἃ
1532 454 1632 494 hanc,
1658 455 1680 488 si
1703 457 1754 488 vel
1769 457 1936 492 auctoritas

1070 490 1186 523 deelset
1198 514 1209 529 ,
1231 491 1297 523 sola
1314 495 1395 525 ratio
1415 494 1607 527 defenderet.

1113 532 1166 564 Sin
1186 541 1308 571 autern,
1332 543 1366 565 ut
1382 535 1499 576 vulgo,
1534 537 1655 577 placcat
1672 538 1803 571 Paulum
1821 540 1935 574 intelli·
1977 552 1980 558 ’

1070 582 1160 613 gere,
1185 572 1306 605 scilicet
1320 583 1428 607 natura
1442 585 1565 609 mutum
1579 578 1855 613 fideicommittere
1873 592 1937 616 non

1071 613 1177 655 poss'e,
1209 614 1280 646 casu
1307 625 1429 648 mutum
1453 618 1557 658 poss'e,
1582 621 1676 652 etiarn
1697 622 1738 654 fic
1755 622 1834 654 bene
1848 624 1910 655 erit
1925 647 1937 664 ‚

1073 657 1102 687 ἃ
1127 664 1218 687 extra
1241 664 1367 688 omnem
1392 659 1516 698 culpam
1534 683 1543 698 ,
1565 663 1617 694 vel
1634 662 1837 703 levissimam,
1862 664 1938 696 Tri-

1072 696 1236 729 bonianus.
1288 697 1370 729 Audi
1390 698 1593 738 Justinianum
1622 704 1654 735 in
1681 706 1709 736 d.
1732 706 1752 736 l.
1779 714 1827 738 10.
1873 705 1938 754 Qui

1073 736 1270 778 testam.fac.
1293 738 1361 780 poff.
1392 750 1463 772 nam
1490 741 1653 783 postquam
1678 745 1774 778 ibide
1790 755 1881 779 muto
1905 748 1938 780 ὅτ,

1073 777 1168 810 surdo
1192 779 1281 811 simul
1299 803 1308 818 ,
1336 782 1366 813 ὅ(
1388 781 1426 812 de
1450 781 1541 814 surdo
1560 784 1712 818 duntaxat
1727 788 1874 828 dixiss'et,
1899 789 1939 820 de

1073 819 1143 851 solo
1160 828 1250 852 muto
1267 821 1311 852 ita
1325 823 1443 864 pergit:
1471 824 1526 855 Sin
1546 835 1613 857 vero
1632 838 1714 859 aures
1730 831 1843 870 quidem
1855 836 1939 871 aper-⁴

1074 867 1108 892 tae
1128 860 1209 900 fint,
1233 861 1269 897 ἐπ”
1293 872 1390 894 vocem
1420 867 1609 905 recipientes,
1633 869 1737 912 lingua
1754 876 1851 902 autem
1873 872 1938 914 ejus·

1068 905 1187 943 pertitus
1202 905 1362 943 praepedita
1377 927 1388 943 ,
1420 915 1524 938 L1cET
1547 917 1567 939 A
1592 919 1784 943 verannius
1806 920 1937 945 AUCTO-

1074 954 1171 976 ninus
1185 954 1308 976 SAEPIUS
1325 955 1370 977 DE
1388 956 1458 978 Hoc
1473 957 1661 983 VARIATUM
1682 961 1764 992 EsT,
1785 958 1938 993 attamen,

1068 984 1097 1024 fi
1127 986 1203 1017 hunc
1227 989 1356 1026 peritum
1378 988 1529 1020 literarum
1549 991 1599 1031 effe
1622 998 1833 1034 proponamus,
1858 995 1938 1028 nihil

1070 1027 1203 1067 prohihet
1217 1027 1465 1066 eumstri'hemem
1491 1031 1547 1061 haec
1563 1036 1658 1065 omnia
1668 1035 1773 1074 facere
1784 1058 1796 1074 ,
1809 1035 1874 1075 five
1882 1046 1939 1069 na*

1075 1069 1211 1100 turaliter
1229 1090 1241 1106 ,
1263 1068 1327 1107 sive
1349 1076 1404 1110 per
1441 1072 1640 1106 interventum
1662 1078 1752 1108 morbi
1776 1078 1941 1121 hujusmodi

1074 1109 1268 1149 infortunium
1284 1112 1311 1149 ei
1328 1111 1481 1153 accefferit.
1836 1120 1841 1124 '

1074 1151 1229 1182 mendacii
1251 1160 1359 1192 arguas
1374 1174 1386 1190 ,
1409 1163 1531 1186 veteres
1553 1155 1706 1190 Austores
1719 1160 1758 1191 de
1776 1167 1867 1192 mut'o
1885 1171 1940 1194 va⁴

1072 1191 1161 1224 riass'e
1180 1215 1191 1230 ‚
1207 1192 1404 1238 'quibusdam
1430 1194 1518 1227 forte
1543 1200 1730 1237 generaliter
1752 1202 1940 1243 negantibus

1072 1232 1110 1263 de
1129 1242 1215 1264 omni
1231 1240 1340 1273 mut0,
1363 1233 1465 1267 testari
1482 1237 1586 1277 posse,
1611 1241 1794 1280 quibusdam
1810 1252 1888 1275 vero
1908 1253 1941 1275 a-

1071 1273 1208 1313 jentibus
1223 1295 1234 1311 ,
1268 1276 1319 1306 vel
1336 1274 1517 1317 simpliciter
1530 1302 1540 1318 ‚
1565 1279 1587 1311 fi
1605 1281 1692 1313 norit
1709 1281 1842 1314 scribere
1852 1306 1864 1323 ,
1886 1285 1942 1317 vel

1072 1323 1159 1346 certe
1176 1339 1186 1355 ‚
1211 1314 1233 1346 fi
1265 1315 1337 1347 casu
1359 1318 1564 1353 ometuerit.

1073 1365 1136 1397 quo
1163 1356 1304 1397 alioquin
1327 1358 1552 1394 diffenfiffent?
1585 1363 1638 1395 Sin
1654 1372 1758 1396 autem
1773 1366 1856 1397 inter
1872 1366 1944 1399 fim-

1074 1397 1201 1439 pliciter
1239 1406 1389 1440 negantes
1413 1400 1586 1436 referamus
1619 1404 1790 1446 Ulpianum
1819 1408 1846 1440 d.
1879 1408 1944 1442 m.

1074 1439 1154 1472 XX.
1191 1439 1310 1481 Fragm.
1336 1440 1363 1482 §.
1391 1450 1438 1483 13.
1465 1443 1494 1474 61
1513 1442 1628 1485 Gajutn
1655 1447 1686 1478 in
1710 1448 1739 1480 d.
1759 1447 1781 1480 l.
1800 1452 1831 1481 6.
1856 1449 1885 1492 §.
1912 1459 1944 1484 1.

1070 1480 1110 1522 ff.
1135 1480 1198 1529 Qui
1218 1481 1412 1529 testam'faa
1439 1483 1506 1525 poff.

1075 1521 1147 1553 casu
1165 1522 1378 1562 obmutuerit,
1403 1524 1532 1558 Paulum
1560 1528 1592 1559 in
1612 1529 1641 1561 h.
1662 1530 1681 1562 l.
1707 1540 1759 1563 21.
1775 1537 1826 1573 pr.
1847 1540 1884 1564 ut
1905 1533 1946 1566 li-

1075 1571 1127 1595 cet
1141 1563 1272 1596 Paulum
1287 1564 1421 1605 referre,
1447 1576 1520 1599 cum
1543 1569 1622 1602 nihil
1647 1571 1819 1613 impediat,
1844 1575 1967 1615 quod--

1075 1614 1200 1646 cunque
1223 1606 1306 1638 dixit
1328 1629 1339 1645 ,
1368 1607 1485 1640 etiamfi
1507 1608 1546 1640 de
1563 1620 1641 1643 vero
1656 1621 1747 1645 muto
1763 1614 1949 1660 intelligas,

1075 1647 1197 1687 optime
1216 1648 1387 1681 conveniet
1410 1648 1668 1691 Jurisprudentiae
1691 1655 1838 1697 antiquae.
1863 1658 1948 1700 Sed,

1075 1697 1111 1720 ut
1124 1688 1211 1728 dixi,
1223 1689 1338 1722 Paulus
1354 1700 1416 1723 non
1432 1690 1477 1723 est
1493 1693 1715 1736 intelligendus
1731 1697 1770 1728 de
1790 1707 1869 1730 vero
1878 1708 1947 1732 mu·

1076 1737 1132 1770 to,
1164 1730 1228 1762 hoc
1249 1730 1313 1771 est,
1344 1732 1383 1777 de
1401 1742 1440 1763 eo
1456 1756 1466 1771 ,
1497 1734 1551 1774 qui
1569 1736 1653 1767 vivit
1669 1736 1732 1770 fine
1745 1737 1798 1780 spe
1814 1737 1946 1783 recupe-

1075 1771 1179 1804 randae
1197 1772 1412 1813 loquutioms,
1440 1773 1492 1806 sed
1516 1775 1556 1808 de
1572 1784 1663 1809 muto
1681 1779 1719 1811 ad
1737 1786 1878 1826 tempus,
1903 1782 1947 1816 ob

1076 1813 1222 1846 morbum
1240 1814 1453 1855 incidentem,
1475 1826 1546 1850 nam
1559 1817 1581 1850 fi
1599 1828 1640 1850 ex
1653 1828 1692 1851 eo
1715 1821 1766 1852 vel
1784 1820 1869 1862 pisce
1878 1832 1945 1856 ma-

1076 1856 1123 1897 gis
1136 1864 1243 1887 mutus
1264 1855 1322 1895 fit,
1350 1856 1493 1891 restituta
1516 1859 1698 1894 valetudine
1713 1861 1896 1898 restituetur
1911 1865 1945 1901 ἃς
1970 1872 1971 1877 ’

1073 1897 1189 1940 linguae
1204 1897 1354 1939 pristinus
1374 1898 1454 1932 usus.

1130 2036 1362 2072 *XXIL

220 2119 401 2181 Genuinain
427 2120 486 2168 effe
520 2122 685 2170 Pomponii
699 2124 917 2172 scripturam,
950 2138 1017 2172 quae
1042 2128 1159 2173 legitur
1184 2128 1218 2161 in
1245 2128 1285 2162 L.
1315 2138 1368 2164 10.
1395 2126 1434 2163 ff.
1463 2126 1508 2163 de
1534 2127 1650 2165 Liber.
1679 2127 1717 2167 ἁ
1741 2128 1890 2177 postam.
1935 2133 1937 2135 ’

786 2175 905 2210 hesed.
931 2175 1038 2211 instit.

685 2232 695 2243 C

258 2267 307 2298 uia
331 2267 460 2306 omnia,
494 2277 562 2309 quae
588 2269 671 2302 dixit
696 2270 890 2313 Pomponius
905 2271 936 2303 in
960 2273 988 2304 d.
1013 2272 1033 2304 l.

169 2263 269 2366 Q
282 2317 330 2340 10.
350 2318 414 2340 non
438 2308 631 2342 satis'intelli
649 2320 693 2351 Ὁ,
705 2312 742 2343 ab
761 2322 796 2344 ea
812 2313 1033 2353 abstinusssmn,

275 2349 297 2381 fi
318 2359 382 2381 non
398 2349 583 2383 vindicanda
609 2354 638 2385 ei
654 2360 686 2384 et
701 2353 739 2385 ab
757 2354 879 2394 injuriis
893 2364 1003 2386 eorum
1023 2378 1033 2394 ,

170 2391 225 2432 qui
250 2391 336 2422 omni
364 2400 425 2432 ope
447 2392 479 2423 id
500 2401 617 2433 agunt,
640 2402 676 2425 ut
692 2404 782 2435 quam
798 2396 932 2436 plurima
947 2403 1034 2427 vete-

168 2441 239 2464 rum
264 2430 417 2472 JCtorum
447 2432 519 2464 loca
545 2435 707 2467 credamus
726 2435 788 2467 esse
805 2436 914 2478 spuria.
960 2437 984 2468 F
988 2438 1034 2468 lo-

170 2473 281 2505 rentiae
303 2471 345 2504 fic
368 2472 451 2504 edita
474 2473 519 2505 est
546 2477 574 2506 cl.
599 2476 620 2507 l.
648 2486 694 2508 10.
745 2477 961 2519 Conmzodiffime
983 2480 1010 2509 is
1024 2502 1034 2518 ,

169 2516 219 2556 qui
247 2515 372 2545 nondum
397 2520 484 2545 natus
509 2514 568 2556 eft,
599 2519 643 2549 ita
659 2519 739 2549 heres
753 2518 938 2559 imbuimur,
961 2529 1036 2551 stvE

167 2564 250 2587 v1vo
278 2563 348 2593 ME,
380 2564 454 2586 SIVE
483 2565 650 2597 monium,
674 2568 788 2592 NATUS
806 2570 953 2600 FUERIT,
978 2570 1038 2592 ΗΕ-

168 2605 232 2628 REs
258 2605 360 2634 ESTO,
385 2602 437 2627 aut
461 2599 550 2628 etiam
573 2604 667 2638 pure,
690 2603 819 2632 neutrius
835 2604 969 2642 temporis
988 2603 1038 2634 ha-

169 2639 233 2668 bita
259 2638 384 2668 ratione.
430 2637 464 2668 Si
487 2639 628 2670 alteruter
646 2641 727 2681 casus
745 2643 855 2682 onizffics
867 2644 986 2682 suerit,
1007 2655 1036 2676 eo

168 2678 236 2719 casu
253 2701 264 2717 ,
295 2679 344 2719 qui
364 2677 474 2719 omzffus
494 2678 553 2718 stt,
575 2686 663 2711 natus
679 2684 788 2722 rumpit
807 2681 1008 2722 testamentum
1027 2697 1037 2717 :

170 2721 240 2761 quia
264 2719 311 2750 hic
333 2717 418 2759 filius
442 2729 495 2750 nec
512 2720 569 2762 fich
592 2723 754 2754 conditione
786 2726 900 2765 quidem
905 2727 1037 2766 scriptur

168 2761 248 2792 heres
264 2761 463 2803 intelligitur,
491 2763 539 2803 qui
566 2763 598 2793 in
615 2763 690 2794 hunc
705 2764 800 2805 cusum
817 2765 966 2806 nascitur,
987 2769 1036 2807 qui

168 2811 225 2833 nori
246 2799 286 2842 est
305 2799 472 2842 testamento
493 2804 636 2844 adprehen
650 2814 691 2836 us.
736 2805 924 2844 Postumus,
948 2816 987 2838 ne
1007 2818 1033 2838 a·

168 2844 318 2883 gnatione
342 2841 387 2874 sui
408 2842 627 2876 testamentum
652 2855 794 2887 rumpat,
830 2847 1037 2880 instituendus

168 2883 214 2915 est
233 2884 283 2915 vel
299 2883 534 2917 exheredandus
550 2908 562 2924 ‚
585 2886 791 2919 instituendus
815 2897 919 2920 autem
934 2888 979 2920 est
997 2899 1038 2921 cx

169 2923 241 2962 Jure
259 2924 358 2957 Civili
376 2925 439 2957 five
453 2927 605 2967 antiquo,
628 2928 680 2960 vel
697 2937 743 2960 eit:
760 2928 845 2971 Lege
861 2930 949 2969 junia
962 2930 1036 2961 Vci-

170 2964 247 3003 leja3
271 2975 310 2997 cx<
335 2967 402 3006 jure
433 2968 586 3008 antiquo,
605 2969 637 3010 ,fi
657 2969 800 3002 nascatur
815 2970 886 3011 post
901 2975 1037 3002 mortem

173 3003 327 3037 testatoris
346 3031 356 3045 ,
387 3017 427 3039 ex
459 3008 544 3050 Lege
572 3010 711 3050 Velleja,
736 3011 763 3043 fi
783 3013 854 3052 post
873 3013 1037 3043 conditum

172 3043 387 3079 testari-rentum
399 3072 408 3087 ‚
435 3058 470 3080 ut
488 3049 556 3081 lut-c
570 3050 662 3083 habet
684 3051 836 3093 Ulpianus
853 3053 911 3084 Tit.
925 3052 1035 3085 XXII.

173 3084 293 3126 fragm.
316 3087 342 3126 §.
368 3097 415 3124 19.
447 3091 478 3121 ὅ(
503 3091 576 3122 alibi
598 3092 703 3133 paffim
722 3094 836 3134 scripta
852 3093 932 3126 sunt.
979 3094 1037 3135 lgi-

172 3132 240 3162 tur,
261 3133 294 3155 ut
312 3126 468 3161 institutio
484 3130 619 3171 postumi
642 3134 725 3165 reste
744 3141 837 3175 atque
853 3135 1035 3175 ordinefiat,

171 3172 300 3205 oportet
318 3165 496 3202 testatorem
520 3174 664 3206 oratione
684 3174 735 3207 sua
751 3183 919 3216 utrumque
934 3176 1037 3208 casum
1061 3183 1064 3186 ⁴

170 3205 335 3247 complecti
361 3229 370 3244 ‚
404 3207 433 3245 fi
467 3213 535 3250 quid
569 3215 641 3246 mihi
674 3216 826 3248 liberorum
860 3225 911 3249 ME
951 3227 1035 3250 ,νινο

1076 2177 1133 2217 ,vel
1158 2177 1323 2212 exhered.

1078 2282 1274 2306 Monruovn
1303 2274 1437 2315 nascetur
1455 2299 1464 2316 ,
1495 2283 1531 2308 ut
1557 2276 1612 2309 ille
1633 2278 1663 2310 in
1687 2277 1706 2310 1.
1728 2285 1782 2320 47.
1804 2277 1831 2320 §.
1856 2286 1882 2311 1.
1900 2273 1943 2320 ff.

1077 2316 1110 2346 de
1135 2314 1245 2346 Hered.
1275 2314 1368 2356 instit.
1401 2317 1475 2357 vel,
1509 2324 1545 2349 ut
1569 2318 1622 2350 hic
1643 2318 1690 2351 est
1710 2320 1791 2361 apud
1809 2319 1944 2361 Pompo-

1077 2357 1183 2395 nium,
1201 2355 1265 2394 five
1282 2367 1326 2388 ‘me
1344 2359 1434 2396 vivo,
1450 2359 1514 2398 five
1529 2367 1635 2391 mortuo
1660 2366 1747 2392 natur
1759 2360 1877 2400 fuerin
1899 2361 1946 2393 ita

1077 2397 1144 2429 fieri
1176 2397 1385 2440 commodifflme
1410 2399 1561 2441 fignificat
1590 2401 1666 2432 Pom
1691 2401 1791 2433 onius.
1827 2400 1945 2443 Addit,

1079 2438 1208 2479 perinde
1224 2445 1325 2470 tamen
1345 2440 1424 2480 effe,
1450 2442 1470 2473 li
1488 2441 1648 2473 institutio
1664 2410 1719 2474 gat
1735 2450 1812 2482 pure
1828 2442 1858 2474 δε
1877 2442 1944 2475 fim-

1078 2479 1230 2521 pliciter,
1262 2482 1391 2512 neutrius
1413 2483 1544 2522 temporis
1570 2482 1672 2514 hahita
1688 2484 1822 2521 ratione,
1855 2481 1944 2516 verbi

1079 2521 1200 2562 gratia,
1222 2523 1326 2563 quicum
1347 2532 1380 2554 ue
1395 2521 1512 2563 posthac
1531 2523 1603 2554 mihi
1627 2530 1713 2555 natus
1721 2523 1822 2563 fuerit
1833 2547 1847 2564 ,
1866 2525 1944 2557 heres

1079 2561 1135 2602 esto
1144 2584 1156 2600 ,
1177 2571 1214 2594 ea
1227 2563 1310 2594 enim
1343 2564 1518 2604 oquutione
1529 2572 1659 2605 uterque
1673 2565 1760 2597 casus
1771 2587 1784 2604 ,
1805 2565 1882 2606 juris
1893 2574 1944 2598 an-

1080 2603 1161 2644 tiqui
1187 2603 1218 2634 &
1242 2602 1336 2643 Legis
1367 2604 1495 2644 Veliejae
1512 2629 1521 2644 ‚
1555 2606 1638 2637 recte
1656 2606 1944 2647 comprehenditur:

1081 2643 1178 2689 Quod
1196 2643 1218 2676 fi
1233 2643 1313 2689 alter
1332 2644 1419 2690 casus
1437 2644 1535 2692 fuerit
1552 2647 1711 2693 expreisus
1724 2669 1733 2687 ,
1756 2648 1835 2680 alter
1851 2648 1944 2684 omise
1986 2653 2002 2694 ⁴,

1080 2684 1150 2722 sus,
1173 2685 1218 2730 is,
1242 2693 1295 2725 qui
1313 2685 1450 2717 nascitur
1469 2687 1541 2719 casu
1560 2688 1695 2728 onusso,
1727 2688 1947 2722 testamentum

1079 2734 1220 2772 rumpit,
1241 2734 1312 2756 nam
1327 2726 1505 2767 postumus,
1529 2729 1581 2769 qui
1603 2729 1764 2762 institutus
1783 2729 1828 2762 est
1847 2739 1888 2762 ex
1901 2730 1947 2772 ju·-

1080 2775 1114 2798 re
1131 2774 1280 2806 antiquO,
1305 2776 1368 2799 non
1384 2767 1527 2801 censetur
1545 2769 1706 2802 institutus
1722 2780 1762 2802 ex
1777 2771 1956 2813 LegeVerr

1527 1113 1643 1154 Vides,
1666 1117 1720 1150 nifi
1732 1117 1942 1158 Justimanum-
1968 1139 1969 1142 =

1612 1321 1676 1354 Dic
1690 1346 1701 1362 ,
1736 1322 1757 1355 fi
1772 1331 1884 1366 potes,
1906 1327 1942 1359 in
1964 1354 1967 1358 .

1560 1486 1647 1519 Inter
1663 1488 1781 1529 aientes
1797 1500 1876 1523 vero
1887 1516 1897 1533 ,
1919 1492 1958 1526 fi,

2002 175 2008 201 i

1079 2807 1156 2846 leja,
1181 2816 1217 2839 ut
1237 2805 1282 2838 est
1312 2810 1391 2849 apud
1415 2809 1545 2842 Paulum
1570 2811 1612 2843 L.
1637 2811 1693 2844 ΙΙΙ.
1721 2812 1853 2845 Sement.
1882 2811 1938 2850 Tit>
1988 2809 2008 2845 “,“

1079 2858 1110 2888 4.
1133 2847 1161 2889 §.
1186 2849 1255 2879 talis
1273 2847 1314 2890 est
1336 2859 1364 2886 9.
1389 2849 1453 2882 five
1469 2874 1479 2890 ,
1513 2860 1548 2883 ut
1575 2852 1620 2884 est
1635 2853 1666 2884 in
1685 2853 1770 2892 aliis,
1794 2853 1823 2896 §.
1842 2863 1891 2886 22.
1914 2833 1947 2887 ὦ
1987 2852 2002 2874 ”

1538 2893 1579 2934 ff.
1604 2895 1638 2926 de
1662 2894 1758 2936 Vulg.
1783 2894 1819 2929 ὅ)
1836 2893 1942 2936 pupilli
1974 2912 1979 2916 ·

1079 2889 1160 2929 apud
1184 2889 1341 2929 Julianum
1367 2892 1398 2923 in
1428 2891 1447 2922 l.
1474 2896 1522 2924 26.

1070 2927 1188 2971 juhstit.
1235 2929 1396 2964 Hactenus
1421 2942 1525 2974 aperta
1554 2944 1682 2977 quoque
1710 2935 1755 2968 est
1780 2929 1946 2978 Pomponii

1080 2971 1251 3010 sententia,
1277 2972 1327 3004 scd
1357 2983 1421 3005 non
1447 2984 1534 3015 aeque
1560 2985 1666 3017 aperta
1687 2976 1732 3008 est
1755 2977 1821 3017 ejus
1837 2977 1944 3016 ratio}

1080 3012 1172 3043 aliam
1187 3034 1198 3050 ,
1233 3022 1325 3053 quam
1350 3013 1414 3055 ipse
1436 3015 1541 3056 dedit,
1564 3025 1707 3058 quaerunt
1722 3017 1942 3060 Imenaretes,

1079 3053 1213 3084 immane
1228 3063 1377 3094 quantum
1397 3057 1643 3097 tumultuantes,
1676 3058 1758 3099 apud
1772 3058 1946 3094 Antonium

1079 3093 1263 3126 Merendam
1296 3095 1335 3127 L.
1367 3095 1424 3129 JV.
1459 3098 1637 3140 Controversl
1674 3099 1745 3140 Jur.
1783 3100 1814 3131 C.
1838 3097 1944 3140 4.wsed

1081 3135 1163 3166 ratio
1190 3135 1358 3177 Pomponii
1388 3137 1457 3169 haec
1483 3138 1549 3171 est:
1573 3142 1641 3181 quia
1657 3140 1704 3171 hic
1717 3140 1801 3180 filius
1820 3150 1873 3172 nec
1885 3140 1943 3181 stab

1079 3177 1241 3208 conditione
1269 3179 1382 3218 quidem
1397 3179 1528 3220 scriptus
1558 3180 1638 3212 heres
1666 3181 1869 3223 intelligitur,
1892 3181 1941 3220 qui

1078 3218 1111 3249 iii
1127 3217 1202 3248 hunc
1220 3226 1315 3260 crisma
1329 3220 1478 3259 nascitur,
1504 3222 1554 3261 qui
1574 3231 1631 3253 non
1656 3220 1697 3262 eft
1711 3221 1876 3262 testamento
1891 3223 1942 3251 ad—

1882 3267 1943 3301 ἴυγξ,
