2008 3436
224 117 293 160 376
467 115 866 152 CORNELII
941 123 1048 150 VAN

224 201 325 239 teritis
344 201 557 240 Calvinianis,
579 204 617 235 ab
638 202 786 236 intestato
806 202 944 242 alioquin
962 201 1080 232 succes-

222 242 320 280 suris,
344 242 469 276 heredes
491 244 623 276 instituti
648 244 734 282 sunt,
760 252 823 274 non
842 251 963 274 tantum
983 242 1082 281 jurare

224 292 379 323 cogantur
399 307 408 322 ,
446 285 524 318 nihil
547 286 619 318 fidei
649 285 708 316 suae
735 284 796 314 effe
826 283 1021 315 commissum
1051 283 1081 313 in

224 324 367 356 fraudem
389 326 420 357 d.
444 325 564 364 EdiCti,
590 326 641 358 sed
664 328 713 363 δε,
736 324 845 356 fraude
865 325 986 356 deteeta
1000 347 1009 362 ,
1036 323 1080 354 in-

225 365 322 397 famia
340 366 370 397 &
394 367 565 407 quadruplo
593 367 774 398 multentur.
820 365 897 397 Non
918 373 1020 396 tamen
1038 374 1082 394 ar-

224 407 363 447 ripienda
386 407 431 439 est
453 408 597 446 occatio,
622 416 657 438 ut
687 407 779 439 nimis
802 407 834 438 in
861 406 939 438 hanc
962 415 1033 450 reni
1048 404 1081 435 fi-

224 457 295 479 mus
320 448 438 480 creduli
459 473 465 485 ,
497 450 528 480 ὅ(
557 457 674 480 temere
692 471 701 485 ‚
736 448 886 490 quidquid
912 454 1051 478 occurrit
1069 468 1078 482 ,

222 489 298 520 odio
320 490 481 529 religionis
505 490 536 521 in
570 489 716 521 sinistram
749 497 870 529 partem
898 488 1081 527 interprete-

221 539 302 561 mur.
347 530 464 572 Accipe
489 531 665 571 exemplum
681 553 689 567 ‚
713 530 820 570 quod,
844 539 894 561 me
922 528 1051 560 Praelide
1070 551 1079 565 ,

219 571 370 602 Senatum
393 572 579 611 Supremum
598 572 778 612 occupavit.
823 571 923 611 Virgo
940 570 1081 610 quaedam

222 611 465 643 sanctimonialis
493 611 571 651 (een
599 612 741 653 Kloppe)
773 622 842 653 quae
863 610 1022 643 habitabat
1049 611 1080 641 in

221 653 371 684 coenobio
395 652 570 693 Religionis
589 653 766 685 Pontificiae
793 654 822 684 in
841 662 922 693 pago
944 651 1081 692 quodam

221 692 400 725 Hollandiae
416 694 572 732 Borealis,
595 704 624 731 9.
650 693 734 726 Nov.
763 703 853 736 1730.
877 693 966 725 nullo
988 691 1080 737 scrip-

221 743 256 765 to
274 733 412 771 haerede,
433 734 615 775 {impliciter
630 734 797 767 constituit
813 735 935 767 Titium
953 735 981 764 ὁὶ
999 734 1081 765 Mae-

220 776 329 813 vium,
366 775 554 807 Pontificios
573 800 582 815 ,
619 786 679 817 qua
704 784 861 808 curatores
900 775 1080 806 hereditatis

221 815 283 847 suoe
305 838 314 852 ‚
350 816 379 847 ἃ
401 817 513 856 jubet,
538 816 568 848 se
594 825 748 849 mortuam
774 817 940 858 sepelirent
959 838 969 853 ,
999 814 1082 847 bona

220 856 350 889 mobilia
365 858 393 888 dt
410 858 582 890 immobilia
598 859 803 899 possiderent,
818 857 993 889 immobilia
1008 866 1081 888 ven-

221 898 348 937 derent,
376 899 405 930 &
422 909 462 930 ex
486 909 595 932 eorum
620 901 723 940 pretio
743 900 913 931 retinerent
938 907 987 929 eas
1002 897 1082 929 sum-

221 948 286 971 mas
301 962 310 977 ‚
347 949 420 980 quas
449 940 514 981 ipsa
537 942 735 973 curatoribus
759 940 891 972 debebat
915 939 1082 971 secundum

222 980 429 1021 chirographa
442 1004 452 1019 ,
476 991 510 1012 ea
525 983 564 1013 de
585 992 618 1013 re
634 982 735 1021 faeta,
761 983 791 1014 ὅ(
807 991 845 1013 ne
864 981 1008 1021 cuiquam
1028 981 1081 1011 ho-

219 1021 339 1053 minum
366 1022 641 1054 administrationis
660 1022 720 1054 suaa
746 1023 884 1054 rationes
907 1021 1080 1052 redderent.

220 1062 381 1095 Defuncta
398 1064 451 1095 illa
470 1064 600 1105 Virgine
617 1073 778 1096 curatores
802 1063 1005 1096 hereditatem
1027 1071 1081 1093 oc-

223 1112 360 1145 cupant,
375 1114 412 1135 ac
431 1105 581 1146 praedium
598 1105 752 1146 quoddam
769 1104 989 1136 hereditarium
1007 1112 1080 1134 ven-

220 1145 318 1183 dunt,
344 1146 503 1186 &injure
521 1146 636 1177 cedunt
661 1146 788 1178 nomine
815 1145 980 1182 heredum,
1014 1153 1078 1175 non

221 1187 369 1227 expressis
386 1187 534 1219 heredum
558 1188 748 1218 nominibus.
793 1185 981 1225 Supervenit
994 1185 1079 1215 dein-

219 1228 258 1258 de
279 1227 480 1268 Sempronius
506 1228 708 1259 Calvinianus
723 1251 731 1265 ‚
755 1228 916 1267 proximus
930 1249 940 1263 ‚
965 1234 999 1256 ut
1021 1225 1079 1264 aje-

218 1269 293 1308 bat,
316 1268 472 1300 defunCtae
489 1277 662 1309 cognatus,
687 1269 716 1299 <St
737 1276 850 1299 contra
866 1268 937 1298 illos
954 1275 1077 1297 curato-

219 1319 269 1341 res
278 1310 356 1350 apud
374 1310 521 1341 Senatum
540 1308 605 1349 agit
622 1308 780 1341 Interdicro
800 1318 917 1350 quorum
931 1309 1076 1346 bonorum,

221 1351 252 1382 δε
284 1350 365 1391 petit
400 1350 595 1381 fiduciariam
631 1350 813 1382 hereditatis
847 1348 1074 1390 Poll'essionem.

219 1391 390 1423 Curatores
416 1391 447 1422 in
472 1392 721 1423 reconventione
749 1391 982 1422 contendebant
999 1414 1008 1429 ,
1042 1398 1078 1420 ut

221 1442 279 1473 qua
295 1440 454 1463 curatores
473 1431 716 1464 defenderentur
733 1433 764 1464 in
785 1442 823 1463 eo
839 1432 947 1463 officio
959 1454 968 1469 ,
991 1440 1077 1471 para-

220 1475 263 1511 ti,
288 1472 415 1504 simulac
438 1473 640 1505 hereditatem
667 1475 704 1504 ad
727 1473 881 1514 liquidum
917 1473 1078 1513 perduxis-

216 1513 306 1551 sent,
330 1514 604 1547 administrationis
627 1514 686 1546 suae
702 1515 854 1547 rationem
878 1514 1026 1552 reddere,
1050 1515 1080 1545 ἂ

217 1555 424 1587 hereditatem
454 1555 616 1587 restituere
631 1556 836 1597 Sempronio,
860 1555 922 1587 five
939 1565 979 1587 ex
999 1554 1078 1593 affe,

217 1596 281 1628 sive
307 1606 364 1637 pro
391 1606 429 1627 ea
450 1605 562 1637 parte,
593 1607 663 1638 quae
691 1597 744 1638 ipsi
771 1597 956 1635 deberetur,
980 1597 1078 1637 petita

216 1647 341 1678 quoque
359 1637 518 1669 fiduciaria
537 1638 720 1680 poss‘ess'ione
730 1638 812 1678 quod
829 1638 866 1669 ad
883 1638 913 1669 id
923 1637 1073 1669 officium.

217 1679 326 1722 Quum
349 1679 551 1719 Sempronius
576 1679 645 1711 satis
668 1678 842 1720 probasset,
879 1678 909 1711 se
942 1678 1003 1710 effe
1025 1688 1079 1709 co-

215 1728 343 1760 gnatum
361 1719 516 1752 defunCtae
527 1743 537 1758 ,
553 1721 582 1752 ὃ(
597 1721 651 1752 alii
669 1731 733 1753 non
750 1719 781 1752 su
805 1721 999 1758 ervenirent,
1014 1730 1079 1752 non

217 1759 263 1792 est
284 1761 456 1793 laboratum
484 1761 524 1793 de
549 1762 708 1793 fiduciaria
730 1765 772 1802 po
801 1762 915 1794 effione
939 1762 970 1793 in
992 1760 1076 1793 Con-

216 1802 369 1833 ventione
393 1803 619 1842 adjudicanda,
643 1803 758 1835 etiamsi
784 1803 813 1834 dt
834 1804 865 1834 in
889 1802 1076 1834 Reconven-

216 1845 306 1874 tione
332 1843 535 1884 adjudicanda
559 1844 636 1876 essct
655 1868 664 1883 ,
700 1846 773 1885 quia
799 1845 971 1884 judicatum
999 1843 1044 1876 est
1066 1866 1077 1882 ,

215 1893 376 1916 curatores
403 1884 465 1917 five
488 1893 677 1917 executores
703 1895 765 1917 non
785 1885 872 1926 posse
889 1885 1015 1916 heredes
1030 1895 1076 1917 ar-

216 1935 289 1957 cere
315 1926 352 1958 ab
378 1926 576 1966 hereditate,
614 1926 635 1959 si
661 1936 724 1958 non
750 1927 940 1959 nominatim
966 1934 1077 1958 contra

214 1975 343 1998 cautum
362 1967 408 1999 fit.
455 1968 561 2009 Magis
579 1968 755 1999 laboratum
770 1967 826 2009 ‚est
843 1968 881 1998 de
903 1977 1076 1999 reconven-

215 2009 304 2038 tione
321 2031 330 2045 ,
353 2018 433 2049 ¹nain
459 2009 641 2049 quibusdam
667 2009 869 2041 Senator-ibus
893 2009 960 2040 liaec
987 2008 1077 2040 causa

216 2049 295 2079 adeo
311 2049 428 2081 fraudis
446 2051 537 2089 plena
557 2050 744 2087 videbatur,
767 2059 800 2082 ut
820 2050 914 2081 etiarn
936 2051 966 2082 in
981 2051 1076 2091 pleno

215 2088 399 2130 possefforio
414 2099 525 2122 contra
549 2100 708 2123 curatores
723 2091 772 2130 jus
793 2091 855 2122 dici
871 2090 956 2129 posse
972 2090 1078 2123 existi-

214 2139 344 2162 marent.
382 2130 448 2162 lllis
465 2132 668 2162 Senatoribus
686 2131 862 2172 persuasum
879 2141 964 2171 erat,
987 2133 1076 2164 fimu-

215 2172 280 2203 late
297 2172 326 2203 ὅ(
343 2171 533 2203 clandestine
551 2172 581 2203 id
596 2172 697 2203 astum
717 2172 798 2211 effe,
825 2183 860 2204 ut
876 2173 958 2204 bona
975 2173 1077 2214 Virgi-

214 2213 262 2244 nis
279 2213 478 2253 pervenirent
494 2213 531 2244 ad
554 2213 758 2251 coenobium,
782 2214 811 2245 in
838 2224 900 2254 quo
918 2214 1076 2246 habitave-

215 2263 284 2290 rat,
308 2253 382 2284 satis
405 2254 434 2284 id
459 2263 628 2294 apparere,
675 2256 725 2285 uia
748 2264 811 2286 non
837 2256 915 2287 alius
943 2256 994 2287 liic
1012 2263 1077 2288 erat

215 2294 349 2332 scriptus
374 2293 487 2333 hei-cs,
519 2296 591 2335 quia
618 2304 649 2325 te
679 2304 727 2326 ata
750 2304 817 2327 erat
843 2296 943 2337 Virgo
963 2297 1077 2328 Sancti-

216 2335 380 2374 monialis,
399 2336 470 2376 quia
486 2345 645 2369 curatores
659 2334 864 2369 constituerat
880 2338 1078 2379 pontificios,

841 2429 1194 2465 CAPUT

1122 114 1720 152 BYNKERSHOEK

1123 210 1203 241 quos
1219 202 1313 234 etiam
1330 202 1465 233 retinere
1479 201 1605 241 jusserat
1623 212 1662 234 ex
1686 200 1875 242 hereditate,
1897 207 1979 247 quod

1124 243 1177 274 fibi
1193 243 1383 281 debebatur,
1397 244 1428 274 in
1443 251 1536 283 quam
1551 252 1615 274 rem
1632 243 1728 275 facile
1744 252 1808 275 erat
1827 244 1901 277 falsa
1913 247 1977 278 chi-

1124 284 1274 325 rographa
1300 284 1471 323 subjicere,
1495 283 1525 314 &
1546 284 1617 324 quia
1645 284 1717 316 illos
1741 293 1902 317 curatores
1922 297 1978 318 vo-

1125 325 1223 356 luerat
1246 324 1308 356 effe
1335 323 1542 366 aneclogistos
1559 347 1568 362 ,
1594 325 1624 356 ὅ(
1647 325 1718 366 quia
1746 326 1775 357 hi
1788 348 1799 364 ,
1822 326 1979 367 suppresso

1125 366 1253 396 nomine
1278 366 1449 404 heredum,
1482 365 1634 407 praedium
1668 365 1793 405 aliquod
1825 368 1976 400 heredita-

1125 406 1205 437 rium
1224 406 1425 438 vendiderant
1442 407 1472 438 <St
1490 408 1521 438 in
1540 407 1608 446 jure
1626 406 1787 439 cess'erant.
1812 407 1978 442 Habebant

1125 446 1194 478 sane
1214 447 1277 478 illae
1294 447 1429 479 rationes
1457 446 1545 480 suum
1560 448 1682 488 pondus
1695 470 1704 484 ,
1728 447 1776 480 sed
1793 456 1893 481 tamen
1909 450 1976 490 plu-

1123 487 1193 518 rimi
1209 488 1373 519 Senatores
1394 496 1505 520 contra
1522 488 1768 529 respondebant,
1786 489 1870 528 rati,
1892 489 1978 530 poss'e

1123 537 1218 568 quem
1241 529 1392 560 decedere
1417 530 1478 561 fine
1503 529 1621 570 scripto
1645 529 1757 560 herede
1775 555 1783 565 ‚
1817 530 1976 571 Virginem

1124 569 1396 601 Santtimonialem
1414 579 1479 602 non
1504 570 1565 601 esse
1581 570 1788 602 intestabilem
1813 571 1855 603 ob
1871 580 1920 603 eas
1933 582 1977 604 ra-

1126 611 1244 646 tiones,
1270 620 1343 650 quas
1367 611 1511 650 expediet
1528 611 1653 652 sequens
1678 611 1778 652 Caput.
1823 612 1872 644 Ex
1897 613 1975 653 adje-

1123 651 1181 682 ctis
1206 651 1349 683 clausulis
1373 651 1578 692 suspicionem
1602 652 1727 692 quidem
1751 651 1868 686 fraudis
1892 653 1976 694 este,

1123 691 1174 723 sed
1199 702 1261 724 non
1285 692 1520 732 probationem3
1542 692 1666 733 jusserat
1690 701 1848 726 curatores
1867 695 1978 727 retine-

1124 743 1158 765 re
1180 757 1189 772 ‚
1224 734 1307 774 quod
1330 733 1384 765 sibi
1410 733 1580 765 debebatur
1602 758 1612 773 ,
1647 742 1679 765 at
1697 734 1717 766 fi
1741 745 1805 767 non
1826 735 1985 776 jussisset,-

1123 774 1204 806 idem
1225 776 1334 815 utique
1348 774 1456 806 fuiss'et
1471 775 1565 814 iuris,
1589 775 1610 807 si
1634 783 1793 808 curatores
1820 776 1975 818 chirogra-

1124 816 1184 856 pha
1199 815 1363 856 proferant
1379 815 1515 856 suspetia
1533 838 1543 854 ,
1566 817 1651 858 quod
1674 816 1773 848 adhuc
1790 826 1857 849 erat
1878 817 1975 850 incer-

1126 866 1190 888 tum
1202 881 1211 895 ‚
1237 857 1257 888 si
1274 856 1390 888 secreta
1407 857 1571 896 mandata,
1594 857 1615 889 si
1633 857 1692 889 alia
1707 867 1866 897 metuant,
1889 859 1976 892 locus

1123 897 1168 930 est
1188 898 1379 938 J'urijurando
1407 907 1447 929 ex
1471 898 1500 929 d.
1525 898 1638 930 Edicto
1670 902 1762 938 1655,
1787 900 1816 931 δι
1841 909 1881 930 eo
1902 909 1976 941 prae—

1124 938 1219 977 stim,
1244 938 1432 978 evanescet,
1457 939 1607 979 quicquid
1631 939 1675 972 est
1701 940 1978 982 praesumptionum

1125 981 1154 1012 δι
1172 980 1391 1021 suspicionum.
1439 980 1590 1012 Voluerat
1617 981 1735 1022 Virgo,
1759 991 1919 1014 curatores
1932 991 1977 1015 es-

1123 1021 1153 1054 se
1171 1021 1397 1063 aneclogistos,
1422 1020 1473 1053 sed
1488 1022 1518 1054 <Sc
1540 1023 1602 1053 sine
1617 1021 1725 1053 fraude
1745 1022 1806 1054 hoc
1825 1023 1976 1064 velle'po-

1125 1070 1224 1101 terat,
1250 1063 1373 1094 tollitur
1397 1064 1479 1094 enim
1498 1085 1510 1100 ,
1533 1064 1655 1094 caeteris
1679 1062 1790 1101 salvis,
1810 1073 1846 1095 ea
1870 1064 1980 1096 condi·

1123 1104 1169 1135 tio
1187 1104 1207 1134 l.
1231 1112 1262 1143 5.
1287 1102 1314 1145 §.
1341 1113 1369 1144 7.
1388 1103 1428 1144 ff.
1452 1105 1486 1134 de
1502 1104 1626 1135 Arimin.
1651 1103 1788 1145 &peria
1814 1111 1869 1137 tut.
1894 1105 1978 1146 &ip-

1123 1144 1144 1175 fi
1159 1153 1321 1176 curatores
1345 1147 1375 1175 in
1400 1145 1508 1176 libello
1527 1145 1554 1176 ei
1581 1145 1755 1177 conditioni
1776 1146 1978 1178 renunciave-

1122 1193 1199 1216 rant.
1224 1185 1437 1215 Vendiderant
1454 1186 1483 1216 dt
1511 1186 1541 1215 in
1560 1185 1625 1224 jure
1641 1185 1790 1218 cess'crant
1807 1187 1884 1218 illud
1901 1197 1977 1228 prte-

1120 1225 1206 1256 dium
1223 1227 1336 1255 nomine
1351 1226 1503 1262 heredum,
1526 1224 1577 1256 sed
1595 1226 1680 1257 sorte
1697 1228 1769 1267 quia
1795 1227 1979 1268 ignorabant

1121 1265 1174 1297 ubi
1201 1266 1335 1297 laterent
1353 1289 1362 1304 ,
1399 1275 1439 1296 ex
1463 1275 1502 1295 eo
1520 1265 1589 1297 sane
1615 1267 1695 1298 effici
1721 1277 1831 1308 nequit
1846 1291 1856 1306 ,
1879 1267 1979 1308 ipsum

1121 1307 1301 1338 coenobium
1317 1306 1410 1338 fuisse
1429 1306 1616 1338 institutum.
1660 1307 1758 1347 Igitur
1773 1309 1912 1350 plerique
1925 1309 1977 1342 Se·

1120 1356 1267 1386 natores,
1289 1348 1360 1388 quia
1381 1348 1541 1379 fiduciaria
1563 1347 1725 1389 poffeffio,
1751 1350 1908 1390 utrimque
1924 1359 1977 1393 pe-

1123 1389 1201 1427 tita,
1224 1388 1277 1421 fibi
1303 1389 1442 1421 invicem
1460 1398 1522 1420 non
1550 1389 1787 1430 adversabatur,
1812 1399 1879 1422 eam
1900 1400 1977 1432 quo-

1122 1439 1181 1470 que
1209 1430 1332 1471 utrique
1355 1431 1434 1471 parti
1459 1430 1674 1471 adjudicarunt
1703 1440 1756 1473 31.
1780 1431 1857 1472 Mai.
1887 1441 1978 1475 1732.

1123 1472 1168 1511 (9
1191 1513 1348 1553 riusquam
1371 1513 1477 1545 finiam
1491 1536 1499 1551 ,
1522 1523 1654 1555 quaem,
1678 1523 1716 1545 an
1741 1513 1772 1544 id
1787 1512 1931 1547 Edictum
1944 1523 1998 1562 4.

1122 1553 1202 1595 Maj.
1230 1558 1320 1594 1655.
1345 1556 1438 1586 etiam
1460 1556 1614 1596 pertineat
1637 1554 1674 1585 ad
1695 1555 1769 1586 illos
1786 1554 1976 1588 Ecclesiasti-

1121 1604 1197 1634 cos,
1221 1598 1273 1636 qui
1290 1595 1344 1627 sub
1362 1596 1449 1637 Rege
1474 1595 1694 1636 Hispaniarum
1710 1596 1850 1637 degunt?
1870 1596 1980 1644 Quid,

1119 1636 1259 1678 inquies,
1280 1637 1420 1675 dubitas,
1445 1646 1516 1668 cum
1532 1637 1666 1669 Ordines
1687 1636 1717 1668 in
1732 1645 1772 1668 eo
1785 1636 1900 1670 Edicto
1913 1647 1978 1671 non

1123 1677 1236 1717 semel,
1261 1678 1312 1709 sed
1331 1679 1445 1710 iterum
1460 1678 1636 1718 iterumque
1651 1677 1806 1718 dixerint,
1831 1678 1863 1710 id
1881 1679 1979 1712 etiam

1122 1719 1184 1751 esse
1208 1720 1429 1760 porrigendum
1453 1719 1490 1750 ad
1515 1717 1752 1751 Ecclesiasticos
1769 1740 1781 1757 ,
1810 1719 1864 1761 qui
1887 1729 1977 1752 extra

1121 1760 1325 1792 Hollandiam
1346 1761 1486 1793 habitant
1499 1760 1515 1792 ἱ)
1539 1760 1600 1792 Sed
1616 1759 1875 1800 quemadmodum
1893 1762 1926 1793 in
1945 1761 1976 1802 ἓ.

1121 1811 1172 1844 33.
1199 1801 1388 1834 induciarum
1403 1803 1480 1833 inter
1507 1802 1664 1833 Alherzum
1680 1800 1716 1836 ὃ)
1732 1800 1859 1834 Ordines
1878 1803 1974 1834 Gene-

1120 1844 1196 1874 ναίω
1216 1851 1427 1880 convenerat,
1449 1850 1484 1874 ut
1511 1843 1672 1883 utriusque
1696 1841 1808 1874 subditi
1824 1843 1975 1886 cujuscun-

1120 1893 1172 1925 que
1190 1886 1364 1916 condicionis
1378 1890 1429 1915 aut
1448 1884 1621 1925 qualitatis,
1644 1891 1707 1915 tam
1723 1892 1763 1915 ex
1778 1883 1976 1924 testamento,

1120 1935 1212 1966 quam
1234 1927 1271 1957 ab
1295 1924 1442 1957 intestato
1459 1948 1468 1964 ,
1505 1925 1537 1956 in
1560 1924 1688 1957 alterius
1710 1924 1843 1957 Ditione
1865 1935 1977 1967 capere

1121 1966 1266 2008 possent,
1300 1967 1344 1998 ita
1372 1966 1449 1998 &id
1472 1976 1504 1998 re
1528 1967 1641 1997 etitum
1667 1975 1718 2006 30.
1740 1965 1806 2006 Jan.
1832 1970 1919 2007 1648.
1944 1967 1977 1999 in

1143 2033 1150 2039 .
1175 2011 1227 2039 62.
1252 2007 1378 2039 Foecieris
1399 1975 1638 2048 Morzasserknfis
1660 2010 1738 2038 inter
1761 2006 1976 2049 Hispaniarum

1154 2059 1235 2092 egem
1258 2049 1294 2084 ὃ)
1322 2049 1450 2080 Ordines
1477 2049 1644 2080 Generales.
1691 2047 1823 2080 Constat
1850 2057 1976 2088 autem,

1118 2090 1240 2128 foedus,
1263 2090 1423 2130 uti-iusque
1438 2090 1606 2121 voluntate
1620 2087 1841 2129 constitutum,
1864 2090 1976 2122 alteru-

1121 2132 1198 2164 trius
1212 2131 1331 2163 Editus
1349 2131 1421 2162 tolli
1439 2140 1503 2163 non
1520 2130 1624 2171 poss'e,
1638 2138 1732 2175 atque
1747 2131 1791 2161 ita
1809 2131 1908 2170 magis
1919 2129 1977 2170 est,

1119 2182 1156 2204 ut
1171 2174 1330 2209 dicamus,
1351 2171 1380 2203 d.
1404 2171 1551 2204 Edictum
1569 2180 1706 2204 exerceri
1723 2180 1787 2203 non
1803 2171 1889 2212 poss'e
1903 2181 1977 2204 con·

1121 2222 1168 2245 tra
1189 2212 1425 2246 Ecclesiasticos
1439 2237 1448 2252 ,
1472 2214 1523 2254 qui
1553 2212 1646 2253 Regis
1665 2210 1882 2253 Hispaniarum
1906 2211 1977 2246 sunt

1121 2254 1248 2287 subditi.
1292 2254 1398 2293 Adde,
1422 2264 1493 2295 quae
1509 2254 1568 2286 alia
1590 2252 1754 2285 occasione
1774 2254 1804 2285 in
1826 2254 1976 2286 hancrem

1120 2296 1274 2337 disputavi
1297 2295 1338 2326 L.
1365 2295 1401 2327 ll.
1432 2293 1540 2341 Quceft.
1575 2295 1646 2336 Jtcr.
1680 2293 1766 2340 Puhlt
1793 2295 1825 2326 C.
1850 2304 1901 2347 30.
1922 2292 1975 2327 sed

1120 2337 1204 2380 quod
1221 2337 1263 2370 ibi
1280 2336 1443 2376 dicebam,
1469 2337 1521 2369 hic
1541 2336 1646 2368 dicere
1663 2344 1726 2367 non
1746 2335 1832 2367 licet.

1297 2429 1356 2464 ΙΙ.

578 2516 630 2552 An
657 2514 697 2557 &³
722 2523 876 2562 quatenus
900 2494 1067 2564 Pontificiz'
1091 2515 1309 2564 Ecclefiastici
1333 2513 1446 2563 testari
1468 2515 1612 2562 queam?

284 2617 292 2648 i
310 2617 341 2648 id
357 2641 367 2657 ,
392 2618 432 2649 de
450 2627 514 2660 quo
537 2619 704 2659 quaeritur,
729 2630 769 2652 ex
787 2620 853 2652 sola
867 2621 989 2653 ratione
1003 2622 1078 2654 defi-

296 2659 442 2691 niendum
461 2659 556 2698 essct,
571 2669 635 2691 non
651 2661 887 2699 animadverto,
902 2672 957 2694 cur
973 2663 1078 2695 Ponti-

218 2701 284 2733 ficii
302 2699 513 2732 Ecclefiastici
539 2701 577 2732 de
601 2700 692 2732 bonis
711 2700 770 2733 suis
792 2700 892 2733 testari
913 2703 993 2734 haud
1009 2713 1077 2744 pos-

218 2741 288 2774 iint.
332 2742 364 2773 Si
387 2751 445 2783 qua
477 2743 507 2774 δε
532 2742 582 2773 hic
609 2742 659 2774 lex
686 2741 782 2781 esset,
807 2743 906 2783 qualis
921 2744 952 2775 in
970 2742 1079 2777 Geli-ia

217 2789 413 2815 memoratur
432 2792 473 2815 ex
488 2783 604 2815 Edicto
627 2784 698 2814 anni
724 2787 813 2823 1624.
838 2782 881 2824 (1
894 2783 912 2826 )
925 2794 963 2815 ne
980 2784 1079 2817 Cleri-

218 2825 264 2856 cis
286 2824 397 2855 liceret
417 2824 502 2856 bona
528 2823 703 2856 immobilia
721 2824 874 2863 alienare,
900 2825 971 2856 inde
994 2825 1079 2858 sorte

218 2863 380 2904 effeceris,
405 2865 444 2896 de
474 2865 536 2897 illis
562 2865 655 2897 bonis
682 2865 719 2897 iis
770 2874 872 2907 uoque
895 2875 958 2898 non
983 2867 1078 2899 licere

217 2905 405 2938 testamento
427 2906 571 2938 statuere.
615 2907 675 2938 Sed
694 2907 726 2938 in
777 2906 912 2940 ollandia
930 2907 1078 2947 constat,

220 2946 365 2979 Clericos
391 2947 474 2979 bona
499 2946 549 2980 sua
571 2948 706 2979 alienare
727 2946 838 2986 posse,
861 2957 954 2989 atque
979 2949 1024 2980 ita
1048 2950 1078 2981 ἃ

218 2987 360 3020 constare
384 2988 537 3028 debebat,
563 2989 658 3020 ctiam
685 2988 869 3021 testamento
893 2999 928 3020 ca
945 2990 1077 3031 relinqui

215 3028 302 3067 posse
321 3051 331 3066 ,
361 3037 396 3060 ut
421 3031 451 3061 ἃ
477 3030 522 3061 ait
549 3029 592 3062 vl]
621 3030 691 3061 Cum
719 3027 820 3070 Instit.
844 3032 878 3062 cle
902 3030 984 3074 Lege
1009 3030 1077 3073 Fus.

216 3069 313 3100 Canni
329 3070 390 3101 toll.
414 3070 629 3112 Reipublicae,
647 3071 743 3103 etiam
761 3070 960 3115 Pontificiae,
984 3073 1076 3107 inter-

252 3187 312 3227 (9)
333 3188 441 3228 Olzferv.
464 3190 580 3224 Tumulc.
605 3193 637 3225 T.
656 3194 707 3225 lx.
728 3203 753 3226 n.
778 3195 859 3228 2698.

1123 2621 1188 2661 est,
1220 2631 1260 2653 ne
1282 2618 1486 2653 Ecclefiastici
1512 2626 1684 2658 eorumque
1708 2618 1776 2650 loca
1798 2619 1848 2660 pia
1872 2629 1908 2652 ac
1932 2620 1976 2652 ui-

1122 2671 1214 2701 rant,
1236 2663 1268 2695 &
1285 2662 1350 2701 ejus
1379 2661 1423 2692 rei
1443 2669 1506 2691 non
1525 2668 1583 2690 una
1602 2659 1681 2690 ratio
1701 2659 1841 2691 redditur
1855 2661 1886 2693 in
1933 2661 1978 2693 di-

1123 2704 1197 2742 ctis,
1222 2712 1292 2743 quae
1318 2703 1419 2742 Capite
1433 2700 1563 2741 proximo
1587 2701 1852 2740 commemoravi,
1876 2700 1928 2734 scd
1943 2709 1978 2734 ut

1122 2745 1270 2815 amittang
1285 2743 1317 2815 ᾗ
1331 2743 1486 2780 alienent,
1511 2740 1706 2782 Reipublicae
1725 2743 1822 2784 magis
1839 2741 1975 2784 prodest,

1145 2794 1214 2817 uam
1229 2793 1249 2815 0
1272 2792 1290 2814 e
1319 2808 1325 2815 .
1830 2813 1833 2816 ,

1122 2794 1141 2826 q
1164 2825 1223 2858 Sed
1248 2825 1320 2865 quia
1353 2824 1498 2857 habemus
1528 2823 1674 2855 Edictum
1704 2835 1736 2865 4.
1769 2825 1846 2865 Maj.
1885 2827 1974 2865 1655.

1122 2866 1205 2908 quod
1227 2865 1314 2905 ajunt
1340 2865 1565 2898 Ecclefiasticis
1593 2865 1780 2898 interdicere
1800 2864 1976 2898 testamenti

1119 2907 1309 2945 factionem,
1336 2906 1365 2938 ὅ(
1382 2907 1452 2947 quia
1479 2906 1559 2947 legis
1577 2906 1622 2938 est
1638 2915 1702 2938 non
1720 2906 1876 2947 disputare
1891 2929 1900 2943 ,
1925 2905 1976 2940 scd

1119 2949 1246 2990 jubere,
1268 2947 1402 2988 primum
1424 2947 1464 2978 de
1494 2947 1628 2979 veritate
1652 2956 1825 2988 quaeramus
1849 2957 1889 2979 ex
1910 2947 1976 2989 ipso

1119 2989 1254 3027 Edicto,
1275 2988 1387 3019 deinde
1401 2989 1440 3020 de
1456 2989 1542 3020 varia
1556 2989 1622 3029 eJ'us
1637 2988 1906 3030 interpretatione.
1940 2987 1974 3022 ld

1119 3029 1283 3067 Edffium,
1308 3028 1433 3061 simulac
1449 3029 1568 3061 editum
1589 3028 1655 3067 est,
1679 3028 1786 3062 habuit
1803 3029 1885 3061 hunc
1902 3029 1976 3061 titii-v

1119 3072 1201 3111 lum,
1225 3077 1311 3113 legen
1327 3072 1375 3102 het
1396 3069 1517 3111 testeren
1534 3076 1582 3102 ten
1600 3071 1719 3103 bchoeve
1739 3080 1799 3103 van
1817 3069 1974 3113 geestelyke

1941 3109 1974 3152 of

1161 3192 1223 3231 (1)
1243 3191 1335 3231 Consti.
1355 3191 1391 3224 B.
1416 3191 1447 3223 T.
1469 3193 1492 3223 1.
1512 3191 1606 3231 Confil.
1625 3196 1687 3230 κοῖς
