2008 3436
187 109 257 150 380

549 100 1060 139 GERARDI

1194 103 1578 141 NOODT

186 182 265 223 apud
276 182 669 223 Gentilesfujffelicjtamg
684 181 736 225 (ι)
748 193 820 214 cum
833 183 919 223 ‚ejus
930 182 1052 223 opinio·
1085 181 1140 223 se,
1161 181 1288 224 atquest
1303 190 1355 225 pro
1379 184 1471 216 licitis
1493 186 1631 218 haberent
1652 196 1712 228 quae
1733 189 1786 230 ipsi
1808 202 1949 237 eorumque

186 233 245 262 nc,
263 223 339 256 ess‘et
356 224 568 264 detestabilis,
588 234 665 257 mox
682 225 793 257 deinde
804 234 862 266 pro
872 233 951 254 vero
967 223 1051 268 obti-

186 273 242 295 net
259 266 469 305 contrarium3
487 265 622 298 Nullum
649 266 898 299 Christianorum
922 263 1053 302 dixisse,

185 313 292 345 patres
312 306 364 338 sua
386 316 479 339 aetate
502 307 734 339 adblandientes
758 307 812 340 sibi
822 306 971 348 puerulos
984 306 1053 345 jure

185 347 279 379 licito
292 356 346 380 aut
363 348 473 381 elisisse
491 358 544 380 aut
561 348 752 391 exposuisse:
773 347 823 379 sed
845 348 910 387 ejus
928 346 1053 378 sceleris

186 387 416 421 immanitatem
433 391 461 422 ἃ
474 389 683 431 frequentiam
699 398 821 422 narra-re
833 389 967 429 primum
977 411 988 426 ‚
1003 388 1052 418 de-

189 429 263 462 inde
271 431 435 470 damnare,
444 432 473 463 &
482 440 634 472 praeterea
643 431 730 463 nihil.
743 430 866 470 Objicit
875 439 950 470 ergo
963 428 1054 460 Chri-

188 469 294 504 stianis
305 472 387 512 duo,
401 471 465 514 ipsa
481 474 650 514 pugnantia
658 481 753 513 usque
761 472 856 509 adeo,
876 479 911 501 ut
927 479 990 501 uno
1000 479 1054 500 ve-

189 511 284 552 stigio
304 513 392 546 simul
416 521 572 556 nequeant
595 513 743 546 insistere.
763 512 818 553 (ε)
842 511 1054 556 Hanc-porro

187 553 428 587 inconstantiam
447 566 464 586 a
482 556 549 586 veri
563 554 773 595 intelligentia
790 551 965 597 proficisci,
989 561 1055 584 non

178 595 315 628 resedam
347 605 424 638 ego:
456 606 492 628 ac
528 596 549 628 si
569 595 764 627 contrarium
788 594 878 626 malit
898 593 956 625 Vir
979 593 1054 624 Am-

188 636 358 678 pliffimus;
389 636 505 668 nemini
534 637 566 668 id
589 635 803 678 persuasurum
826 634 972 667 confido:
995 643 1055 666 nec

185 678 285 719 magis
307 685 507 709 extol-turum
536 678 702 719 cuiquam,
735 677 804 709 ullo
825 676 894 717 jure
916 674 947 708 se
968 685 1054 707 erro-

188 718 232 750 ris
262 726 315 750 aut
342 718 497 750 mendacii
524 719 669 751 damnare
701 728 781 760 quos
801 727 839 750 an
861 725 915 749 aut
938 727 995 749 cur
1015 726 1055 749 eo

188 758 314 791 damnet
336 761 483 798 nomine,
507 761 571 801 ipse
590 759 717 792 nesciat.
770 759 830 792 Sed
850 757 996 800 profecto
1016 767 1056 790 ne

187 799 280 832 famae
312 800 562 833 Christianorum
590 809 705 833 noceat
727 800 783 832 ista
807 800 876 833 Viri
900 799 1054 840 Amplissi-

187 842 231 872 mi
256 841 415 873 accusatio
433 841 571 884 duplex;
595 843 614 884 ζ
625 843 664 884 ³)
685 843 820 884 primum
843 842 875 873 in
900 850 988 872 mora
1010 840 1056 872 est

185 882 254 921 ejus
281 883 458 924 ignorantia
486 893 551 917 tam
583 883 746 917 manifesta
771 882 977 915 vacillatione
1011 882 1055 914 in-

186 923 322 956 tellecta.
347 924 477 963 deinde,
499 927 584 966 quod
613 934 724 958 neutra
749 935 789 957 ex
813 934 892 955 vero
912 924 1055 955 colorem

185 964 285 997 ducit.
337 965 382 1007 4)
404 966 533 998 alteram
556 968 640 999 enim
676 967 781 999 vincit
805 965 1056 998 Christianorum

187 1007 304 1039 consen
323 1017 357 1039 us
382 1007 421 1038 de
456 1008 543 1040 licita
570 1018 680 1040 eorum
719 1016 862 1050 tempore
898 1006 1056 1038 infantum

183 1048 386 1089 expositione
416 1058 452 1080 ac
479 1059 586 1089 nece3
617 1060 657 1082 eo
689 1050 848 1087 validius,
880 1047 966 1094 quo-d
985 1047 1024 1093 (ξ
1038 1045 1056 1092 ).

185 1091 344 1121 contraria
368 1090 435 1131 ejus
460 1091 536 1131 juris
566 1092 711 1134 negatio,
737 1091 781 1122 est
804 1089 966 1131 singularis
984 1088 1057 1120 Viri

183 1127 389 1172 Ampliffimi,
414 1133 432 1172 (
441 1131 484 1173 ⁶)
506 1140 574 1165 tum
593 1133 685 1174 hujus
709 1131 861 1173 temporis
876 1154 886 1170 ‚
907 1131 936 1162 ὅ(
957 1131 1056 1162 incer·

184 1180 219 1202 ta
239 1173 341 1213 plane.
387 1172 640 1206 Christianorum
661 1184 740 1206 vero
759 1172 886 1205 affer-tio
910 1170 955 1204 est
977 1170 1056 1202 mul·

184 1219 312 1254 torum,
343 1223 494 1255 praecerea
520 1224 613 1248 vetus
629 1240 639 1256 ,
672 1215 846 1252 unanimis,
880 1212 1026 1258 constans
1043 1234 1053 1250 ,

185 1255 284 1289 etiam
310 1253 490 1288 Gentilium
515 1256 662 1299 suffragio
686 1255 837 1288 suffulta:
873 1262 907 1285 ut
930 1264 962 1285 in
980 1254 1055 1284 loco

186 1297 359 1338 apparebit.
391 1297 490 1329 altera
517 1299 604 1330 omni
625 1306 711 1329 cai-et
730 1295 918 1341 probatione
945 1294 982 1339 ad
1005 1293 1055 1339 de-

186 1338 448 1371 monstrationem
471 1339 621 1372 vanitatis
643 1347 698 1371 aut
726 1337 879 1369 mendacii
906 1333 1056 1381 Christia-

186 1379 239 1412 nis
266 1379 380 1420 objeffi
397 1403 408 1418 ,
441 1379 617 1412 necessaria.
642 1381 661 1420 ζ
673 1380 714 1420 7)
736 1379 814 1410 Sane
829 1386 887 1418 pro
904 1377 958 1422 tali
976 1375 1057 1416 apud

187 1419 239 1453 me
258 1431 323 1453 non
349 1421 440 1451 cedat
461 1420 559 1460 prima
576 1421 646 1453 haec
660 1421 727 1460 eius
742 1419 972 1461 proclamatio,
996 1417 1056 1464 Ve-

190 1468 264 1494 teres
295 1460 472 1500 Christianos
490 1462 567 1501 Jiepe
595 1464 629 1493 de
660 1464 733 1493 bona
747 1462 808 1501 fide
824 1466 930 1500 parum
945 1458 1058 1499 salliet-

189 1509 232 1535 lor
243 1525 257 1542 ,
281 1502 452 1535 Gentilibus
473 1502 652 1544 adversariis
664 1504 731 1545 stris
741 1503 874 1544 plurima
890 1501 1057 1541 exprobras-

190 1627 287 1656 Patres
318 1627 478 1657 Gentilibus
510 1629 687 1665 exprobrasse
707 1651 715 1663 ,
750 1637 810 1665 quae
832 1627 892 1666 ipsi,
905 1634 1060 1663 eorumque

190 1666 283 1702 Leges
299 1666 390 1702 palam
422 1666 648 1702 detestabantur,
678 1676 735 1696 non
752 1668 822 1698 alia,
844 1667 952 1699 fateor,
974 1667 1057 1693 ratio-

184 1712 236 1738 ne,
259 1712 343 1741 quam
356 1713 391 1733 ne
408 1706 521 1734 Patrum
534 1707 684 1737 authoritas
700 1705 842 1740 obstaret,
865 1705 884 1733 si
898 1704 967 1742 quid
984 1703 1058 1731 forte

190 1742 302 1777 dejure
319 1743 387 1771 liciti
404 1743 574 1773 infanticidii
590 1746 621 1773 iis
636 1744 796 1778 excidiffet,
816 1743 893 1780 quod
903 1751 948 1771 me
964 1749 1057 1771 tamen

190 1780 314 1815 tatebavt,
337 1781 382 1810 sed
399 1782 450 1810 hos
465 1781 537 1819 ipsos
549 1784 709 1812 Gentilibus
724 1782 900 1820 exprobraffe
921 1781 1059 1810 infantum

191 1819 296 1848 caedem
313 1820 357 1848 vel
382 1821 601 1856 expositionem,
629 1829 714 1859 atque
736 1820 754 1849 fi
771 1821 853 1850 licitae
868 1820 953 1849 essent
968 1841 976 1853 ‚
1010 1827 1060 1846 nu-

191 1858 279 1895 spiam
294 1858 368 1892 dixi,
390 1861 457 1895 quin
473 1860 529 1888 hoc
545 1861 657 1896 praecise
674 1861 784 1896 negavi.
830 1858 907 1895 Ergo
921 1858 1012 1886 adhuc
1027 1858 1059 1886 ti-

192 1898 221 1925 bi
237 1897 337 1925 videor
352 1898 492 1926 contraria
508 1898 534 1926 &
545 1897 800 1935 palamfluh'tuamia
821 1897 950 1935 scripsisse
963 1896 977 1925 ?

229 1944 253 1964 1.
275 1934 340 1964 Plus
365 1935 447 1964 semel
469 1937 524 1964 hoc
552 1939 674 1973 repetis,
701 1944 733 1965 ut
748 1937 859 1964 Leston
876 1934 1059 1973 persuadeas,

193 1981 238 2002 me
254 1981 311 2001 non
334 1974 387 2002 alia
409 1975 521 2003 ratione
547 1984 562 2003 a
581 1975 675 2013 Lipsio
695 1975 852 2008 dissentire,
874 1982 958 2010 quam
980 1973 1060 2010 quod

189 2012 284 2048 impiae
301 2011 326 2040 &
345 2013 508 2041 truculentae
529 2012 635 2043 fuerint
658 2014 810 2042 liberorum
829 2012 917 2040 caedes
935 2011 961 2040 ἃ,
976 2019 1060 2048 expo-

192 2050 316 2078 sitiones.
337 2051 448 2079 Lcetori
462 2052 549 2079 solum
565 2058 616 2080 tuo
635 2051 664 2080 id
678 2052 752 2081 forte
767 2050 1060 2089 persuadebis‚etiam

191 2093 275 2123 meo,
296 2089 475 2124 persuadebis
490 2098 644 2126 nunquam.

232 2134 260 2154 2.
281 2127 378 2155 Amica
396 2127 532 2166 respmzfio!

233 2172 259 2199 3.
280 2164 385 2192 Rursus
402 2185 411 2199 ‚
431 2172 464 2194 ut
479 2172 510 2193 tu
525 2172 623 2202 putas,
650 2168 749 2200 amice,
780 2166 827 2194 sed
844 2173 878 2193 an
894 2166 929 2192 ab
946 2165 1062 2193 inimico

192 2203 323 2269 guriores
339 2202 522 2240 loquutiones
535 2204 674 2242 proficisci
696 2212 803 2242 queant
820 2226 828 2238 ,
850 2203 976 2231 nondum
996 2211 1062 2231 con-

219 2242 280 2270 itui.
310 2245 313 2251 “

231 2288 258 2315 4.
279 2280 325 2308 De
347 2288 383 2307 eo
403 2281 566 2316 quaerimus,
589 2279 648 2309 noli
663 2281 746 2316 igitur
764 2289 826 2309 eum
843 2280 1005 2309 consensum
1015 2280 1064 2308 mi-

195 2318 227 2346 hi
243 2318 385 2353 objicere,
406 2318 424 2346 fi
444 2319 478 2346 de
495 2327 531 2347 eo
547 2318 696 2347 constaret.

235 2362 261 2390 5.
284 2357 339 2385 Ain
355 2356 444 2384 vero?
465 2356 504 2385 est
518 2366 555 2385 ne
578 2357 720 2393 singularis
740 2357 875 2385 sent-entia
891 2365 969 2390 mea,
991 2365 1063 2393 qua,

195 2394 261 2431 Jure
276 2395 493 2429 Pandettarum,
514 2395 612 2424 illicita
629 2395 707 2424 fuisse
729 2395 820 2424 statuo
839 2395 1015 2424 infanticidia
1038 2403 1065 2422 a-

195 2431 253 2468 pud
269 2432 425 2461 Romanos.
447 2434 555 2470 Atquin
572 2435 610 2462 ita
634 2435 746 2462 censent
761 2435 874 2470 plurimi
887 2435 1063 2470 interpretes,

195 2478 259 2498 cum
281 2472 367 2504 juris.
398 2478 453 2499 tum
477 2472 619 2501 literarum
644 2473 850 2501 humaniorum.
902 2471 1064 2500 Nonnullos

195 2508 322 2536 recensui
339 2508 434 2545 Opusc.
456 2509 485 2538 C.
507 2512 542 2538 11.
565 2510 606 2545 ὅς,
639 2510 657 2539 si
672 2511 858 2547 praejudicatis
882 2509 1065 2546 opinionibus

192 2554 304 2574 certare
317 2547 397 2579 velis,
422 2547 514 2583 plures
524 2548 607 2577 dabo.
648 2550 692 2577 An
708 2549 807 2585 legeris
822 2557 871 2577 eos
885 2550 1064 2584 interpretes,

194 2585 359 2621 priusquam
382 2585 417 2612 ad
441 2585 553 2623 Julium
575 2587 689 2616 Paulum
710 2587 881 2615 edolandum
897 2587 1039 2615 accesseris
1054 2608 1062 2620 ‚

196 2623 307 2657 nescim
328 2631 381 2657 ego
398 2623 462 2651 sane
485 2625 605 2660 primum
623 2625 700 2653 soleo
715 2626 823 2662 legere,
847 2625 950 2653 deinde
966 2625 1064 2653 scribe-

196 2670 244 2695 re,
268 2661 313 2690 sed
329 2662 426 2697 utique
443 2661 530 2696 legisti
544 2662 680 2699 Jacobum
699 2663 925 2698 Gothofredum,
958 2664 1006 2699 qui
1029 2662 1064 2691 ad

195 2700 274 2728 varia
291 2700 391 2736 Capita
411 2699 527 2728 Codicis
549 2700 705 2728 Theodosii
728 2710 806 2732 eam,
828 2709 911 2737 quam
928 2707 957 2728 tu
977 2709 1064 2737 oppu-

195 2746 282 2774 gnas,
313 2739 477 2766 sententiam
499 2738 585 2766 toties
615 2738 759 2772 defendit,
787 2739 812 2767 δι
828 2739 990 2767 Christianis
1011 2740 1065 2766 tuis

196 2777 323 2813 meisque
347 2777 492 2808 occurrit,
522 2782 552 2804 ut
575 2784 633 2804 non
657 2777 827 2812 intelligam,
848 2785 906 2814 quo
920 2777 980 2811 jure
997 2778 1065 2804 mihi

195 2813 361 2850 singularem
378 2815 540 2842 sententiam
564 2815 690 2844 tribuas:
716 2817 843 2852 quamvis
858 2823 999 2850 nunquam
1022 2824 1065 2842 me

197 2854 303 2889 pudeat
318 2852 461 2888 singularis
484 2853 640 2886 sententiae‚
672 2853 826 2881 dummodo
843 2861 922 2882 verae.
960 2853 1064 2892 Quem-

198 2890 352 2919 admodum
368 2890 565 2920 Gothofredus
583 2891 756 2928 responderit
771 2892 935 2923 Lafflmtim
955 2892 1003 2927 qui
1014 2892 1066 2919 tibi

199 2929 283 2957 instar
300 2930 425 2957 omnium
441 2929 480 2957 est
500 2930 554 2957 hac
570 2930 596 2957 in
613 2939 662 2964 re,
683 2930 779 2958 audies
795 2930 829 2957 ad
868 2951 874 2958 .
895 2929 961 2957 XII.

234 2971 260 2996 6.
281 2968 359 3006 Quid
378 2968 435 2996 hsce
450 2967 498 2995 sibi
518 2967 630 3002 velint,
661 2974 716 2998 tum
730 2969 805 3006 hujus
817 2968 955 3004 temporis,
977 2965 1012 3001 ἐξ)
1026 2968 1064 2995 in·

200 3011 267 3033 retra
284 3007 373 3041 plane,
396 3014 452 3033 non
471 3006 532 3034 satis
549 3006 694 3043 adsequor.

238 3050 262 3076 7.
283 3044 326 3071 Ab
349 3044 455 3072 invidia
477 3052 573 3072 eorum
592 3066 600 3077 ,
626 3053 686 3081 quae
711 3046 737 3073 in
756 3045 885 3073 Patribus
901 3042 1065 3072 Christianis

201 3082 381 3115 reprehendi,
409 3091 527 3119 quaeque
549 3083 610 3116 hic,
639 3083 665 3111 ἃ
683 3084 709 3112 in
727 3084 801 3121 seqq.
824 3084 904 3118 hujus
921 3090 944 3117 ς.
961 3084 1065 3119 reperis

203 3116 273 3145 solus
287 3119 405 3148 Dallaeus
423 3130 467 3148 mc
484 3120 646 3150 absolverit.

239 3157 264 3183 8.
285 3157 382 3191 Neque
405 3159 463 3186 liaec
490 3159 552 3186 satis
575 3159 703 3197 intelligo
719 3183 725 3193 ,
763 3160 787 3189 ἃ
805 3161 894 3189 minus
913 3157 1040 3195 intelligo
1055 3179 1062 3191 ‚

200 3199 271 3228 quur
286 3193 321 3221 ab
336 3194 387 3222 hac
403 3196 452 3224 lite
469 3204 575 3226 remota
593 3196 654 3226 fint.

1093 224 1171 266 leges
1188 225 1288 264 palam
1316 223 1542 266 detestabantur.
1577 228 1644 269 (⁸)
1667 230 1719 262 Sic
1741 232 1871 266 censeo:
1895 246 1951 270 nec
2005 260 2008 269 s

1093 275 1173 305 opus
1195 267 1291 306 quaeri
1323 267 1468 306 causam,
1500 269 1586 300 ultro
1609 269 1782 310 liquidam:
1815 284 1850 307 ea
1867 278 1953 311 causa

1093 306 1159 345 est,
1193 307 1378 353 protestatio
1400 308 1438 339 ab
1462 310 1519 340 hac
1542 310 1600 342 lite
1627 318 1698 343 toto
1723 315 1808 347 eoelo
1825 325 1952 352 remota.

1095 346 1166 380 Nec
1182 357 1281 388 major
1305 348 1351 380 est
1373 350 1423 380 vis
1439 349 1603 382 secundae:
1628 352 1800 395 Plusst’mel
1816 358 1880 388 illos
1897 359 1952 392 Pa-

1096 394 1153 419 tres
1175 390 1323 432 insurgere
1349 392 1382 422 in
1399 390 1495 432 seculi
1520 393 1617 431 vitia,
1640 395 1673 425 in
1688 406 1777 428 mores
1794 405 1953 441 corruptos,

1096 431 1241 471 infaecem
1253 432 1374 472 populi,
1405 433 1436 463 in
1453 435 1565 464 turbam
1574 432 1638 472 fine
1656 440 1790 476 nomine,
1810 449 1869 480 quae
1889 446 1952 474 tan—

1097 478 1157 503 tum
1177 481 1234 503 non
1255 474 1366 516 legibus
1391 474 1481 512 Μυῖα
1505 476 1594 506 vivit.
1620 476 1636 518 (
1648 477 1688 518 9)
1709 478 1761 510 Ne
1775 480 1870 512 video
1892 483 1955 524 qui-

1096 512 1188 551 dem,
1211 523 1271 560 qua
1288 514 1399 552 causa,
1419 525 1484 562 quo
1511 516 1593 555 fine,
1622 528 1686 560 quo
1706 519 1813 561 sensu,
1835 521 1884 555 his
1904 533 1956 556 eo-

1096 553 1168 585 dem
1187 552 1351 601 subjungat
1368 555 1497 597 spiritu:
1529 557 1603 606 Quae
1625 562 1721 592 omnia
1739 572 1796 594 non
1816 562 1892 595 reste
1912 566 1966 597 de-·

1097 600 1220 642 torquem
1242 598 1281 627 ad
1303 598 1382 628 viros
1402 599 1485 630 bonos
1510 600 1546 635 &⁹
1576 602 1662 632 utiles
1691 604 1854 644 reipublice
1880 607 1957 639 cives

1095 646 1147 677 quz
1174 636 1286 682 legibus
1315 639 1458 669 vivebant
1489 640 1525 675 ὅ)
1556 641 1775 685 magistratibus
1800 648 1957 687 parebant,

1097 677 1184 723 idern
1195 681 1297 725 dicam
1313 678 1352 709 de
1368 679 1540 719 adJectione
1559 685 1667 716 tertia:
1692 686 1805 727 Poffum
1814 687 1961 728 sexcenta

1096 719 1257 760 hujusmodz
1283 720 1417 760 proferre
1444 730 1504 762 quoe
1538 723 1594 762 mfi
1625 727 1754 758 dicerent
1786 729 1961 762 Vmerandi

1098 759 1204 795 Patres
1218 770 1312 806 ‚figo
1341 763 1476 793 convicia
1502 765 1536 795 de
1556 765 1682 807 plaustro
1709 770 1841 802 dicerem.
1867 770 1961 813 (1⁰)

1097 801 1178 833 Sunt
1197 810 1282 847 enim
1303 804 1399 834 verba
1430 803 1460 835 ἃ
1490 805 1569 837 nuda
1594 807 1624 839 ἃ
1648 809 1771 848 privata
1792 812 1860 844 Viri
1884 812 1961 845 Am·

1097 841 1250 884 pliffimi:
1282 852 1384 889 eoque
1414 844 1484 878 aliis
1513 856 1577 878 non
1609 849 1854 889 praeJ'udicantia.
1899 853 1988 885 Ρο-ν

1099 886 1214 916 iti-emo
1239 884 1393 917 leniturus
1423 887 1600 920 orationem
1615 911 1626 927 ‚
1659 900 1718 922 nec
1740 891 1781 924 fic
1805 894 1966 935 coniectac

1097 933 1152 956 aut
1174 926 1311 965 certius,
1339 934 1394 958 aut
1421 927 1459 959 ad
1478 937 1543 960 rem
1567 933 1856 966 accommodatius:
1879 934 1898 976 (
1910 935 1966 977 ¹¹)

1100 966 1204 1013 Etiam
1235 966 1414 1014 Christianos
1446 970 1617 1003 Gentilibus
1645 975 1805 1016 promiscue
1840 977 1962 1019 objicere

1098 1006 1345 1054 vulgzflugztia,
1363 1011 1482 1052 ignaros
1516 1012 1629 1055 legibus
1651 1014 1701 1055 effi?
1725 1018 1843 1049 vetita.-
1865 1017 1960 1050 melio-

1098 1058 1144 1080 res
1165 1049 1304 1096 videlicet
1330 1050 1502 1093 Theologos‚
1524 1063 1607 1094 quam
1632 1055 1869 1099 Jurirconfialtos.
1892 1061 1962 1100 quin

1091 1090 1174 1131 forte
1197 1088 1391 1132 exzstzmaffe,
1411 1093 1516 1133 licita,
1541 1097 1614 1137 quod
1636 1098 1715 1130 vitia
1746 1100 1779 1130 in
1800 1109 1890 1132 mores
1910 1102 1964 1133 mi-

1098 1138 1263 1179 ἔναυε-γαπ
1275 1156 1286 1172 ,
1311 1133 1346 1179 &³
1365 1135 1443 1165 inter
1466 1135 1543 1178 leges
1562 1145 1695 1170 creverat
1717 1140 1884 1173 delibiorum
1923 1151 1965 1174 re-

1117 1179 1228 1204 uentza.
1279 1173 1380 1219 igitur
1410 1184 1561 1216 quantum
1592 1179 1628 1210 ad
1669 1181 1846 1223 Scriptores
1904 1183 1966 1216 hri-

1099 1215 1367 1259 sianosattmet:
1396 1217 1441 1248 nil
1466 1217 1582 1250 habent
1605 1229 1744 1254 metuere
1766 1232 1784 1255 a
1805 1223 1876 1265 (Ω)
1892 1233 1967 1258 cen·

1099 1254 1167 1287 sura
1187 1253 1258 1285 Vm
1281 1255 1486 1296 Ampliffimi,
1518 1259 1610 1299 plena
1639 1264 1772 1304 erroris,
1796 1265 1826 1297 ὅ(
1850 1265 1914 1307 ipsa
1937 1265 1970 1299 se

1098 1295 1278 1341 destruente
1295 1318 1308 1335 ,
1337 1305 1405 1328 tum
1436 1297 1601 1340 singulari,
1635 1303 1795 1343 postremo
1816 1316 1915 1348 vaga,
1936 1308 1969 1341 &

1100 1337 1180 1369 hanc
1200 1336 1290 1369 litem
1314 1338 1401 1370 nulla
1420 1348 1462 1371 ex
1482 1348 1570 1381 parte
1592 1344 1777 1386 attingente.
1823 1345 1893 1389 Ego
1914 1358 1970 1380 ve-

1100 1388 1146 1424 ro*
1164 1385 1279 1418 praeter
1308 1379 1377 1426 haec
1406 1389 1514 1422 optem
1532 1405 1542 1421 ‚
1575 1382 1593 1424 (
1607 1385 1663 1426 ιε)
1699 1389 1873 1420 exercitam
1901 1399 1967 1423 non

1100 1419 1194 1465 fuisse
1222 1419 1260 1450 ab
1288 1420 1402 1452 Amico
1432 1421 1624 1456 Honorato:
1649 1427 1834 1466 judicaturis
1855 1430 1968 1470 quibus

1102 1460 1238 1492 studium
1255 1461 1312 1501 sit,
1338 1461 1368 1493 se
1386 1473 1493 1504 aequos
1513 1466 1654 1505 praebere
1673 1470 1839 1510 omnibus,
1858 1471 1875 1513 (
1886 1472 1969 1513 quod

1101 1511 1211 1534 omnes
1226 1502 1329 1535 bonos
1345 1502 1451 1537 facere
1471 1506 1591 1547 decet)
1611 1509 1692 1550 (³4)
1711 1520 1777 1543 non
1797 1515 1968 1546 convenire

1902 1555 1967 1597 ejus

1138 1637 1166 1663 9.
1185 1629 1229 1673 Ut
1243 1628 1355 1663 videas,
1369 1629 1448 1666 quod
1462 1631 1588 1662 nondum
1610 1635 1689 1665 vides
1705 1659 1713 1670 ,
1735 1638 1803 1666 scire
1819 1643 1848 1667 te
1869 1639 1968 1674 velim,

1102 1667 1290 1705 expositiones
1313 1668 1338 1696 δι
1361 1677 1443 1697 neces
1468 1669 1604 1701 infantum
1626 1675 1796 1711 potissimum
1816 1676 1894 1706 fuiffe
1917 1677 1968 1707 sre-

1102 1713 1251 1743 quentatas
1268 1715 1284 1734 a
1299 1709 1425 1743 patribus
1436 1729 1442 1740 ‚
1463 1708 1498 1736 ad
1515 1711 1724 1742 mendicitatem
1742 1717 1837 1751 egenis
1848 1738 1855 1749 ,
1876 1717 1926 1753 qui
1941 1717 1970 1746 in

1103 1745 1177 1773 diem
1194 1745 1342 1780 vivebant,
1366 1755 1418 1774 nec
1433 1747 1591 1783 habebant,
1621 1753 1697 1788 quod
1719 1753 1767 1782 fibi
1784 1754 1847 1783 solis
1869 1753 1971 1784 suffice-

1102 1789 1154 1811 ret.
1194 1783 1226 1811 ld
1247 1784 1433 1818 Solorzanus,
1464 1785 1492 1814 id
1509 1787 1556 1815 alii
1578 1797 1611 1817 ex
1634 1791 1729 1827 priscis
1747 1792 1903 1822 Annalibus
1922 1794 1972 1822 ab-

1102 1822 1177 1850 unde
1192 1823 1354 1858 probarunt.
1395 1824 1478 1852 Hanc
1499 1824 1592 1855 faecem
1606 1831 1704 1866 popuii
1722 1852 1730 1864 ,
1752 1830 1777 1859 &
1791 1837 1902 1867 partuS,
1925 1831 1971 1859 sae·

1102 1869 1138 1897 pe
1153 1863 1238 1896 vulgo
1251 1861 1397 1897 quaefitos‚
1418 1864 1457 1890 rei
1475 1864 1638 1894 Christianae
1659 1868 1804 1905 scriptores
1825 1871 1852 1896 in
1869 1869 1974 1898 Decla-

1103 1899 1276 1927 mationibus
1298 1899 1351 1928 suis
1372 1901 1528 1936 indigitaffe
1543 1924 1550 1936 ‚
1582 1903 1607 1932 δι
1630 1906 1686 1941 ipse
1707 1914 1792 1942 puto,
1816 1906 1842 1935 δι
1859 1909 1972 1943 putavit

1103 1936 1226 1974 Jacobus
1249 1937 1444 1967 Gothofredus
1466 1939 1501 1968 ad
1530 1941 1565 1969 L.
1587 1951 1611 1970 1.
1633 1944 1662 1972 C.
1686 1944 1780 1973 Τίνι-σά.
1800 1945 1834 1973 ad
1854 1945 1890 1974 L.
1911 1945 1971 1974 Cor-

1102 1976 1153 2003 nel.
1175 1976 1205 2003 de
1224 1975 1308 2005 Sicar.
1347 1977 1402 2006 Sed
1421 1979 1455 2006 ab
1475 1979 1614 2014 eiusmodi
1639 1983 1738 2010 infimae
1755 1983 1836 2012 sortis
1850 1984 1971 2014 homini-

1104 2014 1174 2046 bus,
1196 2015 1260 2049 qui,
1282 2015 1409 2051 periculo
1424 2016 1489 2050 suo,
1514 2017 1586 2053 leges
1602 2022 1840 2053 contemnebant,
1854 2031 1912 2050 non
1931 2031 1972 2052 re-

1105 2052 1146 2079 δῖε
1166 2059 1358 2087 argumentum
1376 2053 1489 2084 duxeris
1503 2056 1538 2082 ad
1553 2057 1629 2085 Viros
1644 2060 1717 2087 bonos
1732 2059 1768 2093 ὃ)
1783 2061 1860 2088 utiles
1875 2060 1972 2098 Reipu-

1106 2091 1178 2117 blicae
1191 2092 1277 2124 caves,
1298 2093 1342 2126 qui
1360 2092 1462 2128 legibus
1472 2095 1604 2130 parebant.
1645 2097 1731 2126 Aliud
1748 2097 1786 2125 est
1797 2120 1804 2132 ,
1827 2098 1913 2134 vulgo
1927 2107 1971 2128 ex·

1105 2128 1240 2164 probrare
1263 2129 1426 2157 delistorum
1449 2130 1635 2167 frequentiam
1651 2156 1658 2167 ‚
1690 2135 1782 2170 aliud,
1806 2136 1912 2173 legibus
1927 2145 1971 2166 ex·

1105 2168 1240 2203 probrare
1255 2167 1417 2196 delictorum
1438 2171 1558 2199 veniam.
1599 2172 1698 2207 Nunc,
1720 2175 1838 2211 opinor,
1860 2182 1971 2205 temto-

1106 2211 1162 2233 tam
1179 2205 1320 2241 intelligis.

1145 2251 1190 2271 10.
1211 2244 1281 2272 Sunt
1295 2245 1370 2276 haec,
1392 2244 1502 2280 fateor,
1517 2255 1579 2275 mea
1595 2250 1681 2278 verba
1695 2272 1702 2284 ,
1724 2251 1768 2279 sed
1784 2251 1880 2280 similia
1899 2261 1972 2282 com-

1106 2281 1186 2318 plura
1209 2282 1310 2310 extulit
1331 2283 1467 2318 Damasus,
1498 2284 1523 2313 ἃ
1540 2286 1687 2324 plusquam
1704 2290 1833 2318 sexcenta
1845 2291 1970 2329 exempla

1107 2320 1260 2353 recensuit,
1282 2322 1384 2357 quibus
1401 2323 1428 2349 id
1447 2324 1497 2351 ivit
1511 2324 1670 2359 probatum.
1709 2328 1818 2356 Dailaeo
1835 2328 1920 2364 igitur
1931 2338 1970 2358 re-

1107 2358 1227 2387 futando
1252 2366 1278 2387 te
1301 2361 1432 2395 accinge:
1460 2362 1485 2389 ἃ
1505 2362 1552 2390 ubi
1577 2372 1640 2392 eum
1662 2365 1870 2402 profligaveris,
1904 2368 1974 2398 alias

1106 2397 1259 2435 phalanges
1276 2399 1326 2426 tibi
1346 2407 1498 2435 opponam.

1148 2444 1191 2465 11.
1214 2436 1259 2464 Ad
1278 2437 1436 2472 sequentem
1451 2459 1470 2473 Α.
1488 2440 1545 2467 haec
1561 2446 1639 2469 erant
1655 2441 1822 2477 rejicienda,
1843 2443 1882 2472 ibi
1898 2445 1972 2474 enim

1108 2474 1221 2512 pressius
1237 2475 1294 2510 agis
1307 2476 1340 2502 de
1357 2475 1408 2502 hac
1423 2476 1478 2512 ipsa
1498 2480 1615 2506 ratione.

1108 2550 1125 2579 d
1145 2520 1193 2578 1323
1217 2514 1313 2550 Apage
1330 2522 1420 2541 acrem
1432 2517 1674 2552 orationemquae
1686 2518 1804 2556 necipsa
1820 2520 1971 2558 quicquam

1128 2558 1215 2579 emit.

1148 2597 1191 2623 13.
1214 2590 1281 2618 Tibi
1307 2589 1382 2617 litem
1406 2599 1464 2618 non
1480 2592 1576 2624 movi.
1605 2592 1648 2621 sed
1664 2596 1739 2623 movi
1755 2596 1866 2632 Liplio,
1887 2604 1971 2634 quem

1108 2632 1137 2655 tu
1168 2629 1311 2664 sequeris.
1347 2629 1392 2656 scu
1418 2631 1511 2664 potius
1534 2631 1696 2660 sententiam
1726 2642 1816 2662 meam
1849 2634 1883 2663 de
1911 2637 1988 2670 J'ure=

1108 2663 1256 2693 occidendi
1293 2665 1318 2693 ἃ
1349 2668 1509 2702 exponendi
1536 2668 1639 2698 liberos
1664 2671 1776 2706 publice
1800 2672 1881 2707 dixi,
1918 2672 1972 2701 fine

1107 2704 1163 2731 ulla
1185 2704 1346 2739 cujusquam
1374 2705 1486 2739 injuria,
1533 2706 1559 2734 ἃ
1582 2715 1696 2743 propter
1724 2711 1893 2745 amicitiam,
1913 2718 1974 2748 qus

1107 2742 1177 2769 mihi
1206 2747 1296 2769 tecum
1329 2742 1542 2777 intercedebat,
1579 2753 1605 2772 te
1627 2746 1662 2773 in*
1686 2749 1782 2784 primis
1814 2756 1972 2777 reverenter

1109 2780 1204 2845 lsiabui.
1244 2779 1375 2814 Vellem,
1405 2782 1488 2810 exiam
1512 2789 1541 2810 tu
1564 2784 1681 2813 candem
1703 2787 1841 2815 rationem
1872 2788 1972 2816 servas·

1121 2826 1158 2845 es.

1149 2864 1190 2891 14.
1214 2855 1399 2889 Comitarem.
1419 2857 1611 2894 prudentiam.
1626 2861 1826 2897 dignitatemin
1838 2872 1880 2891 me
1891 2871 1970 2900 agno·

1110 2894 1158 2921 scis
1170 2915 1177 2927 ‚
1199 2894 1242 2921 sed
1260 2902 1321 2921 cum
1336 2895 1376 2922 liis
1393 2904 1436 2924 ine
1458 2897 1484 2924 in
1502 2898 1645 2927 consilium
1665 2908 1721 2928 non
1738 2901 1814 2929 ivisse
1828 2902 1921 2930 censes
1943 2901 1970 2930 in

1109 2931 1262 2959 refutandis
1287 2933 1508 2962 Christianorum
1534 2936 1707 2966 testimoniis.
1756 2939 1839 2967 Adeo
1871 2939 1971 2968 scilicet

1111 2970 1160 3013 tilii
1187 2970 1266 2997 cordi
1291 2970 1316 2998 ἃ
1343 2979 1415 2999 curae
1430 2972 1468 3000 est
1485 2976 1660 3010 antiquorum
1680 2976 1791 3006 Patrum
1809 2977 1927 3014 dignitas
1946 2975 1971 3005 ἄ

1109 3007 1294 3041 existimarim
1316 3016 1364 3042 ut,
1385 3018 1446 3038 cum
1465 3013 1499 3039 ab
1515 3013 1557 3040 his
1572 3013 1700 3042 dissentio
1714 3036 1721 3046 .
1744 3023 1841 3044 omnes
1857 3017 1972 3044 virtutes

1109 3054 1153 3074 me
1176 3046 1277 3074 exuisse
1298 3053 1386 3083 putes.
1422 3050 1531 3078 Invenio
1551 3051 1619 3087 apud
1645 3052 1793 3087 Sapientes,
1818 3054 1906 3090 inquit
1922 3053 1972 3081 Pli-

1108 3086 1170 3112 nius
1190 3084 1224 3113 L.
1242 3092 1267 3119 5.
1289 3085 1370 3122 Epist.
1385 3089 1410 3115 8.
1431 3087 1625 3126 honestrffimum
1641 3089 1692 3128 effe
1712 3090 1848 3127 ll‘lczjorum
1861 3089 1972 3127 vestigia

1099 3122 1175 3160 sequi
1191 3144 1198 3154 ,
1227 3132 1322 3151 verum
1347 3125 1425 3153 addit
1442 3147 1450 3159 ,
1471 3126 1499 3163 fi
1519 3128 1584 3156 νεᾶο
1609 3129 1702 3156 itinere
1713 3129 1896 3195 precesserint.
1935 3128 1971 3157 Et

1107 3162 1161 3189 hoc
1176 3160 1230 3192 cst.
1252 3161 1286 3188 de
1301 3171 1358 3198 quo
1376 3163 1545 3198 disputamus
1563 3176 1570 3200 3
1591 3166 1638 3194 ubi
1654 3165 1688 3195 de
1705 3175 1802 3196 nonnu

1825 3168 1845 3196 is
1861 3167 1973 3195 Patrum

1104 3199 1173 3227 lotis
1198 3201 1303 3239 menti-o
1324 3200 1433 3230 incidit.

1852 3241 1874 3277 r.
1895 3241 1975 3271 vui¹
