2008 3436
178 87 227 163 475
439 111 841 151 conuenit
914 124 1025 150 vin

178 193 322 237 quamvis
340 193 476 225 lectione
492 197 628 236 recepta.
675 195 773 237 Hugo
789 204 915 237 quoque
926 193 1045 227 Donel-

178 237 227 268 lus
248 236 406 266 Commeat.
428 238 467 267 ad
491 238 520 268 h.
545 237 585 269 L.
610 238 655 269 ita
669 246 736 269 eam
755 237 916 277 explicat,
951 244 1047 277 atque

176 276 198 308 fi
221 277 299 308 nihil
324 276 453 313 obesset,
500 277 535 311 In
558 289 598 311 eo
620 289 668 311 res
685 279 840 317 vertitur,
866 287 903 309 an
921 277 1044 323 verba,

170 317 201 355 fi
217 324 316 350 tamen
330 319 516 359 consentitur
532 345 541 358 ‚
562 321 600 352 ad
624 319 808 352 consensum
832 317 1044 364 stipulatoris,

175 368 215 390 an
236 360 431 400 prorniss'oris
455 361 619 394 referenda
645 362 704 394 fint
720 362 736 393 ἱ)
771 360 808 391 ad
823 359 1019 405 prormfforis
1034 383 1044 398 ‚

178 400 261 432 dixit
283 401 497 442 Zoannettus‚
531 404 560 435 ἀ
586 402 669 434 recte
685 402 785 441 dixit,
810 411 882 442 quia
899 409 1046 441 proxnne

151 452 154 455 ·
177 442 217 473 de
234 451 275 474 eo
296 443 361 484 egit
373 467 382 482 ,
408 445 460 485 qui
480 445 516 475 ad
540 444 822 484 interrogationem
838 452 901 473 non
918 441 1044 483 respon-

177 482 235 515 dit.
281 484 341 516 Sed
358 484 402 516 ita
420 494 484 516 non
503 485 656 516 convenit
673 488 698 513 r)
713 484 883 525 responsum
903 483 945 524 est
957 506 968 522 ,
993 492 1044 514 nc-

177 533 240 565 que
253 526 349 557 etiam
364 527 553 564 conveniet,
577 525 616 565 si,
643 534 677 557 ut
695 525 778 567 ipse,
804 526 903 566 legas,
928 534 1034 571 respon

169 570 244 606 sum
262 577 321 598 non
336 566 388 607 est.
432 567 533 599 Miffis
549 567 696 598 omnibus
716 567 757 599 sie
772 565 942 608 transpono
960 567 989 598 <Sc
1001 576 1045 597 m-

179 614 336 650 terpungo
346 619 356 648 3
373 609 407 640 Si
421 614 522 640 tamen
537 608 723 649 consentitur
740 611 773 640 in
789 610 838 648 id,
854 612 929 650 quod
946 607 1046 640 ostiam

790 699 1147 735 CAPUT

1095 102 1702 153 BYNKERSHOE‘K

1091 194 1152 236 est,
1174 193 1258 225 valet
1278 196 1353 236 quod
1372 195 1542 236 responsam
1560 194 1622 236 est,
1646 199 1717 238 quia
1736 199 1768 229 hi
1783 201 1952 236 contradus
1998 197 2005 220 f

1090 246 1148 268 non
1172 242 1235 267 tam
1258 238 1360 268 verbis
1377 261 1386 275 ‚
1432 247 1520 277 quam
1552 239 1690 280 consensu
1725 242 1951 281 confirmantur.

1090 276 1167 309 Hoc
1186 276 1249 317 est,
1275 277 1307 309 in
1325 279 1559 318 contractibus,
1583 281 1634 321 qui
1653 280 1721 313 solo
1739 282 1890 317 consensu
1904 287 1952 319 ab·

1089 318 1257 350 solvuntur
1273 343 1282 358 ,
1314 329 1378 365 non
1401 330 1626 362 usquequaque
1640 324 1810 370 ‘exiguntur
1832 325 1954 369 stipula·v
2005 352 2008 358 r

1090 359 1186 392 tionis
1209 359 1360 391 solemma
1380 385 1388 400 ,
1422 363 1582 403 adeoque,
1619 364 1692 396 lieet
1710 367 1863 405 ejusmodi
1881 375 1954 402 con-

1090 401 1204 433 tractus
1230 411 1286 442 per
1309 400 1543 443 stipulationem
1559 406 1777 447 celebrentur,
1803 418 1861 440 nec
1879 419 1955 451 prae-
2007 397 2008 400 Ἴ

1089 441 1152 473 eise
1172 442 1210 473 ad
1232 444 1512 484 interrogationem
1534 445 1774 488 respondeatur,
1809 451 1956 485 valebunt

1091 492 1193 515 tamen
1214 506 1226 522 ,
1256 484 1428 515 dummodo
1453 486 1666 519 consentiatur
1689 490 1720 521 in
1749 491 1800 530 id,
1825 493 1911 532 quod
1926 504 1954 526 a·
2006 499 2008 523 ἑ

1091 524 1174 556 ctum
1191 524 1246 557 cst.
1292 524 1385 557 Plana
1412 525 1452 558 fic
1475 537 1523 558 res
1541 530 1571 560 et
1589 531 1683 562 verba
1701 540 1813 570 erunt,
1837 534 1867 565 ὅ(
1886 533 1956 567 reli-

1089 574 1165 607 quas
1179 566 1457 607 interpretationes
1475 576 1544 601 tuto
1564 570 1740 610 Jubebirnus
1755 572 1915 609 facessere.

1252 700 1339 737 Vt

656 789 710 823 Acl
734 788 773 822 L.
801 792 858 826 28.
885 786 924 822 ff.
951 786 995 823 de
1022 788 1121 833 Capt-
1150 786 1186 823 &
1210 786 1358 834 postlim.
1381 782 1513 826 ‘reveri'-

273 884 399 917 ntistius
426 885 534 918 Labeo
559 888 590 918 in
615 886 720 919 Libris
744 890 861 915 uaeas&
887 886 1046 927 generales

187 943 194 960 x
295 925 375 965 Juris
402 929 524 969 regulas
547 927 713 976 proposuit
730 952 740 968 ,
772 927 955 959 verisimiles
978 927 1046 958 illas

178 967 325 1008 quidem,
358 976 392 999 ut
419 970 533 1010 Operis
558 970 722 1011 inieriptio
748 970 884 1008 indicat,
910 968 961 999 sed
977 978 1046 1009 quoe

179 1015 286 1040 tamen
301 1007 485 1050 aliquando,
510 1012 539 1043 in
557 1011 614 1042 hac
627 1011 722 1042 illave
740 1010 859 1052 specie,
884 1009 1045 1041 fallebant.

178 1048 231 1081 Ne
246 1050 315 1091 quis
330 1050 426 1091 igitur
442 1053 622 1094 imprudens
639 1056 784 1093 peccaret
807 1074 817 1089 ‚
847 1052 947 1091 Julius
970 1051 1045 1082 Pau-

177 1090 227 1122 lus
246 1091 304 1122 hos
318 1091 451 1132 Libros,
477 1094 509 1125 in
525 1094 747 1136 compendium
768 1094 928 1130 redactos,
952 1100 1047 1137 anno-

178 1132 261 1163 tavit
278 1155 289 1170 ‚
324 1133 583 1177 &exceptiones
608 1135 754 1174 addidit3
778 1135 942 1174 fallentias
965 1133 1048 1164 dixit

178 1173 306 1205 barbara
322 1174 422 1207 AEtas.
468 1177 511 1209 Et
529 1177 591 1208 hoe
607 1177 660 1208 sibi
678 1177 749 1208 vult
777 1178 804 1204 π’
824 1176 891 1208 nio
903 1200 912 1215 ,
938 1175 969 1206 in
986 1173 1047 1220 fro-

179 1215 334 1256 gmends,
364 1226 433 1257 quae
456 1228 497 1250 ex
519 1227 558 1249 eo
582 1218 688 1259 Opere
706 1217 887 1258 supersunt3
912 1225 947 1247 ut
965 1215 1047 1247 scili-

179 1263 233 1288 cet
254 1255 368 1289 Paulus
397 1258 455 1290 hac
484 1259 622 1291 formula
643 1259 663 1292 fi
687 1259 885 1297 nificaverit‚
910 1257 1049 1302 regulam

179 1297 338 1330 Labeonis
352 1309 416 1331 non
435 1300 579 1332 obtinere
606 1301 637 1332 in
658 1269 778 1342 goede,
804 1309 896 1341 quam
911 1308 989 1331 mox
1005 1307 1049 1339 ip-

178 1338 210 1372 se
238 1337 407 1381 subjungit.
454 1342 561 1383 Vulgo
584 1343 707 1383 quidem
734 1341 948 1380 existimatur,
972 1340 1049 1372 Pau-

179 1380 247 1411 lum
269 1380 317 1412 his
332 1382 469 1414 Scholiis
484 1383 665 1415 Labeonem
681 1391 809 1424 notare,
828 1384 859 1416 ὃς
876 1383 907 1415 in
925 1389 1050 1414 contra-

180 1422 263 1454 rium
285 1421 330 1454 ire
349 1447 359 1462 ‚
392 1422 443 1455 sed
466 1434 624 1466 nunquam
647 1426 738 1467 potui
761 1435 778 1457 a
796 1434 845 1457 me
865 1424 1049 1465 impetrare,

182 1472 218 1494 ut
239 1463 398 1496 crederem
419 1488 430 1503 ,
461 1465 593 1498 Paulum
618 1465 712 1499 fuiffe
738 1467 897 1499 hominem
924 1473 987 1497 tam
1004 1463 1050 1495 fa-

181 1512 263 1543 tuae,
287 1514 366 1546 pene
396 1506 531 1538 dixerim
551 1531 560 1546 ,
595 1507 848 1548 malevolentiae,
874 1514 910 1539 ut
927 1506 980 1538 sua
996 1515 1050 1537 ex-

181 1546 329 1587 ceptione
345 1548 485 1580 voluerit
501 1548 643 1580 eversum
672 1550 716 1580 ire
733 1549 909 1591 generalem
923 1546 1062 1584 Antistiiv

180 1588 331 1628 regulam.
378 1589 447 1620 Imo
463 1589 548 1621 aliud
564 1590 655 1622 nobis
676 1590 845 1633 suggerunt
862 1589 1002 1630 reliquiae
1020 1598 1051 1619 e-

179 1628 229 1667 jus
247 1629 420 1670 epitomes,
447 1631 578 1663 &Pauli
598 1639 683 1663 notae
705 1640 826 1663 tantum
841 1641 905 1663 non
925 1640 1051 1661 omnes:

179 1668 397 1744 illlusti⁴chIIejtis
431 1673 475 1704 rei
507 1673 687 1715 exemplum
717 1672 762 1705 est
786 1674 817 1705 in
840 1674 862 1705 Ι.
886 1681 938 1716 31.
956 1672 997 1713 ff.
1019 1673 1052 1704 de

218 1723 231 1743 e
257 1736 262 1741 .
334 1737 341 1744 .

228 1722 342 1795 §leque
361 1755 453 1787 aliter
470 1757 622 1797 capienda
637 1756 683 1788 est
703 1757 732 1788 h.
756 1756 776 1787 l.
797 1760 846 1790 28.
871 1755 924 1787 ubi
944 1765 983 1787 ex
994 1754 1051 1787 La-

183 1795 286 1827 beone
301 1795 379 1827 hanc
408 1796 556 1830 habemus
578 1799 734 1840 regulam:
760 1798 793 1828 Si
815 1799 887 1838 quid
912 1798 984 1828 bello
1004 1808 1052 1828 co-

180 1843 268 1876 ptum
283 1836 344 1877 esi,
367 1840 514 1879 z'npraedci
531 1838 572 1879 est
585 1864 594 1877 ,
617 1850 674 1870 non
689 1838 871 1880 postliminio
886 1841 978 1870 redit.
1002 1840 1055 1871 Sic

183 1878 368 1910 Florentina
385 1903 395 1919 ‚
428 1880 458 1912 &
478 1879 604 1920 reliqua:
628 1881 695 1912 fere
718 1881 904 1919 Editiones;
928 1890 992 1912 non
1011 1888 1053 1912 ta-

182 1929 255 1952 men
272 1928 344 1959 apte
356 1945 364 1959 ‚
390 1930 448 1952 nec
468 1931 507 1952 ex
526 1921 582 1953 usu
600 1923 709 1962 probae
729 1922 922 1955 Latinitatis.
968 1921 1054 1962 Jaco-

182 1961 240 1993 bus
269 1960 481 1994 Vintimillius
506 1963 626 1995 Parisiis
654 1968 743 2004 1548.
777 1963 876 1994 edidit
893 1988 903 2003 ,
929 1963 958 2003 fi
982 1964 1055 2005 quid

184 2003 257 2034 bello
277 2010 398 2048 coptum
422 2006 454 2035 in
472 2007 575 2045 praeda
594 2005 635 2046 est
650 2028 660 2044 ,
681 2016 735 2036 nec
747 2005 927 2045 postliminio
941 2007 1032 2037 rediit
1045 2029 1054 2041 ,

183 2045 214 2076 <St
233 2045 276 2075 ita
290 2053 362 2076 ante
381 2045 608 2078 Vintimillium
626 2056 753 2088 quoque
779 2046 971 2079 Haloander.
996 2046 1056 2079 Sed

182 2095 222 2116 ne
248 2085 290 2117 fic
311 2086 436 2126 quidem
464 2086 587 2119 constat
614 2087 793 2127 sententia3
825 2087 982 2119 constaret
1001 2098 1052 2119 au-

184 2135 271 2165 tem,
294 2126 319 2158 fi>
332 2127 507 2168 legeretur,
527 2128 556 2168 fi
575 2131 647 2170 quid
668 2131 740 2161 bello
762 2137 880 2171 coptum
899 2131 932 2161 in
954 2131 1054 2170 prada

183 2167 247 2209 eft,
275 2179 333 2199 non
349 2169 530 2208 postliminio
545 2174 644 2203 redit.-
667 2171 791 2202 sublato
814 2180 927 2212 nempe
952 2172 1055 2212 primo

183 2209 247 2250 «ξμς
272 2207 322 2241 sed
345 2210 470 2251 praestat
490 2235 500 2251 ,
536 2222 596 2244 una
620 2212 712 2243 litera
733 2220 871 2251 mutata,
897 2212 1053 2244 Florenti-

185 2261 255 2283 nam
274 2251 428 2291 retinere,
455 2253 484 2283 δε
499 2252 539 2285 fic
556 2254 796 2295 interpungere:
814 2253 862 2290 fi,
886 2263 982 2294 QUOD
999 2255 1056 2286 bel-

185 2295 210 2324 lo
226 2300 346 2332 captum
363 2292 426 2331 est,
447 2295 480 2325 in
495 2297 597 2336 praea'a
613 2296 674 2335 est,
695 2305 753 2326 non
769 2295 948 2336 postliminio
964 2297 1053 2327 redit.

185 2334 261 2366 Hoc
278 2334 340 2374 cst,
366 2335 388 2367 fi
404 2335 434 2366 id
447 2359 456 2374 ,
482 2337 567 2377 quod
585 2337 671 2369 bello
690 2336 829 2368 ablatum
845 2340 928 2375 erat,
953 2336 1056 2369 rursus

181 2383 311 2416 captum
329 2376 359 2407 dc
378 2376 408 2407 in
427 2377 530 2417 praeda
545 2385 763 2420 recuperatum
778 2377 834 2417 fit,
859 2377 1055 2419 postliminio

184 2427 248 2449 non
265 2417 326 2448 erit
343 2417 443 2449 loeus.
490 2418 610 2460 Regula
633 2418 678 2452 est
701 2420 739 2450 de
757 2419 814 2458 iis,
838 2429 908 2461 quae
927 2420 957 2450 in
976 2429 1054 2461 prae-

185 2458 224 2489 da
237 2457 423 2499 capiuntur,
456 2460 486 2491 in
514 2461 616 2501 prceda
641 2468 745 2492 autem
761 2470 833 2492 cum
850 2470 913 2492 non
933 2461 1055 2502 capian-

187 2507 238 2530 tur
255 2499 382 2540 proprie
394 2524 402 2539 ‚
428 2500 483 2532 nisi
505 2510 553 2533 res
579 2502 713 2534 mobiles
729 2500 866 2533 hostium
877 2525 888 2540 ,
911 2502 948 2533 iis
964 2509 1056 2543 negat

185 2537 292 2572 Labeo
317 2541 362 2572 'us
389 2539 574 2581 postliminii
598 2543 660 2574 ess'e
675 2567 685 2583 ,
719 2543 749 2574 dt
776 2544 859 2574 reste
883 2552 994 2584 negat,
1019 2543 1057 2574 de

183 2581 277 2613 rebus
314 2581 359 2612 oli
374 2582 457 2613 enim
472 2582 502 2613 id
524 2583 569 2615 'us
586 2583 794 2625 perscriptum
811 2583 856 2616 est
879 2585 898 2616 l.
911 2595 960 2616 20.
985 2585 1012 2625 §.
1027 2594 1054 2617 1.

179 2623 229 2662 ff.
253 2623 282 2655 h.
312 2621 373 2655 Tit.
392 2623 422 2655 δε
443 2623 486 2655 ita
505 2593 639 2657 drotius
660 2627 694 2657 de
704 2626 787 2667 Jure
801 2625 836 2656 B.
855 2625 935 2661 &R
947 2626 985 2657 L.
998 2625 1054 2657 III.

185 2665 216 2695 C.
242 2674 272 2700 9.
295 2675 326 2696 n.
354 2674 401 2706 13.
424 2664 461 2699 δ’
488 2675 535 2702 14.
559 2666 707 2698 babemus
729 2667 868 2706 regulam
887 2667 1054 2700 Labeonis,

225 2706 375 2747 Sequitur
393 2707 544 2748 exceptio
557 2707 660 2739 Pauli:
686 2707 785 2746 [most
798 2710 830 2739 z'n
847 2709 919 2740 bello
934 2715 1054 2749 coptus,

181 2753 252 2787 pace
260 2747 373 2788 soffia,
400 2751 513 2780 deinum
530 2750 647 2789 refugit
663 2771 674 2787 ,
704 2751 809 2781 deinde
824 2757 968 2782 renovato
982 2751 1055 2782 bello

184 2791 305 2829 capitur
323 2812 335 2830 ,
363 2788 541 2831 postliminio
561 2792 641 2822 redit
663 2792 703 2822 ad
724 2801 789 2823 eum
807 2815 818 2831 ,
845 2802 864 2823 a
884 2801 939 2833 quo
952 2794 1055 2833 priore

789 2890 1061 2926 CAPU

1090 885 1162 916 bello
1182 891 1288 926 captus
1310 892 1395 924 erat,
1428 897 1439 918 z
1456 891 1533 921 modo
1556 898 1613 921 non
1631 894 1805 924 convenerit
1820 894 1852 926 in
1863 900 1958 936 pecca

1090 933 1125 958 ut
1144 929 1261 967 captivi
1278 929 1489 960 redderentur.
1515 931 1576 962 Pro
1587 934 1700 964 densum
1715 936 1831 976 refugit
1845 960 1852 970 .
1875 937 1959 978 quod

1091 969 1124 1001 T
1127 969 1275 1000 aurellius
1289 969 1388 1001 edidit
1403 979 1443 1002 ex
1461 971 1581 1004 Codice
1597 975 1738 1015 optimo,
1758 977 1899 1019 plerique
1910 978 1960 1011 Li-

1090 1011 1137 1041 bri
1155 1010 1289 1050 habent,
1315 1013 1430 1042 domum
1452 1015 1569 1053 refugit
1585 1039 1593 1053 ‚
1633 1016 1684 1048 vel
1702 1018 1818 1050 domum
1842 1021 1934 1061 fugit
1947 1043 1960 1060 ‚

1091 1051 1142 1083 vel
1167 1053 1282 1083 domum
1304 1055 1405 1085 rediit.
1461 1054 1543 1087 Illud
1567 1065 1671 1088 autem
1695 1060 1809 1091 domum
1842 1062 1961 1102 refugit

1091 1093 1195 1125 verbis
1214 1103 1322 1134 parum
1338 1117 1348 1132 2
1380 1093 1532 1128 sententia
1553 1098 1632 1130 nihil
1649 1098 1755 1133 differt
1774 1112 1791 1133 a
1807 1101 1962 1145 scriptura

1090 1133 1292 1166 Florentina:
1315 1145 1409 1176 quare
1426 1136 1499 1169 huic
1517 1137 1664 1172 stabimus
1681 1141 1713 1172 in
1731 1142 1778 1175 his
1788 1150 1800 1182 ,‘
1823 1153 1892 1176 ouae
1909 1155 1961 1186 pa-

1091 1175 1136 1207 ria
1152 1174 1239 1215 sunt,
1267 1176 1342 1208 licet
1358 1177 1497 1219 alioquin
1513 1189 1630 1220 pronus
1651 1182 1680 1213 ἃ
1698 1182 1802 1216 facilis
1819 1178 1857 1217 iit
1874 1193 1963 1218 error

1090 1216 1256 1249 scribentis
1280 1220 1396 1250 demum
1416 1229 1475 1260 pro
1499 1226 1624 1253 a'omzmi.
1666 1222 1826 1266 Exceptio
1849 1226 1963 1267 Pauli,

1092 1268 1183 1299 quam
1202 1260 1352 1300 apponit,
1375 1270 1447 1292 cum
1463 1261 1499 1293 fit
1517 1263 1555 1294 de
1570 1263 1693 1304 regula,
1718 1274 1866 1307 apparet,
1889 1277 1963 1301 eum

1094 1300 1182 1340 loqui
1202 1300 1241 1346 de
1260 1300 1314 1340 iis,
1348 1302 1399 1342 qui
1425 1301 1496 1335 sunt
1518 1304 1686 1336 mobilium
1703 1316 1855 1347 numero,
1879 1309 1918 1340 de
1933 1309 1964 1342 se

1095 1341 1298 1373 moventibus
1316 1342 1478 1376 videlicet.
1525 1345 1608 1377 Nam
1625 1350 1806 1381 moventium
1821 1350 1859 1385 ἐπ’)
1876 1353 1962 1383 mobi-

1096 1383 1170 1414 lium
1190 1384 1386 1424 appellatione
1407 1387 1482 1418 idem
1501 1386 1675 1429 fignificarz'
1708 1389 1818 1423 Celsus
1833 1392 1916 1424 dixit
1931 1393 1963 1426 in

1096 1426 1117 1457 l.
1142 1434 1193 1468 93.
1212 1426 1261 1465 ff.
1284 1427 1318 1458 de
1341 1426 1384 1458 V.
1407 1427 1438 1459 S.
1463 1437 1532 1460 Nisi
1551 1435 1667 1471 tamen,
1688 1431 1801 1473 inquit,
1827 1440 1966 1476 apparet,
1996 1439 2001 1446 ’

1095 1466 1271 1507 defunetum
1295 1469 1440 1501 animalia
1468 1471 1641 1512 duntaxat,
1663 1475 1779 1514 qniase
1795 1476 1858 1516 ipsa
1871 1484 1966 1510 move·-

1094 1516 1182 1548 rent‚
1222 1512 1373 1542 moventia
1403 1512 1523 1553 vocaſje.
1570 1513 1633 1546 Pro
1656 1514 1702 1554 fi,
1726 1516 1811 1557 quod
1836 1516 1965 1551 Floren-

1097 1552 1148 1583 tiae
1167 1561 1206 1583 eo
1224 1552 1299 1583 loco
1313 1551 1429 1594 legitur
1440 1576 1451 1592 ,
1475 1564 1514 1586 ex
1526 1555 1647 1588 Graecis
1664 1557 1725 1589 effe
1739 1557 1967 1592 restituendum

1095 1593 1172 1633 nzfi,
1193 1593 1311 1625 dudum
1325 1594 1572 1629 animadversum
1589 1596 1654 1636 est,
1679 1598 1709 1630 &
1730 1598 1896 1641 frequens,
1920 1608 1967 1633 et—

1097 1636 1159 1667 iam
1182 1635 1257 1666 alias
1274 1657 1285 1673 ‚
1318 1634 1363 1666 est
1379 1636 1487 1668 harum
1510 1647 1628 1670 vocum
1645 1642 1868 1674 commutatio.
1912 1642 1965 1674 Li-

1097 1684 1172 1719 quet
1192 1685 1315 1716 aute1n‚
1341 1676 1430 1709 Pauli
1447 1680 1671 1721 exceptionem
1690 1681 1753 1713 effe
1766 1682 1806 1713 de
1824 1682 1967 1723 homini-z,

1096 1719 1149 1760 qui
1173 1718 1259 1750 bello
1283 1726 1393 1759 captus
1411 1741 1421 1757 ‚
1455 1719 1505 1751 sed
1529 1731 1605 1762 pace
1626 1722 1786 1762 reversus,
1810 1733 1967 1757 renovato

1096 1759 1183 1791 bello
1199 1759 1312 1790 iterum
1329 1761 1462 1801 capitur.
1488 1761 1584 1794 Hunc
1601 1763 1664 1802 ait,
1689 1765 1831 1806 quamvis
1847 1766 1877 1797 in
1888 1776 1968 1808 prae-

1096 1802 1134 1832 da
1154 1800 1210 1838 fit,
1242 1800 1439 1841 postliminio
1466 1811 1568 1835 tamen
1586 1805 1686 1836 redire
1701 1806 1738 1837 ad
1754 1816 1846 1845 eum,
1870 1817 1887 1838 a
1903 1817 1970 1849 quo

1097 1843 1202 1885 priore
1230 1842 1317 1873 bello
1337 1851 1447 1883 captus
1471 1853 1547 1877 erat.
1592 1846 1634 1878 Et
1658 1846 1728 1878 sane
1748 1848 1793 1878 ita
1806 1847 1871 1887 est,
1918 1849 1969 1880 ui'a

1098 1884 1216 1926 placuit
1235 1883 1438 1922 hominibus,
1463 1887 1675 1928 cujuscunque
1686 1888 1879 1921 conditionis
1908 1897 1968 1929 int,

1097 1924 1326 1967 postliminium
1352 1924 1432 1964 effe,
1464 1937 1523 1959 nec
1549 1927 1668 1960 referre
1686 1953 1695 1969 ,
1722 1930 1833 1968 liberi,
1857 1940 1895 1963 an
1910 1930 1968 1963 ser-

1097 1967 1131 1998 vi
1159 1966 1218 1998 fint
1253 1967 1274 1998 l.
1295 1976 1342 2004 19.
1368 1966 1395 2008 ὃ.
1413 1969 1470 2000 ult.
1495 1970 1536 2011 ff.
1565 1971 1592 2001 b.
1616 1970 1677 2002 Tit.
1699 1971 1864 2012 adeoque,
1895 1982 1968 2004 curn

1099 2015 1213 2039 caetera
1226 2007 1357 2039 mobilia
1381 2011 1638 2051 recuperantibus
1668 2012 1800 2050 cedant,
1825 2013 1969 2046 homines

1098 2049 1152 2080 vel
1164 2048 1216 2080 fibi
1230 2049 1281 2080 vel
1291 2049 1428 2090 pristinis
1437 2052 1573 2084 dominis
1583 2052 1790 2085 restituuntur
1799 2055 1818 2086 l.
1834 2064 1881 2087 12.
1892 2056 1925 2087 C.
1935 2057 1970 2087 de

1096 2089 1233 2130 Postlim.
1254 2092 1367 2131 reversi
1391 2091 1421 2122 &
1448 2092 1526 2124 hanc
1547 2095 1770 2135 exceptionem
1788 2119 1799 2134 ,
1823 2097 1909 2138 quod
1930 2096 1969 2128 ad

1097 2131 1245 2170 servum,
1297 2132 1388 2163 robat
1410 2141 1534 2174 quoque
1556 2136 1577 2167 l.
1602 2145 1651 2176 27.
1666 2137 1715 2176 ff.
1738 2138 1766 2168 h.
1792 2137 1854 2170 Τιί.
1898 2137 1967 2170 Cae-

1099 2182 1201 2205 terum
1223 2173 1265 2205 Ba
1280 2174 1345 2205 ilici
1365 2174 1436 2205 Lib.
1458 2174 1622 2209 XXXIV.
1650 2177 1709 2209 Tic.
1732 2178 1756 2210 Ι.
1784 2179 1816 2211 C.
1847 2184 1899 2215 28·
1932 2177 1970 2214 δ’

1098 2214 1355 2256 Harmenopulus
1372 2219 1503 2254 noozet'ps
1524 2218 1605 2249 -1Lz'h.
1620 2218 1660 2250 II.
1698 2219 1758 2251 Tit.
1780 2220 1851 2253 VII.
1883 2220 1913 2262 §.
1935 2229 1968 2261 5.

1099 2255 1230 2287 omnino
1255 2256 1333 2287 mihi
1356 2257 1505 2289 videntur
1532 2269 1694 2301 perperam
1720 2261 1883 2293 reddidisse
1901 2261 1968 2294 sen—

1100 2297 1232 2328 tentiam
1250 2297 1340 2337 liujus
1361 2297 1470 2339 Legis,
1496 2299 1587 2341 dum,
1613 2302 1698 2342 quod
1717 2302 1755 2333 de
1778 2303 1970 2344 exceptione

1098 2338 1182 2370 dixit
1198 2337 1330 2377 Paulus,
1351 2338 1389 2369 ad
1405 2340 1543 2380 regulam
1566 2341 1969 2386 transferunt‚aJ‘untquip-

1099 2389 1158 2421 pe,
1186 2381 1214 2408 ἠ’
1238 2383 1260 2411 ἓν
1284 2383 1388 2415 πἰλὲμῳ
1410 2381 1596 2421 λοιμῖοωόμῖμὸν
1615 2384 1772 2422 ἁιδ“ς·9ἷπτδόν
1789 2389 1809 2415 ι’»
1829 2390 1932 2425 πῃιόᾳ
1946 2386 1970 2412 ι’·

1098 2422 1155 2459 ςὶν,
1178 2426 1206 2451 οὗ
1222 2422 1267 2455 μίν
1282 2425 1319 2458 τῷ
1334 2423 1428 2458 δίιιαίῳ
1444 2426 1487 2454 τῆς
1509 2427 1668 2464 tinges-3040&
1692 2424 1885 2464 ἱπανέρχεταᾳ,
1913 2426 1969 2458 At-

1098 2473 1158 2504 que
1176 2462 1197 2494 fi
1217 2462 1428 2503 mancipium,
1453 2465 1538 2504 quod
1558 2465 1588 2496 in
1630 2466 1710 2497 raeda
1735 2467 1798 2506 est,
1821 2469 1871 2509 jus
1886 2466 1968 2509 post-

1099 2503 1213 2537 liminii
1235 2513 1298 2535 non
1319 2503 1464 2535 haberet:
1489 2506 1584 2538 nimia
1692 2507 1697 2512 '

1100 2552 1203 2577 tentes
1219 2552 1357 2576 mentem
1375 2544 1532 2578 Labeonis
1559 2548 1589 2579 ἃ
1607 2547 1706 2579 Pauli.
1753 2549 1888 2582 Additur
1913 2559 1970 2591 po-

1099 2585 1247 2618 stremum
1262 2586 1294 2617 in
1316 2587 1345 2617 h.
1370 2586 1390 2616 l.
1410 2591 1460 2620 28.
1486 2587 1507 2619 fi
1524 2597 1559 2619 ea
1576 2588 1628 2620 lex
1646 2590 1734 2630 pacis
1753 2590 1808 2630 fit,
1825 2591 1967 2633 utcapti·

1099 2628 1132 2658 vi
1153 2626 1338 2666 reddantur,
1371 2626 1598 2668 postliminium
1619 2630 1666 2662 his
1681 2654 1691 2670 ‚
1724 2641 1804 2672 quos
1828 2632 1968 2671 dixerat,

1099 2669 1219 2709 captis,
1243 2667 1390 2707 reveffis,
1417 2669 1447 2700 ὃ(
1466 2669 1579 2702 iterum
1600 2673 1700 2712 captis
1718 2681 1780 2704 non
1799 2672 1881 2711 ess'e3
1905 2682 1969 2705 ma-

1098 2709 1211 2741 nifesta
1242 2709 1365 2741 ratione
1380 2733 1390 2748 ‚
1422 2720 1518 2751 quum
1536 2721 1571 2743 ea
1589 2712 1657 2752 lege
1677 2713 1860 2754 antiquum,
1885 2712 1970 2755 quod

1098 2760 1139 2782 ex
1157 2751 1344 2791 captivitate
1365 2758 1449 2790 erat,
1480 2753 1529 2793 jus
1546 2753 1677 2784 tollatur
1692 2777 1702 2793 ,
1728 2763 1830 2796 eoque
1847 2753 1969 2787 sublato

1097 2792 1136 2823 de
1151 2790 1349 2832 postliminio
1367 2791 1466 2824 inanis
1486 2792 1523 2826 fit
1542 2792 1684 2834 quaestio.

1109 2890 1144 2925 T
1242 2888 1354 2924 VII.

554 2981 606 3022 De
633 2988 826 3023 Nominibus
851 2988 967 3034 aliquot
989 2989 1130 3034 propriis
1155 2989 1189 3022 in
1217 2986 1386 3031 Pandebi‘is
1410 2985 1453 3028 {5⁹
1480 2989 1602 3033 Codice.

278 3087 416 3120 ominum
443 3090 707 3125 restituendorum
732 3092 800 3125 fere
826 3093 946 3124 inanem
969 3093 1055 3124 labo-

299 3135 363 3157 rem
392 3130 452 3160 ell'e
473 3133 556 3164 reete
578 3134 661 3165 dixit
682 3134 830 3175 Cuj'acius
862 3136 990 3174 Observ.
1014 3135 1054 3166 L.

188 3164 264 3196 XH-
291 3167 359 3204 (3οΡ-
391 3177 434 3202 18.
458 3173 535 3217 adeo
552 3174 731 3207 enim-hanc
755 3176 1004 3217 qualemcunque
1021 3185 1054 3206 o-

188 3214 293 3244 peram
318 3207 382 3242 sola
410 3214 588 3252 conjectura
612 3215 670 3251 niti
698 3216 804 3252 videas
822 3239 833 3256 ,
866 3224 900 3250 ut
927 3215 997 3252 sane
1018 3216 1056 3249 de

1098 3091 1284 3134 paucissimis
1311 3101 1383 3124 tuto
1408 3093 1504 3125 liceat
1521 3094 1698 3127 decernere.
1744 3095 1843 3140 Sunt,
1868 3097 1898 3129 δε
1913 3097 1967 3129 ali-

1099 3141 1179 3174 quot
1196 3141 1281 3164 retro
1299 3132 1419 3165 saecuiis
1436 3133 1566 3167 fuerunt
1584 3137 1614 3167 in
1634 3136 1807 3177 Republica
1822 3137 1967 3170 Erudito-

1098 3183 1166 3205 runi
1178 3197 1186 3212 ,
1200 3185 1213 3206 t
1224 3175 1253 3205 ui
1271 3176 1403 3207 nomina.
1413 3177 1560 3217 propria,
1572 3185 1635 3208 non
1650 3177 1708 3209 alia
1726 3178 1866 3218 ratione,
1877 3184 1969 3219 quam

1099 3216 1185 3257 quod
1228 3215 1343 3254 binos
1359 3216 1509 3251 lectafint
1527 3217 1621 3256 alibi,
1647 3226 1687 3250 ex
1704 3218 1970 3291 Veteranitzjris

1937 3269 1964 3290 e·

1632 2514 1768 2540 rewtate
1784 2508 1826 2540 sie
1844 2518 1968 2550 perver-
1979 2511 1987 2523 ²
