<?xml version="1.0" encoding="UTF-8"?>
<!DOCTYPE html PUBLIC "-//W3C//DTD XHTML 1.0 Transitional//EN"
    "http://www.w3.org/TR/xhtml1/DTD/xhtml1-transitional.dtd">
<html xmlns="http://www.w3.org/1999/xhtml" xml:lang="en" lang="en">
 <head>
  <title>
</title>
<meta http-equiv="Content-Type" content="text/html;charset=utf-8" />
  <meta name='ocr-system' content='tesseract 3.04.00' />
  <meta name='ocr-capabilities' content='ocr_page ocr_carea ocr_par ocr_line ocrx_word'/>
</head>
<body>
  <div class='ocr_page' id='page_1' title='image "./corneliivanbynke00bijn_0219.png"; bbox 0 0 2008 3436; ppageno 0'>
   <div class='ocr_carea' id='block_1_1' title="bbox 152 79 1660 162">
    <p class='ocr_par' dir='ltr' id='par_1_1' title="bbox 152 79 1660 162">
     <span class='ocr_line' id='line_1_1' title="bbox 152 79 1660 162; baseline -0.007 -9"><span class='ocrx_word' id='word_1_1' title='bbox 152 106 601 152; x_wconf 74' lang='lat' dir='ltr'>OBSERVATioNUM</span> <span class='ocrx_word' id='word_1_2' title='bbox 653 79 788 162; x_wconf 73' lang='lat' dir='ltr'>JuRis</span> <span class='ocrx_word' id='word_1_3' title='bbox 838 100 1053 143; x_wconf 80' lang='lat' dir='ltr'>ROMANi</span> <span class='ocrx_word' id='word_1_4' title='bbox 1103 106 1144 141; x_wconf 88' lang='lat' dir='ltr'>L.</span> <span class='ocrx_word' id='word_1_5' title='bbox 1168 104 1239 142; x_wconf 80' lang='lat' dir='ltr'>vi.</span> <span class='ocrx_word' id='word_1_6' title='bbox 1305 105 1342 143; x_wconf 86' lang='lat' dir='ltr'>c.</span> <span class='ocrx_word' id='word_1_7' title='bbox 1368 100 1487 144; x_wconf 75' lang='lat' dir='ltr'>xxii.</span> <span class='ocrx_word' id='word_1_8' title='bbox 1527 101 1660 145; x_wconf 38' lang='lat' dir='ltr'>‘xxiii‘</span> 
     </span>
    </p>
   </div>
   <div class='ocr_carea' id='block_1_2' title="bbox 34 184 913 2100">
    <p class='ocr_par' dir='ltr' id='par_1_2' title="bbox 34 184 913 1682">
     <span class='ocr_line' id='line_1_2' title="bbox 43 184 912 234; baseline -0.017 -4"><span class='ocrx_word' id='word_1_9' title='bbox 43 196 160 230; x_wconf 82' lang='lat' dir='ltr'>Praeses</span> <span class='ocrx_word' id='word_1_10' title='bbox 176 195 317 228; x_wconf 90' lang='lat' dir='ltr'>omnium</span> <span class='ocrx_word' id='word_1_11' title='bbox 331 202 459 233; x_wconf 89' lang='lat' dir='ltr'>eorum,</span> <span class='ocrx_word' id='word_1_12' title='bbox 483 200 552 234; x_wconf 82' lang='lat' dir='ltr'>quae</span> <span class='ocrx_word' id='word_1_13' title='bbox 572 190 636 233; x_wconf 83' lang='lat' dir='ltr'>ipse</span> <span class='ocrx_word' id='word_1_14' title='bbox 659 197 699 220; x_wconf 89' lang='lat' dir='ltr'>co</span> <span class='ocrx_word' id='word_1_15' title='bbox 722 186 816 219; x_wconf 86' lang='lat' dir='ltr'>novit</span> <span class='ocrx_word' id='word_1_16' title='bbox 829 209 840 225; x_wconf 91' lang='lat'>,</span> <span class='ocrx_word' id='word_1_17' title='bbox 864 184 912 233; x_wconf 86' lang='lat' dir='ltr'>sy-</span> 
     </span>
     <span class='ocr_line' id='line_1_3' title="bbox 44 227 911 280; baseline -0.015 -9"><span class='ocrx_word' id='word_1_18' title='bbox 44 238 151 280; x_wconf 83' lang='lat' dir='ltr'>nopsin</span> <span class='ocrx_word' id='word_1_19' title='bbox 173 236 392 269; x_wconf 82' lang='lat' dir='ltr'>transmittere.</span> <span class='ocrx_word' id='word_1_20' title='bbox 419 235 461 267; x_wconf 90' lang='lat' dir='ltr'>At</span> <span class='ocrx_word' id='word_1_21' title='bbox 486 243 525 265; x_wconf 90' lang='lat' dir='ltr'>ue</span> <span class='ocrx_word' id='word_1_22' title='bbox 539 233 589 272; x_wconf 90' lang='lat' dir='ltr'>id,</span> <span class='ocrx_word' id='word_1_23' title='bbox 613 232 645 265; x_wconf 87' lang='lat' dir='ltr'>ni</span> <span class='ocrx_word' id='word_1_24' title='bbox 660 229 705 262; x_wconf 90' lang='lat' dir='ltr'>fal</span> <span class='ocrx_word' id='word_1_25' title='bbox 719 237 774 274; x_wconf 66' lang='lat' dir='ltr'>or,</span> <span class='ocrx_word' id='word_1_26' title='bbox 799 227 911 269; x_wconf 72' lang='lat' dir='ltr'>fignifi-</span> 
     </span>
     <span class='ocr_line' id='line_1_4' title="bbox 44 270 911 318; baseline -0.013 -6"><span class='ocrx_word' id='word_1_27' title='bbox 44 289 95 312; x_wconf 86' lang='lat' dir='ltr'>cat</span> <span class='ocrx_word' id='word_1_28' title='bbox 103 290 116 311; x_wconf 93' lang='grc' dir='ltr'><strong><em>ο</em></strong></span> <span class='ocrx_word' id='word_1_29' title='bbox 138 281 197 310; x_wconf 68' lang='lat' dir='ltr'>{nio</span> <span class='ocrx_word' id='word_1_30' title='bbox 207 279 238 310; x_wconf 89' lang='lat' dir='ltr'>in</span> <span class='ocrx_word' id='word_1_31' title='bbox 246 276 375 316; x_wconf 86' lang='lat' dir='ltr'>Gloffis,</span> <span class='ocrx_word' id='word_1_32' title='bbox 385 286 460 318; x_wconf 81' lang='lat' dir='ltr'>quas</span> <span class='ocrx_word' id='word_1_33' title='bbox 468 274 630 308; x_wconf 65' lang='lat' dir='ltr'>salmasius</span> <span class='ocrx_word' id='word_1_34' title='bbox 638 270 791 318; x_wconf 57' lang='lat' dir='ltr'>produxit</span> <span class='ocrx_word' id='word_1_35' title='bbox 803 270 911 316; x_wconf 40' lang='lat' dir='ltr'>Cor-nme</span> 
     </span>
     <span class='ocr_line' id='line_1_5' title="bbox 43 286 909 359; baseline -0.015 -6"><span class='ocrx_word' id='word_1_36' title='bbox 43 321 81 354; x_wconf 73' lang='lat' dir='ltr'>ad</span> <span class='ocrx_word' id='word_1_37' title='bbox 108 286 244 353; x_wconf 49' lang='lat' dir='ltr'>fretella</span> <span class='ocrx_word' id='word_1_38' title='bbox 262 318 406 351; x_wconf 75' lang='lat' dir='ltr'>Pollionis</span> <span class='ocrx_word' id='word_1_39' title='bbox 424 315 539 350; x_wconf 37' lang='lat' dir='ltr'>XXX,</span> <span class='ocrx_word' id='word_1_40' title='bbox 563 315 735 359; x_wconf 61' lang='lat' dir='ltr'>Tyr-annor,</span> <span class='ocrx_word' id='word_1_41' title='bbox 756 321 788 342; x_wconf 85' lang='lat' dir='ltr'>m</span> <span class='ocrx_word' id='word_1_42' title='bbox 807 309 909 357; x_wconf 24' lang='lat' dir='ltr'>musto-</span> 
     </span>
     <span class='ocr_line' id='line_1_6' title="bbox 40 351 908 402; baseline -0.013 -7"><span class='ocrx_word' id='word_1_43' title='bbox 40 363 108 395; x_wconf 79' lang='lat' dir='ltr'>rino</span> <span class='ocrx_word' id='word_1_44' title='bbox 134 362 167 394; x_wconf 90' lang='lat' dir='ltr'>C.</span> <span class='ocrx_word' id='word_1_45' title='bbox 192 361 231 393; x_wconf 90' lang='lat' dir='ltr'>V.</span> <span class='ocrx_word' id='word_1_46' title='bbox 256 361 349 402; x_wconf 81' lang='lat' dir='ltr'>opinio</span> <span class='ocrx_word' id='word_1_47' title='bbox 373 360 499 396; x_wconf 60' lang='grc' dir='ltr'>σ-αωψη,</span> <span class='ocrx_word' id='word_1_48' title='bbox 513 355 644 400; x_wconf 65' lang='grc' dir='ltr'>]ζ)»ηορβε</span> <span class='ocrx_word' id='word_1_49' title='bbox 661 362 744 387; x_wconf 89' lang='lat' dir='ltr'>enim</span> <span class='ocrx_word' id='word_1_50' title='bbox 767 351 812 384; x_wconf 86' lang='lat' dir='ltr'>est</span> <span class='ocrx_word' id='word_1_51' title='bbox 829 361 908 392; x_wconf 71' lang='lat' dir='ltr'>ejus·</span> 
     </span>
     <span class='ocr_line' id='line_1_7' title="bbox 43 392 910 444; baseline -0.014 -8"><span class='ocrx_word' id='word_1_52' title='bbox 43 403 132 437; x_wconf 88' lang='lat' dir='ltr'>modi</span> <span class='ocrx_word' id='word_1_53' title='bbox 148 402 262 444; x_wconf 89' lang='lat' dir='ltr'>scripta</span> <span class='ocrx_word' id='word_1_54' title='bbox 278 400 541 433; x_wconf 83' lang='lat' dir='ltr'>commemoratio</span> <span class='ocrx_word' id='word_1_55' title='bbox 551 421 561 438; x_wconf 96' lang='lat'>,</span> <span class='ocrx_word' id='word_1_56' title='bbox 571 408 639 439; x_wconf 87' lang='lat' dir='ltr'>quae</span> <span class='ocrx_word' id='word_1_57' title='bbox 656 404 757 429; x_wconf 87' lang='lat' dir='ltr'>totam</span> <span class='ocrx_word' id='word_1_58' title='bbox 774 403 858 440; x_wconf 78' lang='lat' dir='ltr'>rem,</span> <span class='ocrx_word' id='word_1_59' title='bbox 871 392 910 424; x_wconf 91' lang='lat' dir='ltr'>de</span> 
     </span>
     <span class='ocr_line' id='line_1_8' title="bbox 43 436 911 488; baseline -0.014 -11"><span class='ocrx_word' id='word_1_60' title='bbox 43 455 104 488; x_wconf 86' lang='lat' dir='ltr'>qua</span> <span class='ocrx_word' id='word_1_61' title='bbox 117 445 239 487; x_wconf 82' lang='lat' dir='ltr'>agitur,</span> <span class='ocrx_word' id='word_1_62' title='bbox 262 442 349 475; x_wconf 85' lang='lat' dir='ltr'>fimul</span> <span class='ocrx_word' id='word_1_63' title='bbox 368 440 450 473; x_wconf 91' lang='lat' dir='ltr'>cons</span> <span class='ocrx_word' id='word_1_64' title='bbox 467 440 547 472; x_wconf 69' lang='lat' dir='ltr'>estui</span> <span class='ocrx_word' id='word_1_65' title='bbox 569 438 700 471; x_wconf 81' lang='lat' dir='ltr'>exhibet</span> <span class='ocrx_word' id='word_1_66' title='bbox 716 459 728 475; x_wconf 89' lang='lat'>,</span> <span class='ocrx_word' id='word_1_67' title='bbox 752 436 783 468; x_wconf 89' lang='lat'>&amp;</span> <span class='ocrx_word' id='word_1_68' title='bbox 808 443 853 467; x_wconf 89' lang='lat' dir='ltr'>ita</span> <span class='ocrx_word' id='word_1_69' title='bbox 876 444 911 482; x_wconf 79' lang='lat' dir='ltr'>ea</span> 
     </span>
     <span class='ocr_line' id='line_1_9' title="bbox 44 480 910 527; baseline -0.015 -8"><span class='ocrx_word' id='word_1_70' title='bbox 44 496 112 519; x_wconf 86' lang='lat' dir='ltr'>vox</span> <span class='ocrx_word' id='word_1_71' title='bbox 126 485 288 527; x_wconf 88' lang='lat' dir='ltr'>usurpatur</span> <span class='ocrx_word' id='word_1_72' title='bbox 305 483 336 515; x_wconf 91' lang='lat' dir='ltr'>in</span> <span class='ocrx_word' id='word_1_73' title='bbox 359 483 380 514; x_wconf 89' lang='lat' dir='ltr'>l.</span> <span class='ocrx_word' id='word_1_74' title='bbox 395 491 426 523; x_wconf 87' lang='lat'>5.</span> <span class='ocrx_word' id='word_1_75' title='bbox 468 491 538 513; x_wconf 90' lang='lat'>.11.</span> <span class='ocrx_word' id='word_1_76' title='bbox 554 481 596 523; x_wconf 89' lang='lat' dir='ltr'>ff.</span> <span class='ocrx_word' id='word_1_77' title='bbox 620 481 654 512; x_wconf 84' lang='lat' dir='ltr'>de</span> <span class='ocrx_word' id='word_1_78' title='bbox 680 480 757 512; x_wconf 86' lang='lat' dir='ltr'>Reb.</span> <span class='ocrx_word' id='word_1_79' title='bbox 781 487 837 524; x_wconf 74' lang='lat' dir='ltr'>eor.</span> <span class='ocrx_word' id='word_1_80' title='bbox 861 486 910 524; x_wconf 57' lang='lat' dir='ltr'>qut</span> 
     </span>
     <span class='ocr_line' id='line_1_10' title="bbox 34 519 911 570; baseline -0.014 -10"><span class='ocrx_word' id='word_1_81' title='bbox 34 528 93 570; x_wconf 70' lang='lat' dir='ltr'>stab</span> <span class='ocrx_word' id='word_1_82' title='bbox 115 527 196 559; x_wconf 77' lang='lat' dir='ltr'>tutet.</span> <span class='ocrx_word' id='word_1_83' title='bbox 220 525 269 558; x_wconf 80' lang='lat' dir='ltr'>vel</span> <span class='ocrx_word' id='word_1_84' title='bbox 292 533 352 557; x_wconf 78' lang='lat' dir='ltr'>eur.</span> <span class='ocrx_word' id='word_1_85' title='bbox 369 525 466 566; x_wconf 73' lang='lat' dir='ltr'>sant,</span> <span class='ocrx_word' id='word_1_86' title='bbox 482 521 545 562; x_wconf 78' lang='lat' dir='ltr'>fine</span> <span class='ocrx_word' id='word_1_87' title='bbox 564 525 671 554; x_wconf 81' lang='lat' dir='ltr'>decret.</span> <span class='ocrx_word' id='word_1_88' title='bbox 695 530 753 552; x_wconf 83' lang='lat' dir='ltr'>non</span> <span class='ocrx_word' id='word_1_89' title='bbox 773 519 864 550; x_wconf 76' lang='lat' dir='ltr'>alien.</span> <span class='ocrx_word' id='word_1_90' title='bbox 889 519 911 550; x_wconf 77' lang='lat' dir='ltr'>n</span> 
     </span>
     <span class='ocr_line' id='line_1_11' title="bbox 43 561 911 608; baseline -0.013 -7"><span class='ocrx_word' id='word_1_91' title='bbox 43 578 114 601; x_wconf 87' lang='lat' dir='ltr'>nem</span> <span class='ocrx_word' id='word_1_92' title='bbox 170 568 213 599; x_wconf 92' lang='lat' dir='ltr'>ibi</span> <span class='ocrx_word' id='word_1_93' title='bbox 234 567 371 608; x_wconf 87' lang='lat' dir='ltr'>legamus</span> <span class='ocrx_word' id='word_1_94' title='bbox 386 563 525 607; x_wconf 67' lang='lat' dir='ltr'>synopfin</span> <span class='ocrx_word' id='word_1_95' title='bbox 540 566 673 596; x_wconf 78' lang='lat' dir='ltr'>bonoram</span> <span class='ocrx_word' id='word_1_96' title='bbox 694 569 737 604; x_wconf 82' lang='lat' dir='ltr'>pu</span> <span class='ocrx_word' id='word_1_97' title='bbox 757 561 911 598; x_wconf 84' lang='lat' dir='ltr'>illarium,</span> 
     </span>
     <span class='ocr_line' id='line_1_12' title="bbox 43 602 909 648; baseline -0.013 -6"><span class='ocrx_word' id='word_1_98' title='bbox 43 617 79 642; x_wconf 91' lang='lat' dir='ltr'>ut</span> <span class='ocrx_word' id='word_1_99' title='bbox 123 608 266 642; x_wconf 85' lang='lat' dir='ltr'>lorentiae</span> <span class='ocrx_word' id='word_1_100' title='bbox 283 608 419 648; x_wconf 85' lang='lat' dir='ltr'>legitur,</span> <span class='ocrx_word' id='word_1_101' title='bbox 430 615 527 647; x_wconf 88' lang='lat' dir='ltr'>utque</span> <span class='ocrx_word' id='word_1_102' title='bbox 537 605 703 647; x_wconf 87' lang='lat' dir='ltr'>legendum</span> <span class='ocrx_word' id='word_1_103' title='bbox 712 606 741 635; x_wconf 82' lang='lat' dir='ltr'>el</span> <span class='ocrx_word' id='word_1_104' title='bbox 756 612 773 633; x_wconf 87' lang='lat' dir='ltr'>e</span> <span class='ocrx_word' id='word_1_105' title='bbox 790 602 909 633; x_wconf 87' lang='lat' dir='ltr'>Anton.</span> 
     </span>
     <span class='ocr_line' id='line_1_13' title="bbox 43 642 912 694; baseline -0.012 -11"><span class='ocrx_word' id='word_1_106' title='bbox 43 649 233 694; x_wconf 83' lang='lat' dir='ltr'>Augustinus</span> <span class='ocrx_word' id='word_1_107' title='bbox 251 649 473 680; x_wconf 86' lang='lat' dir='ltr'>animadvertit</span> <span class='ocrx_word' id='word_1_108' title='bbox 499 647 538 679; x_wconf 92' lang='lat' dir='ltr'>L.</span> <span class='ocrx_word' id='word_1_109' title='bbox 552 647 605 679; x_wconf 90' lang='lat' dir='ltr'>IV.</span> <span class='ocrx_word' id='word_1_110' title='bbox 620 646 744 678; x_wconf 71' lang='lat' dir='ltr'>Emerui.</span> <span class='ocrx_word' id='word_1_111' title='bbox 762 644 793 675; x_wconf 89' lang='lat' dir='ltr'>C.</span> <span class='ocrx_word' id='word_1_112' title='bbox 803 642 912 689; x_wconf 71' lang='lat' dir='ltr'>3·,P1f-’-</span> 
     </span>
     <span class='ocr_line' id='line_1_14' title="bbox 43 689 911 734; baseline -0.012 -10"><span class='ocrx_word' id='word_1_113' title='bbox 43 703 84 726; x_wconf 79' lang='lat' dir='ltr'>na</span> <span class='ocrx_word' id='word_1_114' title='bbox 99 693 192 734; x_wconf 84' lang='lat' dir='ltr'>opinio</span> <span class='ocrx_word' id='word_1_115' title='bbox 210 690 254 723; x_wconf 86' lang='lat' dir='ltr'>fic</span> <span class='ocrx_word' id='word_1_116' title='bbox 269 689 346 722; x_wconf 77' lang='lat' dir='ltr'>effer</span> <span class='ocrx_word' id='word_1_117' title='bbox 363 690 483 730; x_wconf 85' lang='lat' dir='ltr'>integra</span> <span class='ocrx_word' id='word_1_118' title='bbox 491 689 630 720; x_wconf 86' lang='lat' dir='ltr'>narratio</span> <span class='ocrx_word' id='word_1_119' title='bbox 639 696 749 719; x_wconf 89' lang='lat' dir='ltr'>eorum</span> <span class='ocrx_word' id='word_1_120' title='bbox 757 693 911 722; x_wconf 83' lang='lat' dir='ltr'>omnium,</span> 
     </span>
     <span class='ocr_line' id='line_1_15' title="bbox 44 724 913 775; baseline -0.012 -9"><span class='ocrx_word' id='word_1_121' title='bbox 44 743 113 770; x_wconf 78' lang='lat' dir='ltr'>ouae</span> <span class='ocrx_word' id='word_1_122' title='bbox 136 733 174 766; x_wconf 86' lang='lat' dir='ltr'>ad</span> <span class='ocrx_word' id='word_1_123' title='bbox 196 732 285 765; x_wconf 89' lang='lat' dir='ltr'>litem</span> <span class='ocrx_word' id='word_1_124' title='bbox 308 731 505 772; x_wconf 80' lang='lat' dir='ltr'>judicandam</span> <span class='ocrx_word' id='word_1_125' title='bbox 530 730 690 775; x_wconf 82' lang='lat' dir='ltr'>pertinent</span> <span class='ocrx_word' id='word_1_126' title='bbox 707 751 717 766; x_wconf 92' lang='lat'>,</span> <span class='ocrx_word' id='word_1_127' title='bbox 741 736 805 769; x_wconf 91' lang='lat' dir='ltr'>quo</span> <span class='ocrx_word' id='word_1_128' title='bbox 824 724 913 757; x_wconf 82' lang='lat' dir='ltr'>sensu</span> 
     </span>
     <span class='ocr_line' id='line_1_16' title="bbox 42 766 909 847; baseline -0.013 -39"><span class='ocrx_word' id='word_1_129' title='bbox 42 775 130 808; x_wconf 78' lang='lat' dir='ltr'>forte</span> <span class='ocrx_word' id='word_1_130' title='bbox 147 785 161 806; x_wconf 90' lang='grc' dir='ltr'><em>ο</em></span> <span class='ocrx_word' id='word_1_131' title='bbox 182 775 242 805; x_wconf 80' lang='lat' dir='ltr'>inio</span> <span class='ocrx_word' id='word_1_132' title='bbox 261 773 445 847; x_wconf 52' lang='lat' dir='ltr'>adementia</span> <span class='ocrx_word' id='word_1_133' title='bbox 467 771 670 813; x_wconf 85' lang='lat' dir='ltr'>distinguitur</span> <span class='ocrx_word' id='word_1_134' title='bbox 685 770 716 801; x_wconf 90' lang='lat' dir='ltr'>in</span> <span class='ocrx_word' id='word_1_135' title='bbox 734 769 753 800; x_wconf 86' lang='lat' dir='ltr'>l.</span> <span class='ocrx_word' id='word_1_136' title='bbox 768 766 837 813; x_wconf 44' lang='lat' dir='ltr'>83l.</span> <span class='ocrx_word' id='word_1_137' title='bbox 849 776 878 814; x_wconf 72' lang='lat' dir='ltr'>o.</span> <span class='ocrx_word' id='word_1_138' title='bbox 890 766 909 797; x_wconf 88' lang='lat' dir='ltr'>l</span> 
     </span>
     <span class='ocr_line' id='line_1_17' title="bbox 45 809 910 855; baseline -0.014 -6"><span class='ocrx_word' id='word_1_139' title='bbox 45 818 64 849; x_wconf 75' lang='lat' dir='ltr'>l.</span> <span class='ocrx_word' id='word_1_140' title='bbox 79 827 126 849; x_wconf 78' lang='grc' dir='ltr'>ιι.</span> <span class='ocrx_word' id='word_1_141' title='bbox 179 816 199 847; x_wconf 81' lang='lat'>1.</span> <span class='ocrx_word' id='word_1_142' title='bbox 218 818 264 847; x_wconf 84' lang='lat'>16.</span> <span class='ocrx_word' id='word_1_143' title='bbox 308 813 383 846; x_wconf 55' lang='lat' dir='ltr'>(rh.</span> <span class='ocrx_word' id='word_1_144' title='bbox 395 815 429 845; x_wconf 84' lang='lat' dir='ltr'>de</span> <span class='ocrx_word' id='word_1_145' title='bbox 439 813 588 854; x_wconf 74' lang='lat' dir='ltr'>Appellat.</span> <span class='ocrx_word' id='word_1_146' title='bbox 600 809 910 855; x_wconf 28' lang='lat' dir='ltr'>Abejusmodiovmz-</span> 
     </span>
     <span class='ocr_line' id='line_1_18' title="bbox 45 851 910 897; baseline -0.013 -7"><span class='ocrx_word' id='word_1_147' title='bbox 45 869 95 891; x_wconf 82' lang='lat' dir='ltr'>one</span> <span class='ocrx_word' id='word_1_148' title='bbox 108 881 119 897; x_wconf 91' lang='lat'>,</span> <span class='ocrx_word' id='word_1_149' title='bbox 139 857 170 889; x_wconf 89' lang='lat' dir='ltr'>id</span> <span class='ocrx_word' id='word_1_150' title='bbox 186 856 250 896; x_wconf 85' lang='lat' dir='ltr'>est,</span> <span class='ocrx_word' id='word_1_151' title='bbox 277 855 437 896; x_wconf 83' lang='lat' dir='ltr'>conscripta</span> <span class='ocrx_word' id='word_1_152' title='bbox 446 855 568 895; x_wconf 81' lang='lat' dir='ltr'>forma,</span> <span class='ocrx_word' id='word_1_153' title='bbox 591 862 671 895; x_wconf 88' lang='lat' dir='ltr'>puto</span> <span class='ocrx_word' id='word_1_154' title='bbox 687 851 788 883; x_wconf 62' lang='lat' dir='ltr'>dictos</span> <span class='ocrx_word' id='word_1_155' title='bbox 803 852 831 881; x_wconf 89' lang='lat' dir='ltr'>el</span> <span class='ocrx_word' id='word_1_156' title='bbox 847 858 864 879; x_wconf 92' lang='lat' dir='ltr'>e</span> <span class='ocrx_word' id='word_1_157' title='bbox 883 858 910 879; x_wconf 91' lang='lat' dir='ltr'>o-</span> 
     </span>
     <span class='ocr_line' id='line_1_19' title="bbox 39 892 911 942; baseline -0.014 -11"><span class='ocrx_word' id='word_1_158' title='bbox 39 902 210 942; x_wconf 77' lang='lat' dir='ltr'>pinatures,</span> <span class='ocrx_word' id='word_1_159' title='bbox 220 898 272 940; x_wconf 93' lang='lat' dir='ltr'>qui</span> <span class='ocrx_word' id='word_1_160' title='bbox 284 906 439 929; x_wconf 85' lang='lat' dir='ltr'>annonam</span> <span class='ocrx_word' id='word_1_161' title='bbox 453 896 619 928; x_wconf 88' lang='lat' dir='ltr'>militarem</span> <span class='ocrx_word' id='word_1_162' title='bbox 635 892 802 934; x_wconf 79' lang='lat' dir='ltr'>exigebant</span> <span class='ocrx_word' id='word_1_163' title='bbox 812 914 822 929; x_wconf 91' lang='lat'>,</span> <span class='ocrx_word' id='word_1_164' title='bbox 835 899 911 937; x_wconf 79' lang='lat' dir='ltr'>quo-</span> 
     </span>
     <span class='ocr_line' id='line_1_20' title="bbox 46 932 912 982; baseline -0.014 -9"><span class='ocrx_word' id='word_1_165' title='bbox 46 949 179 982; x_wconf 82' lang='lat' dir='ltr'>rumque</span> <span class='ocrx_word' id='word_1_166' title='bbox 196 939 316 971; x_wconf 88' lang='lat' dir='ltr'>mentio</span> <span class='ocrx_word' id='word_1_167' title='bbox 335 937 380 970; x_wconf 90' lang='lat' dir='ltr'>est</span> <span class='ocrx_word' id='word_1_168' title='bbox 396 938 425 969; x_wconf 91' lang='lat' dir='ltr'>in</span> <span class='ocrx_word' id='word_1_169' title='bbox 449 938 469 968; x_wconf 88' lang='lat' dir='ltr'>l.</span> <span class='ocrx_word' id='word_1_170' title='bbox 482 947 510 977; x_wconf 85' lang='lat'>7.</span> <span class='ocrx_word' id='word_1_171' title='bbox 538 937 568 968; x_wconf 89' lang='lat' dir='ltr'>C.</span> <span class='ocrx_word' id='word_1_172' title='bbox 592 937 626 966; x_wconf 80' lang='lat' dir='ltr'>cle</span> <span class='ocrx_word' id='word_1_173' title='bbox 651 932 790 979; x_wconf 54' lang='grc' dir='ltr'>Εχαεῖρνς</span> <span class='ocrx_word' id='word_1_174' title='bbox 810 932 912 977; x_wconf 67' lang='grc' dir='ltr'>ζνιὺατ.</span> 
     </span>
     <span class='ocr_line' id='line_1_21' title="bbox 48 973 913 1021; baseline -0.015 -6"><span class='ocrx_word' id='word_1_175' title='bbox 48 984 68 1015; x_wconf 79' lang='lat' dir='ltr'>l.</span> <span class='ocrx_word' id='word_1_176' title='bbox 99 991 147 1014; x_wconf 82' lang='lat'>11.</span> <span class='ocrx_word' id='word_1_177' title='bbox 169 982 200 1013; x_wconf 91' lang='lat' dir='ltr'>C.</span> <span class='ocrx_word' id='word_1_178' title='bbox 225 982 258 1012; x_wconf 83' lang='lat' dir='ltr'>de</span> <span class='ocrx_word' id='word_1_179' title='bbox 283 979 406 1021; x_wconf 83' lang='lat' dir='ltr'>Erogat.</span> <span class='ocrx_word' id='word_1_180' title='bbox 430 979 518 1009; x_wconf 78' lang='lat' dir='ltr'>milit.</span> <span class='ocrx_word' id='word_1_181' title='bbox 540 986 647 1009; x_wconf 78' lang='lat' dir='ltr'>annon.</span> <span class='ocrx_word' id='word_1_182' title='bbox 672 973 788 1020; x_wconf 80' lang='lat' dir='ltr'>&amp;alibi</span> <span class='ocrx_word' id='word_1_183' title='bbox 809 982 840 1003; x_wconf 89' lang='lat' dir='ltr'>in</span> <span class='ocrx_word' id='word_1_184' title='bbox 863 973 913 1003; x_wconf 82' lang='lat' dir='ltr'>Co-</span> 
     </span>
     <span class='ocr_line' id='line_1_22' title="bbox 47 1013 910 1062; baseline -0.015 -6"><span class='ocrx_word' id='word_1_185' title='bbox 47 1026 129 1062; x_wconf 74' lang='lat' dir='ltr'>dice,</span> <span class='ocrx_word' id='word_1_186' title='bbox 149 1031 212 1054; x_wconf 88' lang='lat' dir='ltr'>non</span> <span class='ocrx_word' id='word_1_187' title='bbox 230 1022 313 1052; x_wconf 90' lang='lat' dir='ltr'>enim</span> <span class='ocrx_word' id='word_1_188' title='bbox 331 1020 377 1051; x_wconf 89' lang='lat' dir='ltr'>illi</span> <span class='ocrx_word' id='word_1_189' title='bbox 395 1019 602 1059; x_wconf 78' lang='lat' dir='ltr'>opinabantur</span> <span class='ocrx_word' id='word_1_190' title='bbox 623 1025 677 1048; x_wconf 86' lang='lat' dir='ltr'>aut</span> <span class='ocrx_word' id='word_1_191' title='bbox 697 1013 910 1059; x_wconf 75' lang='lat' dir='ltr'>aestimabant,</span> 
     </span>
     <span class='ocr_line' id='line_1_23' title="bbox 49 1053 909 1107; baseline -0.013 -11"><span class='ocrx_word' id='word_1_192' title='bbox 49 1072 197 1107; x_wconf 85' lang='lat' dir='ltr'>quantum</span> <span class='ocrx_word' id='word_1_193' title='bbox 215 1062 329 1102; x_wconf 89' lang='lat' dir='ltr'>cuique</span> <span class='ocrx_word' id='word_1_194' title='bbox 347 1059 422 1092; x_wconf 79' lang='lat' dir='ltr'>effet</span> <span class='ocrx_word' id='word_1_195' title='bbox 438 1058 665 1091; x_wconf 87' lang='lat' dir='ltr'>conferendum</span> <span class='ocrx_word' id='word_1_196' title='bbox 676 1081 685 1098; x_wconf 88' lang='lat'>,</span> <span class='ocrx_word' id='word_1_197' title='bbox 705 1055 756 1102; x_wconf 81' lang='lat' dir='ltr'>sed</span> <span class='ocrx_word' id='word_1_198' title='bbox 773 1053 909 1100; x_wconf 72' lang='lat' dir='ltr'>species,</span> 
     </span>
     <span class='ocr_line' id='line_1_24' title="bbox 49 1096 909 1143; baseline -0.014 -5"><span class='ocrx_word' id='word_1_199' title='bbox 49 1106 85 1138; x_wconf 79' lang='lat' dir='ltr'>ad</span> <span class='ocrx_word' id='word_1_200' title='bbox 99 1112 251 1137; x_wconf 84' lang='lat' dir='ltr'>annonam</span> <span class='ocrx_word' id='word_1_201' title='bbox 270 1101 436 1133; x_wconf 89' lang='lat' dir='ltr'>militarem</span> <span class='ocrx_word' id='word_1_202' title='bbox 454 1101 664 1141; x_wconf 85' lang='lat' dir='ltr'>pertinentes,</span> <span class='ocrx_word' id='word_1_203' title='bbox 681 1096 848 1143; x_wconf 81' lang='lat' dir='ltr'>exigebant</span> <span class='ocrx_word' id='word_1_204' title='bbox 867 1097 909 1127; x_wconf 81' lang='lat' dir='ltr'>ie-</span> 
     </span>
     <span class='ocr_line' id='line_1_25' title="bbox 48 1136 911 1183; baseline -0.013 -5"><span class='ocrx_word' id='word_1_205' title='bbox 48 1146 182 1181; x_wconf 87' lang='lat' dir='ltr'>cundum</span> <span class='ocrx_word' id='word_1_206' title='bbox 198 1143 333 1175; x_wconf 87' lang='lat' dir='ltr'>formam</span> <span class='ocrx_word' id='word_1_207' title='bbox 348 1141 401 1174; x_wconf 89' lang='lat' dir='ltr'>fibi</span> <span class='ocrx_word' id='word_1_208' title='bbox 422 1140 652 1183; x_wconf 66' lang='lat' dir='ltr'>praescriptam,</span> <span class='ocrx_word' id='word_1_209' title='bbox 677 1140 777 1181; x_wconf 60' lang='lat' dir='ltr'>qualis</span> <span class='ocrx_word' id='word_1_210' title='bbox 791 1161 801 1177; x_wconf 91' lang='lat'>‚</span> <span class='ocrx_word' id='word_1_211' title='bbox 825 1136 911 1178; x_wconf 92' lang='lat' dir='ltr'>quod</span> 
     </span>
     <span class='ocr_line' id='line_1_26' title="bbox 48 1178 909 1226; baseline -0.012 -7"><span class='ocrx_word' id='word_1_212' title='bbox 48 1188 86 1221; x_wconf 78' lang='lat' dir='ltr'>ad</span> <span class='ocrx_word' id='word_1_213' title='bbox 101 1185 215 1218; x_wconf 86' lang='lat' dir='ltr'>vestem</span> <span class='ocrx_word' id='word_1_214' title='bbox 231 1184 419 1224; x_wconf 83' lang='lat' dir='ltr'>militarem,</span> <span class='ocrx_word' id='word_1_215' title='bbox 446 1182 626 1225; x_wconf 85' lang='lat' dir='ltr'>praescripta</span> <span class='ocrx_word' id='word_1_216' title='bbox 644 1180 690 1213; x_wconf 89' lang='lat' dir='ltr'>est</span> <span class='ocrx_word' id='word_1_217' title='bbox 709 1181 741 1212; x_wconf 90' lang='lat' dir='ltr'>in</span> <span class='ocrx_word' id='word_1_218' title='bbox 764 1179 784 1226; x_wconf 83' lang='lat' dir='ltr'>l.</span> <span class='ocrx_word' id='word_1_219' title='bbox 811 1188 839 1211; x_wconf 81' lang='lat'>2.</span> <span class='ocrx_word' id='word_1_220' title='bbox 866 1178 909 1225; x_wconf 39' lang='lat' dir='ltr'>.C.</span> 
     </span>
     <span class='ocr_line' id='line_1_27' title="bbox 46 1223 908 1297; baseline -0.01 -37"><span class='ocrx_word' id='word_1_221' title='bbox 46 1230 80 1262; x_wconf 70' lang='lat' dir='ltr'>de</span> <span class='ocrx_word' id='word_1_222' title='bbox 98 1227 196 1260; x_wconf 46' lang='lat' dir='ltr'>Melit.</span> <span class='ocrx_word' id='word_1_223' title='bbox 219 1223 292 1267; x_wconf 81' lang='lat' dir='ltr'>vest.</span> <span class='ocrx_word' id='word_1_224' title='bbox 335 1225 430 1265; x_wconf 88' lang='lat' dir='ltr'>Scio,</span> <span class='ocrx_word' id='word_1_225' title='bbox 454 1225 546 1256; x_wconf 89' lang='lat' dir='ltr'>aliam</span> <span class='ocrx_word' id='word_1_226' title='bbox 568 1223 788 1297; x_wconf 77' lang='lat' dir='ltr'>appellationis</span> <span class='ocrx_word' id='word_1_227' title='bbox 814 1227 908 1252; x_wconf 87' lang='lat' dir='ltr'>ratio-</span> 
     </span>
     <span class='ocr_line' id='line_1_28' title="bbox 46 1261 909 1306; baseline -0.01 -4"><span class='ocrx_word' id='word_1_228' title='bbox 46 1278 118 1303; x_wconf 84' lang='lat' dir='ltr'>nem</span> <span class='ocrx_word' id='word_1_229' title='bbox 135 1268 222 1302; x_wconf 87' lang='lat' dir='ltr'>reddi</span> <span class='ocrx_word' id='word_1_230' title='bbox 244 1268 282 1299; x_wconf 91' lang='lat' dir='ltr'>ab</span> <span class='ocrx_word' id='word_1_231' title='bbox 301 1266 428 1299; x_wconf 87' lang='lat' dir='ltr'>Alciato</span> <span class='ocrx_word' id='word_1_232' title='bbox 456 1266 496 1298; x_wconf 91' lang='lat' dir='ltr'>L.</span> <span class='ocrx_word' id='word_1_233' title='bbox 521 1265 581 1297; x_wconf 90' lang='lat' dir='ltr'>VII</span> <span class='ocrx_word' id='word_1_234' title='bbox 600 1291 606 1297; x_wconf 89' lang='lat'>.</span> <span class='ocrx_word' id='word_1_235' title='bbox 631 1265 757 1306; x_wconf 80' lang='lat' dir='ltr'>Parerg.</span> <span class='ocrx_word' id='word_1_236' title='bbox 780 1261 852 1303; x_wconf 76' lang='lat' dir='ltr'>Jar.</span> <span class='ocrx_word' id='word_1_237' title='bbox 877 1261 909 1293; x_wconf 90' lang='lat' dir='ltr'>C.</span> 
     </span>
     <span class='ocr_line' id='line_1_29' title="bbox 49 1302 909 1349; baseline -0.01 -6"><span class='ocrx_word' id='word_1_238' title='bbox 49 1320 99 1348; x_wconf 80' lang='lat'>12·</span> <span class='ocrx_word' id='word_1_239' title='bbox 123 1309 228 1343; x_wconf 84' lang='lat' dir='ltr'>rursus</span> <span class='ocrx_word' id='word_1_240' title='bbox 245 1308 337 1340; x_wconf 87' lang='lat' dir='ltr'>aliam</span> <span class='ocrx_word' id='word_1_241' title='bbox 355 1317 373 1340; x_wconf 86' lang='lat' dir='ltr'>a</span> <span class='ocrx_word' id='word_1_242' title='bbox 390 1307 522 1349; x_wconf 89' lang='lat' dir='ltr'>Cujacio</span> <span class='ocrx_word' id='word_1_243' title='bbox 537 1307 574 1339; x_wconf 89' lang='lat' dir='ltr'>ad</span> <span class='ocrx_word' id='word_1_244' title='bbox 597 1308 626 1339; x_wconf 85' lang='lat' dir='ltr'>d.</span> <span class='ocrx_word' id='word_1_245' title='bbox 649 1306 670 1338; x_wconf 86' lang='lat' dir='ltr'>l.</span> <span class='ocrx_word' id='word_1_246' title='bbox 695 1315 744 1337; x_wconf 91' lang='lat'>11.</span> <span class='ocrx_word' id='word_1_247' title='bbox 769 1305 801 1336; x_wconf 89' lang='lat' dir='ltr'>C.</span> <span class='ocrx_word' id='word_1_248' title='bbox 822 1303 855 1334; x_wconf 86' lang='lat' dir='ltr'>de</span> <span class='ocrx_word' id='word_1_249' title='bbox 867 1302 909 1334; x_wconf 85' lang='lat' dir='ltr'>E-</span> 
     </span>
     <span class='ocr_line' id='line_1_30' title="bbox 44 1344 909 1395; baseline -0.01 -10"><span class='ocrx_word' id='word_1_250' title='bbox 44 1359 142 1395; x_wconf 72' lang='lat' dir='ltr'>rogat.</span> <span class='ocrx_word' id='word_1_251' title='bbox 166 1351 254 1383; x_wconf 80' lang='lat' dir='ltr'>milit.</span> <span class='ocrx_word' id='word_1_252' title='bbox 273 1359 345 1382; x_wconf 83' lang='lat' dir='ltr'>ann.</span> <span class='ocrx_word' id='word_1_253' title='bbox 369 1350 400 1382; x_wconf 86' lang='lat'>&amp;</span> <span class='ocrx_word' id='word_1_254' title='bbox 418 1350 530 1382; x_wconf 87' lang='lat' dir='ltr'>iterum</span> <span class='ocrx_word' id='word_1_255' title='bbox 549 1349 641 1380; x_wconf 90' lang='lat' dir='ltr'>aliam</span> <span class='ocrx_word' id='word_1_256' title='bbox 668 1357 686 1379; x_wconf 90' lang='lat' dir='ltr'>a</span> <span class='ocrx_word' id='word_1_257' title='bbox 712 1344 858 1379; x_wconf 85' lang='lat' dir='ltr'>Salmafio</span> <span class='ocrx_word' id='word_1_258' title='bbox 880 1345 909 1376; x_wconf 82' lang='lat' dir='ltr'>d.-</span> 
     </span>
     <span class='ocr_line' id='line_1_31' title="bbox 43 1387 911 1432; baseline -0.009 -7"><span class='ocrx_word' id='word_1_259' title='bbox 43 1395 100 1425; x_wconf 72' lang='lat' dir='ltr'>loc.</span> <span class='ocrx_word' id='word_1_260' title='bbox 125 1392 177 1426; x_wconf 88' lang='lat' dir='ltr'>sed</span> <span class='ocrx_word' id='word_1_261' title='bbox 203 1391 297 1424; x_wconf 83' lang='lat' dir='ltr'>ausim</span> <span class='ocrx_word' id='word_1_262' title='bbox 315 1389 457 1432; x_wconf 86' lang='lat' dir='ltr'>praestare</span> <span class='ocrx_word' id='word_1_263' title='bbox 473 1413 485 1430; x_wconf 90' lang='lat'>,</span> <span class='ocrx_word' id='word_1_264' title='bbox 507 1390 625 1422; x_wconf 88' lang='lat' dir='ltr'>nullam</span> <span class='ocrx_word' id='word_1_265' title='bbox 644 1398 749 1420; x_wconf 88' lang='lat' dir='ltr'>earum</span> <span class='ocrx_word' id='word_1_266' title='bbox 775 1387 911 1425; x_wconf 88' lang='lat' dir='ltr'>bonam,</span> 
     </span>
     <span class='ocr_line' id='line_1_32' title="bbox 44 1430 911 1475; baseline -0.007 -9"><span class='ocrx_word' id='word_1_267' title='bbox 44 1435 138 1467; x_wconf 81' lang='lat' dir='ltr'>aliam</span> <span class='ocrx_word' id='word_1_268' title='bbox 155 1433 216 1466; x_wconf 81' lang='lat' dir='ltr'>alia</span> <span class='ocrx_word' id='word_1_269' title='bbox 232 1433 371 1475; x_wconf 86' lang='lat' dir='ltr'>pejorem</span> <span class='ocrx_word' id='word_1_270' title='bbox 388 1431 449 1464; x_wconf 83' lang='lat' dir='ltr'>effe</span> <span class='ocrx_word' id='word_1_271' title='bbox 464 1443 474 1472; x_wconf 80' lang='lat'>3</span> <span class='ocrx_word' id='word_1_272' title='bbox 504 1438 536 1463; x_wconf 92' lang='lat' dir='ltr'>at</span> <span class='ocrx_word' id='word_1_273' title='bbox 553 1441 618 1464; x_wconf 91' lang='lat' dir='ltr'>non</span> <span class='ocrx_word' id='word_1_274' title='bbox 633 1430 679 1462; x_wconf 88' lang='lat' dir='ltr'>est</span> <span class='ocrx_word' id='word_1_275' title='bbox 693 1454 704 1471; x_wconf 92' lang='lat'><em>‚</em></span> <span class='ocrx_word' id='word_1_276' title='bbox 728 1438 765 1463; x_wconf 88' lang='lat' dir='ltr'>ut</span> <span class='ocrx_word' id='word_1_277' title='bbox 789 1434 911 1461; x_wconf 89' lang='lat' dir='ltr'>tantum</span> 
     </span>
     <span class='ocr_line' id='line_1_33' title="bbox 47 1476 213 1509; baseline -0.012 0"><span class='ocrx_word' id='word_1_278' title='bbox 47 1476 79 1509; x_wconf 81' lang='lat' dir='ltr'>di</span> <span class='ocrx_word' id='word_1_279' title='bbox 103 1476 213 1508; x_wconf 82' lang='lat' dir='ltr'>rediar.</span> 
     </span>
     <span class='ocr_line' id='line_1_34' title="bbox 54 1510 911 1558; baseline -0.006 -9"><span class='ocrx_word' id='word_1_280' title='bbox 54 1536 57 1537; x_wconf 32' lang='grc' dir='ltr'><em>ν</em></span> <span class='ocrx_word' id='word_1_281' title='bbox 120 1525 248 1550; x_wconf 83' lang='lat' dir='ltr'>evei-tor</span> <span class='ocrx_word' id='word_1_282' title='bbox 269 1516 365 1558; x_wconf 89' lang='lat' dir='ltr'>igitur</span> <span class='ocrx_word' id='word_1_283' title='bbox 387 1516 425 1549; x_wconf 87' lang='lat' dir='ltr'>ad</span> <span class='ocrx_word' id='word_1_284' title='bbox 450 1515 584 1549; x_wconf 89' lang='lat' dir='ltr'>nostram</span> <span class='ocrx_word' id='word_1_285' title='bbox 609 1516 629 1548; x_wconf 86' lang='lat' dir='ltr'>l.</span> <span class='ocrx_word' id='word_1_286' title='bbox 653 1518 683 1546; x_wconf 92' lang='lat'>6.</span> <span class='ocrx_word' id='word_1_287' title='bbox 709 1513 738 1556; x_wconf 85' lang='lat'>§.</span> <span class='ocrx_word' id='word_1_288' title='bbox 766 1522 792 1545; x_wconf 93' lang='lat'>1.</span> <span class='ocrx_word' id='word_1_289' title='bbox 815 1512 865 1552; x_wconf 86' lang='lat'>&amp;,</span> <span class='ocrx_word' id='word_1_290' title='bbox 889 1510 911 1545; x_wconf 87' lang='lat' dir='ltr'>fi</span> 
     </span>
     <span class='ocr_line' id='line_1_35' title="bbox 45 1554 909 1599; baseline -0.01 -5"><span class='ocrx_word' id='word_1_291' title='bbox 45 1569 116 1594; x_wconf 65' lang='lat' dir='ltr'>‚mm</span> <span class='ocrx_word' id='word_1_292' title='bbox 140 1557 223 1590; x_wconf 58' lang='lat' dir='ltr'>reste</span> <span class='ocrx_word' id='word_1_293' title='bbox 247 1559 457 1599; x_wconf 89' lang='lat' dir='ltr'>interpretor,</span> <span class='ocrx_word' id='word_1_294' title='bbox 481 1558 545 1590; x_wconf 91' lang='lat' dir='ltr'>duo</span> <span class='ocrx_word' id='word_1_295' title='bbox 569 1557 719 1590; x_wconf 81' lang='lat' dir='ltr'>deiiderat</span> <span class='ocrx_word' id='word_1_296' title='bbox 740 1554 909 1597; x_wconf 84' lang='lat' dir='ltr'>Ulpianus,</span> 
     </span>
     <span class='ocr_line' id='line_1_36' title="bbox 47 1598 910 1640; baseline -0.008 -7"><span class='ocrx_word' id='word_1_297' title='bbox 47 1602 203 1640; x_wconf 81' lang='lat' dir='ltr'>alterum,</span> <span class='ocrx_word' id='word_1_298' title='bbox 227 1607 262 1632; x_wconf 85' lang='lat' dir='ltr'>ut</span> <span class='ocrx_word' id='word_1_299' title='bbox 277 1598 391 1632; x_wconf 86' lang='lat' dir='ltr'>Praeses</span> <span class='ocrx_word' id='word_1_300' title='bbox 407 1598 491 1631; x_wconf 85' lang='lat' dir='ltr'>suam</span> <span class='ocrx_word' id='word_1_301' title='bbox 510 1599 603 1640; x_wconf 90' lang='lat' dir='ltr'>ipfius</span> <span class='ocrx_word' id='word_1_302' title='bbox 621 1598 807 1631; x_wconf 87' lang='lat' dir='ltr'>sententiam</span> <span class='ocrx_word' id='word_1_303' title='bbox 832 1603 910 1627; x_wconf 85' lang='lat' dir='ltr'>tran—</span> 
     </span>
     <span class='ocr_line' id='line_1_37' title="bbox 46 1636 908 1682; baseline -0.006 -8"><span class='ocrx_word' id='word_1_304' title='bbox 46 1641 162 1675; x_wconf 80' lang='lat' dir='ltr'>scribat</span> <span class='ocrx_word' id='word_1_305' title='bbox 177 1666 187 1682; x_wconf 89' lang='lat'>,</span> <span class='ocrx_word' id='word_1_306' title='bbox 218 1641 349 1674; x_wconf 87' lang='lat' dir='ltr'>alterum</span> <span class='ocrx_word' id='word_1_307' title='bbox 366 1665 376 1680; x_wconf 97' lang='lat'>,</span> <span class='ocrx_word' id='word_1_308' title='bbox 402 1649 437 1671; x_wconf 91' lang='lat' dir='ltr'>ut</span> <span class='ocrx_word' id='word_1_309' title='bbox 461 1641 553 1672; x_wconf 77' lang='lat' dir='ltr'>addat</span> <span class='ocrx_word' id='word_1_310' title='bbox 576 1642 677 1672; x_wconf 90' lang='lat' dir='ltr'>totius</span> <span class='ocrx_word' id='word_1_311' title='bbox 701 1638 801 1671; x_wconf 85' lang='lat' dir='ltr'>causae</span> <span class='ocrx_word' id='word_1_312' title='bbox 817 1636 908 1680; x_wconf 85' lang='lat' dir='ltr'>syno-</span> 
     </span>
    </p>

    <p class='ocr_par' dir='ltr' id='par_1_3' title="bbox 69 1680 910 1724">
     <span class='ocr_line' id='line_1_38' title="bbox 69 1680 910 1724; baseline -0.007 -8"><span class='ocrx_word' id='word_1_313' title='bbox 69 1683 122 1717; x_wconf 91' lang='lat' dir='ltr'>sm.</span> <span class='ocrx_word' id='word_1_314' title='bbox 140 1683 316 1724; x_wconf 86' lang='lat' dir='ltr'>Utrumque</span> <span class='ocrx_word' id='word_1_315' title='bbox 330 1683 426 1714; x_wconf 87' lang='lat' dir='ltr'>etiam</span> <span class='ocrx_word' id='word_1_316' title='bbox 441 1692 481 1714; x_wconf 85' lang='lat' dir='ltr'>ex</span> <span class='ocrx_word' id='word_1_317' title='bbox 506 1682 657 1714; x_wconf 79' lang='lat' dir='ltr'>refferunt</span> <span class='ocrx_word' id='word_1_318' title='bbox 673 1680 813 1719; x_wconf 79' lang='lat' dir='ltr'>Basilici,</span> <span class='ocrx_word' id='word_1_319' title='bbox 831 1687 910 1721; x_wconf 90' lang='lat' dir='ltr'>quos</span> 
     </span>
    </p>

    <p class='ocr_par' dir='ltr' id='par_1_4' title="bbox 35 1692 912 2100">
     <span class='ocr_line' id='line_1_39' title="bbox 73 1692 909 1766; baseline -0.006 -9"><span class='ocrx_word' id='word_1_320' title='bbox 73 1725 100 1756; x_wconf 91' lang='lat' dir='ltr'>&#39;c</span> <span class='ocrx_word' id='word_1_321' title='bbox 115 1725 153 1757; x_wconf 85' lang='lat' dir='ltr'>ad</span> <span class='ocrx_word' id='word_1_322' title='bbox 173 1732 276 1766; x_wconf 68' lang='lat' dir='ltr'>partes</span> <span class='ocrx_word' id='word_1_323' title='bbox 294 1733 398 1762; x_wconf 85' lang='lat' dir='ltr'>voco,</span> <span class='ocrx_word' id='word_1_324' title='bbox 422 1724 464 1757; x_wconf 89' lang='lat' dir='ltr'>L.</span> <span class='ocrx_word' id='word_1_325' title='bbox 480 1692 552 1757; x_wconf 54' lang='lat' dir='ltr'>EX.</span> <span class='ocrx_word' id='word_1_326' title='bbox 583 1724 617 1756; x_wconf 91' lang='lat' dir='ltr'>T.</span> <span class='ocrx_word' id='word_1_327' title='bbox 633 1732 686 1764; x_wconf 84' lang='lat'>54.</span> <span class='ocrx_word' id='word_1_328' title='bbox 714 1723 746 1754; x_wconf 90' lang='lat' dir='ltr'>C.</span> <span class='ocrx_word' id='word_1_329' title='bbox 769 1725 798 1753; x_wconf 92' lang='lat'>6.</span> <span class='ocrx_word' id='word_1_330' title='bbox 846 1745 853 1752; x_wconf 91' lang='lat'>.</span> <span class='ocrx_word' id='word_1_331' title='bbox 882 1729 909 1752; x_wconf 84' lang='lat'>1.</span> 
     </span>
     <span class='ocr_line' id='line_1_40' title="bbox 45 1764 909 1808; baseline -0.006 -10"><span class='ocrx_word' id='word_1_332' title='bbox 45 1775 120 1798; x_wconf 84' lang='lat' dir='ltr'>cum</span> <span class='ocrx_word' id='word_1_333' title='bbox 136 1766 232 1806; x_wconf 83' lang='lat' dir='ltr'>ajunt.</span> <span class='ocrx_word' id='word_1_334' title='bbox 270 1765 434 1805; x_wconf 77' lang='lat' dir='ltr'>Praesides,</span> <span class='ocrx_word' id='word_1_335' title='bbox 459 1766 481 1799; x_wconf 88' lang='lat' dir='ltr'><strong>fi</strong></span> <span class='ocrx_word' id='word_1_336' title='bbox 500 1775 592 1808; x_wconf 86' lang='lat' dir='ltr'>quem</span> <span class='ocrx_word' id='word_1_337' title='bbox 609 1764 837 1806; x_wconf 89' lang='lat' dir='ltr'>deportandum</span> <span class='ocrx_word' id='word_1_338' title='bbox 854 1771 909 1803; x_wconf 88' lang='lat' dir='ltr'>pu-</span> 
     </span>
     <span class='ocr_line' id='line_1_41' title="bbox 45 1805 906 1847; baseline -0.006 -10"><span class='ocrx_word' id='word_1_339' title='bbox 45 1814 132 1846; x_wconf 74' lang='lat' dir='ltr'>tent,</span> <span class='ocrx_word' id='word_1_340' title='bbox 158 1809 258 1840; x_wconf 65' lang='grc' dir='ltr'>τελείως</span> <span class='ocrx_word' id='word_1_341' title='bbox 278 1810 312 1839; x_wconf 65' lang='grc' dir='ltr'>τὰ</span> <span class='ocrx_word' id='word_1_342' title='bbox 331 1820 390 1847; x_wconf 55' lang='lat' dir='ltr'>vegs</span> <span class='ocrx_word' id='word_1_343' title='bbox 413 1809 476 1840; x_wconf 57' lang='lat' dir='ltr'>eivs-n</span> <span class='ocrx_word' id='word_1_344' title='bbox 494 1832 503 1845; x_wconf 78' lang='lat'>‚</span> <span class='ocrx_word' id='word_1_345' title='bbox 516 1811 557 1843; x_wconf 51' lang='grc' dir='ltr'>»ζέω</span> <span class='ocrx_word' id='word_1_346' title='bbox 577 1822 614 1835; x_wconf 72' lang='lat' dir='ltr'>rm</span> <span class='ocrx_word' id='word_1_347' title='bbox 630 1810 721 1837; x_wconf 73' lang='grc' dir='ltr'>δυιεὶαν</span> <span class='ocrx_word' id='word_1_348' title='bbox 737 1807 834 1839; x_wconf 63' lang='grc' dir='ltr'>γνώμην</span> <span class='ocrx_word' id='word_1_349' title='bbox 849 1805 906 1833; x_wconf 68' lang='lat' dir='ltr'>duu-</span> 
     </span>
     <span class='ocr_line' id='line_1_42' title="bbox 45 1844 910 1892; baseline -0.01 -7"><span class='ocrx_word' id='word_1_350' title='bbox 45 1851 140 1887; x_wconf 50' lang='lat' dir='ltr'>&amp;iguo-a</span> <span class='ocrx_word' id='word_1_351' title='bbox 159 1853 262 1878; x_wconf 57' lang='grc' dir='ltr'><strong><em>Βαωλεέ</em></strong></span> <span class='ocrx_word' id='word_1_352' title='bbox 275 1872 284 1887; x_wconf 94' lang='grc'><strong>,</strong></span> <span class='ocrx_word' id='word_1_353' title='bbox 309 1852 424 1891; x_wconf 78' lang='lat' dir='ltr'>integre</span> <span class='ocrx_word' id='word_1_354' title='bbox 441 1860 501 1892; x_wconf 80' lang='lat' dir='ltr'>qaae</span> <span class='ocrx_word' id='word_1_355' title='bbox 517 1851 555 1881; x_wconf 84' lang='lat' dir='ltr'>ad</span> <span class='ocrx_word' id='word_1_356' title='bbox 571 1848 662 1890; x_wconf 81' lang='lat' dir='ltr'>ipsum</span> <span class='ocrx_word' id='word_1_357' title='bbox 672 1848 845 1889; x_wconf 81' lang='lat' dir='ltr'>pertinent,</span> <span class='ocrx_word' id='word_1_358' title='bbox 873 1844 910 1880; x_wconf 54' lang='grc' dir='ltr'>ἐξ</span> 
     </span>
     <span class='ocr_line' id='line_1_43' title="bbox 35 1888 912 1933; baseline -0.007 -8"><span class='ocrx_word' id='word_1_359' title='bbox 35 1890 123 1933; x_wconf 71' lang='lat' dir='ltr'>fitam</span> <span class='ocrx_word' id='word_1_360' title='bbox 129 1890 311 1933; x_wconf 78' lang='lat' dir='ltr'>sententiam</span> <span class='ocrx_word' id='word_1_361' title='bbox 327 1892 460 1932; x_wconf 79' lang='lat' dir='ltr'>referant</span> <span class='ocrx_word' id='word_1_362' title='bbox 477 1893 515 1923; x_wconf 81' lang='lat' dir='ltr'>ad</span> <span class='ocrx_word' id='word_1_363' title='bbox 534 1891 715 1931; x_wconf 84' lang='lat' dir='ltr'>Principem.</span> <span class='ocrx_word' id='word_1_364' title='bbox 737 1888 795 1920; x_wconf 80' lang='lat' dir='ltr'>Illa</span> <span class='ocrx_word' id='word_1_365' title='bbox 811 1888 912 1919; x_wconf 67' lang='grc' dir='ltr'>τελείως</span> 
     </span>
     <span class='ocr_line' id='line_1_44' title="bbox 44 1932 909 1974; baseline -0.006 -9"><span class='ocrx_word' id='word_1_366' title='bbox 44 1934 81 1963; x_wconf 71' lang='grc' dir='ltr'>τὸ</span> <span class='ocrx_word' id='word_1_367' title='bbox 112 1933 163 1964; x_wconf 65' lang='lat' dir='ltr'>dei</span> <span class='ocrx_word' id='word_1_368' title='bbox 188 1936 255 1964; x_wconf 66' lang='lat' dir='ltr'>niun&#39;</span> <span class='ocrx_word' id='word_1_369' title='bbox 279 1932 490 1974; x_wconf 89' lang='lat' dir='ltr'>fignificantur</span> <span class='ocrx_word' id='word_1_370' title='bbox 508 1933 599 1974; x_wconf 86' lang='lat' dir='ltr'>plena</span> <span class='ocrx_word' id='word_1_371' title='bbox 619 1933 750 1972; x_wconf 76' lang='lat' dir='ltr'>opinione</span> <span class='ocrx_word' id='word_1_372' title='bbox 765 1952 777 1968; x_wconf 91' lang='lat'>,</span> <span class='ocrx_word' id='word_1_373' title='bbox 808 1938 909 1970; x_wconf 89' lang='lat' dir='ltr'>neque</span> 
     </span>
     <span class='ocr_line' id='line_1_45' title="bbox 44 1973 910 2016; baseline -0.005 -10"><span class='ocrx_word' id='word_1_374' title='bbox 44 1973 128 2006; x_wconf 82' lang='lat' dir='ltr'>enim</span> <span class='ocrx_word' id='word_1_375' title='bbox 145 1975 205 2006; x_wconf 80' lang='lat' dir='ltr'>alia</span> <span class='ocrx_word' id='word_1_376' title='bbox 224 1973 316 2012; x_wconf 87' lang='lat' dir='ltr'>sunt,</span> <span class='ocrx_word' id='word_1_377' title='bbox 339 1983 402 2016; x_wconf 88' lang='lat' dir='ltr'>quo</span> <span class='ocrx_word' id='word_1_378' title='bbox 420 1973 529 2006; x_wconf 86' lang='lat' dir='ltr'>referri</span> <span class='ocrx_word' id='word_1_379' title='bbox 550 1973 663 2015; x_wconf 81' lang='lat' dir='ltr'>poffint</span> <span class='ocrx_word' id='word_1_380' title='bbox 677 1996 686 2012; x_wconf 88' lang='lat'>‚</span> <span class='ocrx_word' id='word_1_381' title='bbox 711 1973 779 2004; x_wconf 81' lang='lat' dir='ltr'>haee</span> <span class='ocrx_word' id='word_1_382' title='bbox 804 1979 910 2003; x_wconf 83' lang='lat' dir='ltr'>autem</span> 
     </span>
     <span class='ocr_line' id='line_1_46' title="bbox 48 2011 907 2056; baseline -0.008 -5"><span class='ocrx_word' id='word_1_383' title='bbox 48 2014 92 2050; x_wconf 59' lang='grc' dir='ltr'><em>ὼ</em></span> <span class='ocrx_word' id='word_1_384' title='bbox 115 2029 156 2045; x_wconf 69' lang='lat' dir='ltr'><strong><em>w</em></strong></span> <span class='ocrx_word' id='word_1_385' title='bbox 176 2016 268 2045; x_wconf 51' lang='lat' dir='ltr'>stada·</span> <span class='ocrx_word' id='word_1_386' title='bbox 287 2018 382 2046; x_wconf 71' lang='grc' dir='ltr'>νιάωιν</span> <span class='ocrx_word' id='word_1_387' title='bbox 399 2016 558 2056; x_wconf 90' lang='lat' dir='ltr'>pertinent</span> <span class='ocrx_word' id='word_1_388' title='bbox 573 2015 610 2046; x_wconf 89' lang='lat' dir='ltr'>ad</span> <span class='ocrx_word' id='word_1_389' title='bbox 621 2014 829 2056; x_wconf 66' lang='lat' dir='ltr'>praecedentia</span> <span class='ocrx_word' id='word_1_390' title='bbox 837 2014 865 2044; x_wconf 81' lang='lat' dir='ltr'>d.</span> <span class='ocrx_word' id='word_1_391' title='bbox 879 2011 907 2054; x_wconf 83' lang='lat'>§.</span> 
     </span>
     <span class='ocr_line' id='line_1_47' title="bbox 49 2056 911 2100; baseline -0.003 -12"><span class='ocrx_word' id='word_1_392' title='bbox 49 2064 76 2088; x_wconf 86' lang='lat'>1.</span> <span class='ocrx_word' id='word_1_393' title='bbox 97 2059 224 2099; x_wconf 74' lang='lat' dir='ltr'>quotiens</span> <span class='ocrx_word' id='word_1_394' title='bbox 244 2056 369 2100; x_wconf 72' lang='lat' dir='ltr'>allqtoem</span> <span class='ocrx_word' id='word_1_395' title='bbox 384 2058 417 2089; x_wconf 79' lang='lat' dir='ltr'>in</span> <span class='ocrx_word' id='word_1_396' title='bbox 434 2057 559 2099; x_wconf 72' lang='lat' dir='ltr'>infidam</span> <span class='ocrx_word' id='word_1_397' title='bbox 569 2057 776 2099; x_wconf 79' lang='lat' dir='ltr'>deportandum</span> <span class='ocrx_word' id='word_1_398' title='bbox 790 2060 911 2097; x_wconf 81' lang='lat' dir='ltr'>patent,</span> 
     </span>
    </p>
   </div>
   <div class='ocr_carea' id='block_1_3' title="bbox 599 2144 962 2185">
    <p class='ocr_par' dir='ltr' id='par_1_5' title="bbox 599 2144 962 2185">
     <span class='ocr_line' id='line_1_48' title="bbox 599 2144 962 2185; baseline -0.011 0"><span class='ocrx_word' id='word_1_399' title='bbox 599 2144 962 2185; x_wconf 88' lang='lat' dir='ltr'><strong>CAPUT</strong></span> 
     </span>
    </p>
   </div>
   <div class='ocr_carea' id='block_1_4' title="bbox 1763 105 1833 148">
    <p class='ocr_par' dir='ltr' id='par_1_6' title="bbox 1763 105 1833 148">
     <span class='ocr_line' id='line_1_49' title="bbox 1763 105 1833 148; baseline 0 -8"><span class='ocrx_word' id='word_1_400' title='bbox 1763 105 1833 148; x_wconf 61' lang='lat'>205</span> 
     </span>
    </p>
   </div>
   <div class='ocr_carea' id='block_1_5' title="bbox 956 183 1832 231">
    <p class='ocr_par' dir='ltr' id='par_1_7' title="bbox 956 183 1832 231">
     <span class='ocr_line' id='line_1_50' title="bbox 956 183 1832 231; baseline -0.006 -13"><span class='ocrx_word' id='word_1_401' title='bbox 956 186 987 218; x_wconf 88' lang='lat'>&amp;</span> <span class='ocrx_word' id='word_1_402' title='bbox 1014 185 1051 218; x_wconf 90' lang='lat' dir='ltr'>ad</span> <span class='ocrx_word' id='word_1_403' title='bbox 1076 183 1263 226; x_wconf 70' lang='lat' dir='ltr'>sequentia,</span> <span class='ocrx_word' id='word_1_404' title='bbox 1298 194 1339 216; x_wconf 82' lang='lat' dir='ltr'>an</span> <span class='ocrx_word' id='word_1_405' title='bbox 1358 186 1509 229; x_wconf 82' lang='lat' dir='ltr'>sequenda</span> <span class='ocrx_word' id='word_1_406' title='bbox 1528 187 1570 227; x_wconf 80' lang='lat' dir='ltr'>fit</span> <span class='ocrx_word' id='word_1_407' title='bbox 1593 185 1832 231; x_wconf 62' lang='lat' dir='ltr'>ejus&#39;sententim</span> 
     </span>
    </p>
   </div>
   <div class='ocr_carea' id='block_1_6' title="bbox 940 225 1834 274">
    <p class='ocr_par' dir='ltr' id='par_1_8' title="bbox 940 225 1834 274">
     <span class='ocr_line' id='line_1_51' title="bbox 940 225 1834 274; baseline -0.001 -17"><span class='ocrx_word' id='word_1_408' title='bbox 940 226 1162 274; x_wconf 77' lang='lat' dir='ltr'>&#39;Quapropter</span> <span class='ocrx_word' id='word_1_409' title='bbox 1173 226 1303 272; x_wconf 78' lang='lat' dir='ltr'>vulgata</span> <span class='ocrx_word' id='word_1_410' title='bbox 1322 229 1465 268; x_wconf 79' lang='lat' dir='ltr'>opinionis</span> <span class='ocrx_word' id='word_1_411' title='bbox 1488 229 1507 261; x_wconf 85' lang='lat' dir='ltr'>fi</span> <span class='ocrx_word' id='word_1_412' title='bbox 1532 229 1676 262; x_wconf 84' lang='lat' dir='ltr'>nificatio</span> <span class='ocrx_word' id='word_1_413' title='bbox 1694 227 1769 265; x_wconf 84' lang='lat' dir='ltr'>huie</span> <span class='ocrx_word' id='word_1_414' title='bbox 1788 225 1834 257; x_wconf 88' lang='lat' dir='ltr'>lo-</span> 
     </span>
    </p>
   </div>
   <div class='ocr_carea' id='block_1_7' title="bbox 946 266 1842 1475">
    <p class='ocr_par' dir='ltr' id='par_1_9' title="bbox 948 266 1842 1181">
     <span class='ocr_line' id='line_1_52' title="bbox 954 266 1833 309; baseline -0.002 -9"><span class='ocrx_word' id='word_1_415' title='bbox 954 277 995 300; x_wconf 94' lang='lat' dir='ltr'>co</span> <span class='ocrx_word' id='word_1_416' title='bbox 1020 277 1086 300; x_wconf 90' lang='lat' dir='ltr'>non</span> <span class='ocrx_word' id='word_1_417' title='bbox 1109 275 1264 300; x_wconf 91' lang='lat' dir='ltr'>convenit</span> <span class='ocrx_word' id='word_1_418' title='bbox 1280 292 1290 308; x_wconf 92' lang='lat'>,</span> <span class='ocrx_word' id='word_1_419' title='bbox 1316 276 1351 300; x_wconf 88' lang='lat' dir='ltr'>ut</span> <span class='ocrx_word' id='word_1_420' title='bbox 1371 268 1493 302; x_wconf 87' lang='lat' dir='ltr'>scilicet</span> <span class='ocrx_word' id='word_1_421' title='bbox 1540 270 1566 301; x_wconf 88' lang='lat' dir='ltr'>is</span> <span class='ocrx_word' id='word_1_422' title='bbox 1585 270 1690 301; x_wconf 87' lang='lat' dir='ltr'>verbis</span> <span class='ocrx_word' id='word_1_423' title='bbox 1707 292 1717 308; x_wconf 95' lang='lat'>,</span> <span class='ocrx_word' id='word_1_424' title='bbox 1748 266 1833 309; x_wconf 83' lang='lat' dir='ltr'>miffa</span> 
     </span>
     <span class='ocr_line' id='line_1_53' title="bbox 948 309 1834 351; baseline -0.003 -9"><span class='ocrx_word' id='word_1_425' title='bbox 948 311 1039 351; x_wconf 83' lang='lat' dir='ltr'>plena</span> <span class='ocrx_word' id='word_1_426' title='bbox 1063 310 1196 351; x_wconf 81' lang='lat' dir='ltr'>opinione</span> <span class='ocrx_word' id='word_1_427' title='bbox 1216 331 1228 348; x_wconf 94' lang='lat'>,</span> <span class='ocrx_word' id='word_1_428' title='bbox 1265 310 1588 349; x_wconf 31' lang='lat' dir='ltr'>dicamus-Praefidem</span> <span class='ocrx_word' id='word_1_429' title='bbox 1615 311 1716 351; x_wconf 80' lang='lat' dir='ltr'>juberi</span> <span class='ocrx_word' id='word_1_430' title='bbox 1741 309 1834 351; x_wconf 87' lang='lat' dir='ltr'>plene</span> 
     </span>
     <span class='ocr_line' id='line_1_54' title="bbox 953 349 1833 393; baseline -0.002 -10"><span class='ocrx_word' id='word_1_431' title='bbox 953 350 1163 393; x_wconf 73' lang='lat' dir='ltr'>perscribere,</span> <span class='ocrx_word' id='word_1_432' title='bbox 1187 349 1263 392; x_wconf 89' lang='lat' dir='ltr'>quid</span> <span class='ocrx_word' id='word_1_433' title='bbox 1282 351 1336 384; x_wconf 92' lang='lat' dir='ltr'>sibi</span> <span class='ocrx_word' id='word_1_434' title='bbox 1355 352 1519 392; x_wconf 89' lang='lat' dir='ltr'>videatur,</span> <span class='ocrx_word' id='word_1_435' title='bbox 1543 361 1608 385; x_wconf 89' lang='lat' dir='ltr'>non</span> <span class='ocrx_word' id='word_1_436' title='bbox 1628 359 1771 389; x_wconf 90' lang='lat' dir='ltr'>tantum,</span> <span class='ocrx_word' id='word_1_437' title='bbox 1797 359 1833 381; x_wconf 85' lang='lat' dir='ltr'>ut</span> 
     </span>
     <span class='ocr_line' id='line_1_55' title="bbox 954 393 1831 434; baseline -0.003 -8"><span class='ocrx_word' id='word_1_438' title='bbox 954 393 1051 426; x_wconf 79' lang='lat' dir='ltr'>modo</span> <span class='ocrx_word' id='word_1_439' title='bbox 1076 393 1220 424; x_wconf 87' lang='lat' dir='ltr'>dicebam</span> <span class='ocrx_word' id='word_1_440' title='bbox 1238 415 1249 432; x_wconf 92' lang='lat'><em>‚</em></span> <span class='ocrx_word' id='word_1_441' title='bbox 1284 393 1370 434; x_wconf 91' lang='lat' dir='ltr'>quod</span> <span class='ocrx_word' id='word_1_442' title='bbox 1394 393 1462 426; x_wconf 88' lang='lat' dir='ltr'>haec</span> <span class='ocrx_word' id='word_1_443' title='bbox 1488 393 1565 425; x_wconf 79' lang='lat' dir='ltr'>eiset</span> <span class='ocrx_word' id='word_1_444' title='bbox 1589 393 1697 434; x_wconf 85' lang='lat' dir='ltr'>inepta</span> <span class='ocrx_word' id='word_1_445' title='bbox 1714 400 1831 433; x_wconf 86' lang='lat' dir='ltr'>praece-</span> 
     </span>
     <span class='ocr_line' id='line_1_56' title="bbox 954 433 1832 477; baseline -0.003 -10"><span class='ocrx_word' id='word_1_446' title='bbox 954 435 1098 467; x_wconf 87' lang='lat' dir='ltr'>dentium</span> <span class='ocrx_word' id='word_1_447' title='bbox 1117 433 1288 476; x_wconf 86' lang='lat' dir='ltr'>repetitio,</span> <span class='ocrx_word' id='word_1_448' title='bbox 1314 433 1364 466; x_wconf 91' lang='lat' dir='ltr'>sed</span> <span class='ocrx_word' id='word_1_449' title='bbox 1387 435 1417 467; x_wconf 74' lang='grc' dir='ltr'>ὅ(</span> <span class='ocrx_word' id='word_1_450' title='bbox 1435 435 1521 477; x_wconf 86' lang='lat' dir='ltr'>quod</span> <span class='ocrx_word' id='word_1_451' title='bbox 1539 444 1617 466; x_wconf 82' lang='lat' dir='ltr'>mox</span> <span class='ocrx_word' id='word_1_452' title='bbox 1633 434 1783 472; x_wconf 80' lang='lat' dir='ltr'>addatur,</span> <span class='ocrx_word' id='word_1_453' title='bbox 1796 433 1832 464; x_wconf 94' lang='lat' dir='ltr'>il-</span> 
     </span>
     <span class='ocr_line' id='line_1_57' title="bbox 954 474 1832 517; baseline -0.006 -8"><span class='ocrx_word' id='word_1_454' title='bbox 954 477 1015 509; x_wconf 84' lang='lat' dir='ltr'>lam</span> <span class='ocrx_word' id='word_1_455' title='bbox 1032 477 1152 517; x_wconf 81' lang='lat' dir='ltr'>plenam</span> <span class='ocrx_word' id='word_1_456' title='bbox 1167 477 1330 516; x_wconf 79' lang='lat' dir='ltr'>opinionem</span> <span class='ocrx_word' id='word_1_457' title='bbox 1348 475 1410 508; x_wconf 91' lang='lat' dir='ltr'>esse</span> <span class='ocrx_word' id='word_1_458' title='bbox 1435 476 1622 509; x_wconf 88' lang='lat' dir='ltr'>mittendam</span> <span class='ocrx_word' id='word_1_459' title='bbox 1640 499 1649 515; x_wconf 92' lang='lat'>,</span> <span class='ocrx_word' id='word_1_460' title='bbox 1682 481 1714 507; x_wconf 80' lang='lat' dir='ltr'>ut</span> <span class='ocrx_word' id='word_1_461' title='bbox 1740 474 1832 506; x_wconf 79' lang='lat' dir='ltr'>Prin-</span> 
     </span>
     <span class='ocr_line' id='line_1_58' title="bbox 953 515 1829 564; baseline -0.003 -15"><span class='ocrx_word' id='word_1_462' title='bbox 953 524 1018 559; x_wconf 82' lang='lat' dir='ltr'>ceps</span> <span class='ocrx_word' id='word_1_463' title='bbox 1035 516 1175 559; x_wconf 71' lang='lat' dir='ltr'>«estimet,</span> <span class='ocrx_word' id='word_1_464' title='bbox 1195 528 1235 549; x_wconf 82' lang='lat' dir='ltr'>an</span> <span class='ocrx_word' id='word_1_465' title='bbox 1250 517 1400 564; x_wconf 72' lang='lat' dir='ltr'>sequenda</span> <span class='ocrx_word' id='word_1_466' title='bbox 1414 517 1456 558; x_wconf 83' lang='lat' dir='ltr'>fit</span> <span class='ocrx_word' id='word_1_467' title='bbox 1475 519 1538 561; x_wconf 81' lang='lat' dir='ltr'>ejus</span> <span class='ocrx_word' id='word_1_468' title='bbox 1551 517 1716 560; x_wconf 60' lang='lat' dir='ltr'>sententia·</span> <span class='ocrx_word' id='word_1_469' title='bbox 1761 515 1829 547; x_wconf 81' lang='lat' dir='ltr'>Pia-</span> 
     </span>
     <span class='ocr_line' id='line_1_59' title="bbox 954 555 1832 602; baseline -0.006 -10"><span class='ocrx_word' id='word_1_470' title='bbox 954 569 993 592; x_wconf 84' lang='lat' dir='ltr'>ne</span> <span class='ocrx_word' id='word_1_471' title='bbox 1006 560 1090 591; x_wconf 89' lang='lat' dir='ltr'>enim</span> <span class='ocrx_word' id='word_1_472' title='bbox 1111 568 1151 590; x_wconf 87' lang='lat' dir='ltr'>ex</span> <span class='ocrx_word' id='word_1_473' title='bbox 1172 558 1345 599; x_wconf 87' lang='lat' dir='ltr'>sententia,</span> <span class='ocrx_word' id='word_1_474' title='bbox 1367 569 1460 602; x_wconf 89' lang='lat' dir='ltr'>quam</span> <span class='ocrx_word' id='word_1_475' title='bbox 1474 560 1590 592; x_wconf 76' lang='lat' dir='ltr'>Praeses</span> <span class='ocrx_word' id='word_1_476' title='bbox 1614 558 1747 591; x_wconf 89' lang='lat' dir='ltr'>arbitrio</span> <span class='ocrx_word' id='word_1_477' title='bbox 1775 555 1832 589; x_wconf 91' lang='lat' dir='ltr'>suo</span> 
     </span>
     <span class='ocr_line' id='line_1_60' title="bbox 954 599 1842 643; baseline -0.003 -11"><span class='ocrx_word' id='word_1_478' title='bbox 954 601 1095 641; x_wconf 83' lang='lat' dir='ltr'>conjecit</span> <span class='ocrx_word' id='word_1_479' title='bbox 1104 625 1113 640; x_wconf 91' lang='lat'><em>‚</em></span> <span class='ocrx_word' id='word_1_480' title='bbox 1123 599 1275 633; x_wconf 85' lang='lat' dir='ltr'>aestimare</span> <span class='ocrx_word' id='word_1_481' title='bbox 1291 610 1355 633; x_wconf 90' lang='lat' dir='ltr'>non</span> <span class='ocrx_word' id='word_1_482' title='bbox 1366 608 1492 643; x_wconf 87' lang='lat' dir='ltr'>poterat</span> <span class='ocrx_word' id='word_1_483' title='bbox 1501 600 1676 643; x_wconf 82' lang='lat' dir='ltr'>Imperator</span> <span class='ocrx_word' id='word_1_484' title='bbox 1688 623 1699 639; x_wconf 93' lang='lat'>‚</span> <span class='ocrx_word' id='word_1_485' title='bbox 1707 600 1842 631; x_wconf 57' lang='lat' dir='ltr'>damna*</span> 
     </span>
     <span class='ocr_line' id='line_1_61' title="bbox 955 639 1833 685; baseline -0.005 -10"><span class='ocrx_word' id='word_1_486' title='bbox 955 643 1002 682; x_wconf 90' lang='lat' dir='ltr'>ri,</span> <span class='ocrx_word' id='word_1_487' title='bbox 1027 652 1064 674; x_wconf 89' lang='lat' dir='ltr'>an</span> <span class='ocrx_word' id='word_1_488' title='bbox 1087 641 1208 674; x_wconf 85' lang='lat' dir='ltr'>absolvi</span> <span class='ocrx_word' id='word_1_489' title='bbox 1229 642 1357 674; x_wconf 85' lang='lat' dir='ltr'>deberet</span> <span class='ocrx_word' id='word_1_490' title='bbox 1380 643 1426 682; x_wconf 86' lang='lat' dir='ltr'>is,</span> <span class='ocrx_word' id='word_1_491' title='bbox 1451 643 1490 674; x_wconf 89' lang='lat' dir='ltr'>de</span> <span class='ocrx_word' id='word_1_492' title='bbox 1509 652 1573 685; x_wconf 88' lang='lat' dir='ltr'>quo</span> <span class='ocrx_word' id='word_1_493' title='bbox 1593 642 1751 684; x_wconf 84' lang='lat' dir='ltr'>agebatur.</span> <span class='ocrx_word' id='word_1_494' title='bbox 1799 639 1833 671; x_wconf 86' lang='lat' dir='ltr'>ld</span> 
     </span>
     <span class='ocr_line' id='line_1_62' title="bbox 955 682 1831 725; baseline -0.002 -10"><span class='ocrx_word' id='word_1_495' title='bbox 955 685 1048 716; x_wconf 88' lang='lat' dir='ltr'>unice</span> <span class='ocrx_word' id='word_1_496' title='bbox 1068 682 1219 716; x_wconf 83' lang='lat' dir='ltr'>aestimare</span> <span class='ocrx_word' id='word_1_497' title='bbox 1235 691 1362 725; x_wconf 83' lang='lat' dir='ltr'>poterat</span> <span class='ocrx_word' id='word_1_498' title='bbox 1379 685 1410 716; x_wconf 64' lang='grc' dir='ltr'>ἃ</span> <span class='ocrx_word' id='word_1_499' title='bbox 1426 684 1561 716; x_wconf 90' lang='lat' dir='ltr'>debebat</span> <span class='ocrx_word' id='word_1_500' title='bbox 1577 694 1617 716; x_wconf 89' lang='lat' dir='ltr'>ex</span> <span class='ocrx_word' id='word_1_501' title='bbox 1636 691 1831 715; x_wconf 82' lang='lat' dir='ltr'>commemo-</span> 
     </span>
     <span class='ocr_line' id='line_1_63' title="bbox 956 724 1832 769; baseline -0.002 -13"><span class='ocrx_word' id='word_1_502' title='bbox 956 726 1080 757; x_wconf 84' lang='lat' dir='ltr'>ratione</span> <span class='ocrx_word' id='word_1_503' title='bbox 1106 735 1217 756; x_wconf 89' lang='lat' dir='ltr'>eorum</span> <span class='ocrx_word' id='word_1_504' title='bbox 1238 746 1248 764; x_wconf 80' lang='lat'>,</span> <span class='ocrx_word' id='word_1_505' title='bbox 1290 735 1359 767; x_wconf 83' lang='lat' dir='ltr'>quae</span> <span class='ocrx_word' id='word_1_506' title='bbox 1383 726 1421 758; x_wconf 88' lang='lat' dir='ltr'>ad</span> <span class='ocrx_word' id='word_1_507' title='bbox 1445 726 1596 759; x_wconf 69' lang='lat' dir='ltr'>delistum</span> <span class='ocrx_word' id='word_1_508' title='bbox 1620 724 1832 769; x_wconf 74' lang='lat' dir='ltr'>pertinebant.</span> 
     </span>
     <span class='ocr_line' id='line_1_64' title="bbox 956 765 1832 806; baseline -0.002 -8"><span class='ocrx_word' id='word_1_509' title='bbox 956 767 1142 806; x_wconf 82' lang='lat' dir='ltr'>Priusquam</span> <span class='ocrx_word' id='word_1_510' title='bbox 1161 775 1241 798; x_wconf 84' lang='lat' dir='ltr'>vero</span> <span class='ocrx_word' id='word_1_511' title='bbox 1266 765 1452 799; x_wconf 84' lang='lat' dir='ltr'>sententiam</span> <span class='ocrx_word' id='word_1_512' title='bbox 1471 767 1611 800; x_wconf 83' lang='lat' dir='ltr'>Praefidis</span> <span class='ocrx_word' id='word_1_513' title='bbox 1626 766 1679 799; x_wconf 84' lang='lat' dir='ltr'>sua</span> <span class='ocrx_word' id='word_1_514' title='bbox 1697 766 1832 798; x_wconf 69' lang='lat' dir='ltr'>auctori-</span> 
     </span>
     <span class='ocr_line' id='line_1_65' title="bbox 957 807 1832 851; baseline -0.001 -12"><span class='ocrx_word' id='word_1_515' title='bbox 957 817 1023 840; x_wconf 85' lang='lat' dir='ltr'>tate</span> <span class='ocrx_word' id='word_1_516' title='bbox 1047 807 1259 840; x_wconf 72' lang='lat' dir='ltr'>confirmasset</span> <span class='ocrx_word' id='word_1_517' title='bbox 1280 807 1457 850; x_wconf 87' lang='lat' dir='ltr'>Imperator</span> <span class='ocrx_word' id='word_1_518' title='bbox 1472 833 1483 848; x_wconf 84' lang='lat'>,</span> <span class='ocrx_word' id='word_1_519' title='bbox 1507 808 1571 851; x_wconf 88' lang='lat' dir='ltr'>ipsa</span> <span class='ocrx_word' id='word_1_520' title='bbox 1590 808 1669 842; x_wconf 88' lang='lat' dir='ltr'>nihil</span> <span class='ocrx_word' id='word_1_521' title='bbox 1687 807 1832 845; x_wconf 80' lang='lat' dir='ltr'>valebat,</span> 
     </span>
     <span class='ocr_line' id='line_1_66' title="bbox 955 848 1832 892; baseline -0.001 -11"><span class='ocrx_word' id='word_1_522' title='bbox 955 859 1027 881; x_wconf 89' lang='lat' dir='ltr'>nam</span> <span class='ocrx_word' id='word_1_523' title='bbox 1045 850 1230 891; x_wconf 86' lang='lat' dir='ltr'>deportatus</span> <span class='ocrx_word' id='word_1_524' title='bbox 1247 859 1264 881; x_wconf 86' lang='lat' dir='ltr'>a</span> <span class='ocrx_word' id='word_1_525' title='bbox 1280 849 1412 882; x_wconf 87' lang='lat' dir='ltr'>Praefide</span> <span class='ocrx_word' id='word_1_526' title='bbox 1429 850 1615 892; x_wconf 81' lang='lat' dir='ltr'>deportatus</span> <span class='ocrx_word' id='word_1_527' title='bbox 1630 859 1694 883; x_wconf 91' lang='lat' dir='ltr'>non</span> <span class='ocrx_word' id='word_1_528' title='bbox 1713 848 1832 882; x_wconf 88' lang='lat' dir='ltr'>intelli-</span> 
     </span>
     <span class='ocr_line' id='line_1_67' title="bbox 955 890 1835 932; baseline 0.003 -11"><span class='ocrx_word' id='word_1_529' title='bbox 955 891 1041 932; x_wconf 86' lang='lat' dir='ltr'>gitur</span> <span class='ocrx_word' id='word_1_530' title='bbox 1060 915 1069 930; x_wconf 89' lang='lat'>,</span> <span class='ocrx_word' id='word_1_531' title='bbox 1094 891 1229 932; x_wconf 84' lang='lat' dir='ltr'>ideoque</span> <span class='ocrx_word' id='word_1_532' title='bbox 1252 891 1409 932; x_wconf 80' lang='lat' dir='ltr'>integi-um</span> <span class='ocrx_word' id='word_1_533' title='bbox 1434 891 1548 924; x_wconf 85' lang='lat' dir='ltr'>statum</span> <span class='ocrx_word' id='word_1_534' title='bbox 1572 893 1711 932; x_wconf 89' lang='lat' dir='ltr'>retinet,</span> <span class='ocrx_word' id='word_1_535' title='bbox 1735 891 1785 931; x_wconf 70' lang='grc' dir='ltr'>ἃ,</span> <span class='ocrx_word' id='word_1_536' title='bbox 1810 890 1835 923; x_wconf 86' lang='lat' dir='ltr'>ss</span> 
     </span>
     <span class='ocr_line' id='line_1_68' title="bbox 954 932 1829 1007; baseline 0.002 -43"><span class='ocrx_word' id='word_1_537' title='bbox 954 932 1083 964; x_wconf 89' lang='lat' dir='ltr'>interim</span> <span class='ocrx_word' id='word_1_538' title='bbox 1098 932 1248 971; x_wconf 84' lang='lat' dir='ltr'>decedat,</span> <span class='ocrx_word' id='word_1_539' title='bbox 1273 932 1354 964; x_wconf 87' lang='lat' dir='ltr'>civis</span> <span class='ocrx_word' id='word_1_540' title='bbox 1371 933 1497 965; x_wconf 85' lang='lat' dir='ltr'>decedit</span> <span class='ocrx_word' id='word_1_541' title='bbox 1521 935 1549 965; x_wconf 80' lang='lat' dir='ltr'>d.</span> <span class='ocrx_word' id='word_1_542' title='bbox 1575 934 1595 966; x_wconf 93' lang='lat' dir='ltr'>l.</span> <span class='ocrx_word' id='word_1_543' title='bbox 1626 944 1651 966; x_wconf 90' lang='lat'>1.</span> <span class='ocrx_word' id='word_1_544' title='bbox 1684 934 1712 1007; x_wconf 45' lang='grc' dir='ltr'>ἓ.</span> <span class='ocrx_word' id='word_1_545' title='bbox 1737 943 1766 975; x_wconf 83' lang='lat'>3.</span> <span class='ocrx_word' id='word_1_546' title='bbox 1787 933 1829 974; x_wconf 86' lang='lat' dir='ltr'>ff.</span> 
     </span>
     <span class='ocr_line' id='line_1_69' title="bbox 954 970 1828 1016; baseline 0.002 -11"><span class='ocrx_word' id='word_1_547' title='bbox 954 975 987 1005; x_wconf 84' lang='lat' dir='ltr'>de</span> <span class='ocrx_word' id='word_1_548' title='bbox 1009 970 1120 1016; x_wconf 81' lang='lat' dir='ltr'>Legat.</span> <span class='ocrx_word' id='word_1_549' title='bbox 1143 972 1198 1004; x_wconf 88' lang='lat' dir='ltr'><strong>III.</strong></span> <span class='ocrx_word' id='word_1_550' title='bbox 1224 973 1315 1014; x_wconf 86' lang='lat' dir='ltr'>quia,</span> <span class='ocrx_word' id='word_1_551' title='bbox 1338 981 1374 1005; x_wconf 89' lang='lat' dir='ltr'>ut</span> <span class='ocrx_word' id='word_1_552' title='bbox 1390 975 1433 1006; x_wconf 93' lang='lat' dir='ltr'>ibi</span> <span class='ocrx_word' id='word_1_553' title='bbox 1451 975 1681 1015; x_wconf 78' lang='lat' dir='ltr'>significatui-,i</span> <span class='ocrx_word' id='word_1_554' title='bbox 1697 976 1726 1007; x_wconf 87' lang='lat' dir='ltr'>la</span> <span class='ocrx_word' id='word_1_555' title='bbox 1741 985 1828 1007; x_wconf 90' lang='lat' dir='ltr'>com-</span> 
     </span>
     <span class='ocr_line' id='line_1_70' title="bbox 954 1013 1830 1057; baseline 0.005 -12"><span class='ocrx_word' id='word_1_556' title='bbox 954 1015 1090 1056; x_wconf 85' lang='lat' dir='ltr'>probans</span> <span class='ocrx_word' id='word_1_557' title='bbox 1116 1013 1272 1046; x_wconf 86' lang='lat' dir='ltr'>sententia</span> <span class='ocrx_word' id='word_1_558' title='bbox 1293 1015 1449 1057; x_wconf 82' lang='lat' dir='ltr'>Principis</span> <span class='ocrx_word' id='word_1_559' title='bbox 1466 1018 1614 1057; x_wconf 82' lang='lat' dir='ltr'>deportat</span> <span class='ocrx_word' id='word_1_560' title='bbox 1631 1039 1642 1055; x_wconf 85' lang='lat'>,</span> <span class='ocrx_word' id='word_1_561' title='bbox 1675 1027 1741 1049; x_wconf 87' lang='lat' dir='ltr'>non</span> <span class='ocrx_word' id='word_1_562' title='bbox 1766 1015 1830 1050; x_wconf 89' lang='lat' dir='ltr'>sen-</span> 
     </span>
     <span class='ocr_line' id='line_1_71' title="bbox 955 1055 1831 1098; baseline 0.005 -11"><span class='ocrx_word' id='word_1_563' title='bbox 955 1056 1054 1087; x_wconf 75' lang='lat' dir='ltr'>tentia</span> <span class='ocrx_word' id='word_1_564' title='bbox 1076 1055 1226 1088; x_wconf 76' lang='lat' dir='ltr'>Praesidis.</span> <span class='ocrx_word' id='word_1_565' title='bbox 1271 1056 1416 1088; x_wconf 86' lang='lat' dir='ltr'>Moritur</span> <span class='ocrx_word' id='word_1_566' title='bbox 1438 1057 1536 1098; x_wconf 80' lang='lat' dir='ltr'>igitur</span> <span class='ocrx_word' id='word_1_567' title='bbox 1559 1068 1630 1089; x_wconf 84' lang='lat' dir='ltr'>reus</span> <span class='ocrx_word' id='word_1_568' title='bbox 1645 1082 1655 1097; x_wconf 93' lang='lat'>,</span> <span class='ocrx_word' id='word_1_569' title='bbox 1689 1058 1740 1090; x_wconf 93' lang='lat' dir='ltr'>sed</span> <span class='ocrx_word' id='word_1_570' title='bbox 1764 1068 1831 1091; x_wconf 92' lang='lat' dir='ltr'>non</span> 
     </span>
     <span class='ocr_line' id='line_1_72' title="bbox 953 1097 1828 1139; baseline 0.006 -12"><span class='ocrx_word' id='word_1_571' title='bbox 953 1097 1134 1135; x_wconf 81' lang='lat' dir='ltr'>damnatus3</span> <span class='ocrx_word' id='word_1_572' title='bbox 1159 1097 1251 1138; x_wconf 87' lang='lat' dir='ltr'>quale</span> <span class='ocrx_word' id='word_1_573' title='bbox 1267 1097 1450 1139; x_wconf 84' lang='lat' dir='ltr'>exemplum</span> <span class='ocrx_word' id='word_1_574' title='bbox 1473 1098 1503 1130; x_wconf 71' lang='grc' dir='ltr'>ἄ</span> <span class='ocrx_word' id='word_1_575' title='bbox 1519 1098 1664 1131; x_wconf 84' lang='lat' dir='ltr'>Valerius</span> <span class='ocrx_word' id='word_1_576' title='bbox 1689 1109 1828 1132; x_wconf 88' lang='lat' dir='ltr'>comme-</span> 
     </span>
     <span class='ocr_line' id='line_1_73' title="bbox 954 1137 1451 1181; baseline 0.004 -12"><span class='ocrx_word' id='word_1_577' title='bbox 954 1146 1058 1170; x_wconf 88' lang='lat' dir='ltr'>morat</span> <span class='ocrx_word' id='word_1_578' title='bbox 1082 1137 1121 1170; x_wconf 93' lang='lat' dir='ltr'>L.</span> <span class='ocrx_word' id='word_1_579' title='bbox 1148 1137 1210 1170; x_wconf 83' lang='lat' dir='ltr'>IX.</span> <span class='ocrx_word' id='word_1_580' title='bbox 1234 1138 1265 1170; x_wconf 88' lang='lat' dir='ltr'>C.</span> <span class='ocrx_word' id='word_1_581' title='bbox 1293 1147 1343 1170; x_wconf 80' lang='lat'>12.</span> <span class='ocrx_word' id='word_1_582' title='bbox 1366 1149 1398 1171; x_wconf 82' lang='lat' dir='ltr'>n.</span> <span class='ocrx_word' id='word_1_583' title='bbox 1423 1149 1451 1181; x_wconf 82' lang='lat'>7.</span> 
     </span>
    </p>

    <p class='ocr_par' dir='ltr' id='par_1_10' title="bbox 946 1179 1832 1475">
     <span class='ocr_line' id='line_1_74' title="bbox 995 1179 1826 1222; baseline 0.005 -11"><span class='ocrx_word' id='word_1_584' title='bbox 995 1179 1047 1212; x_wconf 83' lang='lat' dir='ltr'>Ex</span> <span class='ocrx_word' id='word_1_585' title='bbox 1063 1179 1113 1211; x_wconf 90' lang='lat' dir='ltr'>his</span> <span class='ocrx_word' id='word_1_586' title='bbox 1130 1179 1277 1211; x_wconf 87' lang='lat' dir='ltr'>omnibus</span> <span class='ocrx_word' id='word_1_587' title='bbox 1296 1181 1506 1222; x_wconf 78' lang='lat' dir='ltr'>intelligimus</span> <span class='ocrx_word' id='word_1_588' title='bbox 1516 1204 1527 1220; x_wconf 91' lang='lat'>,</span> <span class='ocrx_word' id='word_1_589' title='bbox 1551 1182 1682 1214; x_wconf 83' lang='lat' dir='ltr'>minime</span> <span class='ocrx_word' id='word_1_590' title='bbox 1699 1187 1826 1215; x_wconf 84' lang='lat' dir='ltr'>accura-</span> 
     </span>
     <span class='ocr_line' id='line_1_75' title="bbox 953 1219 1832 1266; baseline 0.005 -13"><span class='ocrx_word' id='word_1_591' title='bbox 953 1229 1022 1253; x_wconf 86' lang='lat' dir='ltr'>tum</span> <span class='ocrx_word' id='word_1_592' title='bbox 1041 1221 1121 1260; x_wconf 90' lang='lat' dir='ltr'>esse,</span> <span class='ocrx_word' id='word_1_593' title='bbox 1145 1221 1231 1262; x_wconf 93' lang='lat' dir='ltr'>quod</span> <span class='ocrx_word' id='word_1_594' title='bbox 1245 1219 1455 1265; x_wconf 78' lang='lat' dir='ltr'>pachymeres</span> <span class='ocrx_word' id='word_1_595' title='bbox 1472 1223 1639 1256; x_wconf 88' lang='lat' dir='ltr'>adnotavit</span> <span class='ocrx_word' id='word_1_596' title='bbox 1657 1224 1695 1256; x_wconf 85' lang='lat' dir='ltr'>ad</span> <span class='ocrx_word' id='word_1_597' title='bbox 1715 1222 1832 1266; x_wconf 74' lang='lat' dir='ltr'>Diony-</span> 
     </span>
     <span class='ocr_line' id='line_1_76' title="bbox 946 1261 1831 1307; baseline -0.001 -12"><span class='ocrx_word' id='word_1_598' title='bbox 946 1262 987 1303; x_wconf 86' lang='lat' dir='ltr'>fii</span> <span class='ocrx_word' id='word_1_599' title='bbox 1007 1261 1105 1305; x_wconf 75' lang='lat' dir='ltr'>Epist.</span> <span class='ocrx_word' id='word_1_600' title='bbox 1126 1263 1226 1295; x_wconf 49' lang='lat' dir='ltr'>ultimr</span> <span class='ocrx_word' id='word_1_601' title='bbox 1267 1265 1314 1292; x_wconf 85' lang='grc' dir='ltr'>ὀυ</span> <span class='ocrx_word' id='word_1_602' title='bbox 1339 1264 1468 1303; x_wconf 63' lang='grc' dir='ltr'>δύναται,</span> <span class='ocrx_word' id='word_1_603' title='bbox 1489 1264 1613 1307; x_wconf 86' lang='lat' dir='ltr'>inquit,</span> <span class='ocrx_word' id='word_1_604' title='bbox 1635 1267 1649 1293; x_wconf 78' lang='grc' dir='ltr'>ο·</span> <span class='ocrx_word' id='word_1_605' title='bbox 1666 1267 1767 1305; x_wconf 57' lang='grc' dir='ltr'><em>Ἄρχων</em></span> <span class='ocrx_word' id='word_1_606' title='bbox 1789 1269 1831 1298; x_wconf 69' lang='grc' dir='ltr'>η’,</span> 
     </span>
     <span class='ocr_line' id='line_1_77' title="bbox 954 1305 1831 1350; baseline 0.009 -17"><span class='ocrx_word' id='word_1_607' title='bbox 954 1311 1023 1337; x_wconf 67' lang='grc' dir='ltr'><strong><em>,ἦσαν</em></strong></span> <span class='ocrx_word' id='word_1_608' title='bbox 1040 1305 1184 1344; x_wconf 65' lang='grc' dir='ltr'>ὀνομάζειν,</span> <span class='ocrx_word' id='word_1_609' title='bbox 1199 1307 1223 1333; x_wconf 69' lang='lat' dir='ltr'>a&#39;</span> <span class='ocrx_word' id='word_1_610' title='bbox 1247 1305 1282 1339; x_wconf 61' lang='lat' dir='ltr'>aa»)</span> <span class='ocrx_word' id='word_1_611' title='bbox 1302 1308 1314 1336; x_wconf 71' lang='grc' dir='ltr'><strong><em>ὁ</em></strong></span> <span class='ocrx_word' id='word_1_612' title='bbox 1336 1307 1462 1337; x_wconf 53' lang='lat' dir='ltr'>Basa-nem</span> <span class='ocrx_word' id='word_1_613' title='bbox 1473 1309 1576 1345; x_wconf 60' lang='lat' dir='ltr'>ubv&amp;,</span> <span class='ocrx_word' id='word_1_614' title='bbox 1595 1317 1655 1339; x_wconf 76' lang='lat' dir='ltr'>non</span> <span class='ocrx_word' id='word_1_615' title='bbox 1665 1307 1831 1350; x_wconf 58' lang='lat' dir='ltr'>poteJ22de</span> 
     </span>
     <span class='ocr_line' id='line_1_78' title="bbox 952 1346 1829 1390; baseline 0.003 -11"><span class='ocrx_word' id='word_1_616' title='bbox 952 1346 1177 1389; x_wconf 88' lang='lat' dir='ltr'>deportatione</span> <span class='ocrx_word' id='word_1_617' title='bbox 1197 1347 1230 1379; x_wconf 92' lang='lat' dir='ltr'>lo</span> <span class='ocrx_word' id='word_1_618' title='bbox 1254 1347 1361 1387; x_wconf 89' lang='lat' dir='ltr'>uitur,</span> <span class='ocrx_word' id='word_1_619' title='bbox 1387 1348 1495 1390; x_wconf 72' lang='lat' dir='ltr'>Proests</span> <span class='ocrx_word' id='word_1_620' title='bbox 1511 1348 1679 1382; x_wconf 72' lang='lat' dir='ltr'>Provinciae</span> <span class='ocrx_word' id='word_1_621' title='bbox 1701 1351 1734 1381; x_wconf 84' lang='lat' dir='ltr'>in</span> <span class='ocrx_word' id='word_1_622' title='bbox 1748 1350 1829 1382; x_wconf 76' lang='lat' dir='ltr'>alam</span> 
     </span>
     <span class='ocr_line' id='line_1_79' title="bbox 953 1353 1829 1437; baseline 0.003 -17"><span class='ocrx_word' id='word_1_623' title='bbox 953 1390 1125 1428; x_wconf 83' lang='lat' dir='ltr'>nominare,</span> <span class='ocrx_word' id='word_1_624' title='bbox 1137 1387 1193 1430; x_wconf 79' lang='lat' dir='ltr'>sed</span> <span class='ocrx_word' id='word_1_625' title='bbox 1223 1399 1235 1420; x_wconf 85' lang='lat' dir='ltr'><em>o</em></span> <span class='ocrx_word' id='word_1_626' title='bbox 1249 1399 1282 1421; x_wconf 80' lang='lat' dir='ltr'>us</span> <span class='ocrx_word' id='word_1_627' title='bbox 1305 1389 1476 1431; x_wconf 77' lang='lat' dir='ltr'>Imperator.</span> <span class='ocrx_word' id='word_1_628' title='bbox 1523 1389 1609 1437; x_wconf 84' lang='lat' dir='ltr'>Quia</span> <span class='ocrx_word' id='word_1_629' title='bbox 1630 1402 1695 1425; x_wconf 88' lang='lat' dir='ltr'>non</span> <span class='ocrx_word' id='word_1_630' title='bbox 1717 1353 1829 1424; x_wconf 55' lang='lat' dir='ltr'>dsunta·</span> 
     </span>
     <span class='ocr_line' id='line_1_80' title="bbox 953 1429 1831 1475; baseline 0.002 -13"><span class='ocrx_word' id='word_1_631' title='bbox 953 1438 1008 1463; x_wconf 87' lang='lat' dir='ltr'>xat</span> <span class='ocrx_word' id='word_1_632' title='bbox 1029 1429 1179 1470; x_wconf 89' lang='lat' dir='ltr'>insulam,</span> <span class='ocrx_word' id='word_1_633' title='bbox 1205 1431 1237 1463; x_wconf 91' lang='lat' dir='ltr'>in</span> <span class='ocrx_word' id='word_1_634' title='bbox 1257 1441 1351 1472; x_wconf 88' lang='lat' dir='ltr'>quam</span> <span class='ocrx_word' id='word_1_635' title='bbox 1367 1432 1422 1464; x_wconf 85' lang='lat' dir='ltr'>fiat</span> <span class='ocrx_word' id='word_1_636' title='bbox 1439 1432 1759 1475; x_wconf 88' lang='lat' dir='ltr'>deportatio,nequit</span> <span class='ocrx_word' id='word_1_637' title='bbox 1773 1443 1831 1465; x_wconf 86' lang='lat' dir='ltr'>no-</span> 
     </span>
    </p>
   </div>
   <div class='ocr_carea' id='block_1_8' title="bbox 931 1471 1830 1515">
    <p class='ocr_par' dir='ltr' id='par_1_11' title="bbox 931 1471 1830 1515">
     <span class='ocr_line' id='line_1_81' title="bbox 931 1471 1830 1515; baseline 0.004 -12"><span class='ocrx_word' id='word_1_638' title='bbox 931 1475 933 1500; x_wconf 67' lang='lat'>}</span> <span class='ocrx_word' id='word_1_639' title='bbox 953 1472 1072 1504; x_wconf 84' lang='lat' dir='ltr'>minare</span> <span class='ocrx_word' id='word_1_640' title='bbox 1090 1472 1224 1512; x_wconf 83' lang='lat' dir='ltr'>Praeses,</span> <span class='ocrx_word' id='word_1_641' title='bbox 1250 1471 1302 1504; x_wconf 87' lang='lat' dir='ltr'>sed</span> <span class='ocrx_word' id='word_1_642' title='bbox 1324 1483 1385 1506; x_wconf 86' lang='lat' dir='ltr'>nec</span> <span class='ocrx_word' id='word_1_643' title='bbox 1402 1474 1569 1515; x_wconf 88' lang='lat' dir='ltr'>deportare</span> <span class='ocrx_word' id='word_1_644' title='bbox 1585 1498 1595 1514; x_wconf 94' lang='lat'>,</span> <span class='ocrx_word' id='word_1_645' title='bbox 1619 1475 1642 1507; x_wconf 87' lang='lat' dir='ltr'>fi</span> <span class='ocrx_word' id='word_1_646' title='bbox 1666 1485 1752 1507; x_wconf 87' lang='lat' dir='ltr'>enim</span> <span class='ocrx_word' id='word_1_647' title='bbox 1776 1475 1830 1507; x_wconf 53' lang='lat' dir='ltr'>dea</span> 
     </span>
    </p>
   </div>
   <div class='ocr_carea' id='block_1_9' title="bbox 952 1513 1831 2088">
    <p class='ocr_par' dir='ltr' id='par_1_12' title="bbox 952 1513 1831 2088">
     <span class='ocr_line' id='line_1_82' title="bbox 953 1513 1829 1560; baseline 0.003 -15"><span class='ocrx_word' id='word_1_648' title='bbox 953 1522 1119 1560; x_wconf 83' lang='lat' dir='ltr'>portaret,</span> <span class='ocrx_word' id='word_1_649' title='bbox 1136 1514 1166 1546; x_wconf 71' lang='grc' dir='ltr'>δε</span> <span class='ocrx_word' id='word_1_650' title='bbox 1182 1513 1315 1546; x_wconf 85' lang='lat' dir='ltr'>insulam</span> <span class='ocrx_word' id='word_1_651' title='bbox 1333 1522 1456 1548; x_wconf 89' lang='lat' dir='ltr'>tantum</span> <span class='ocrx_word' id='word_1_652' title='bbox 1473 1514 1646 1557; x_wconf 72' lang='lat' dir='ltr'>adsignaret</span> <span class='ocrx_word' id='word_1_653' title='bbox 1664 1516 1829 1558; x_wconf 87' lang='lat' dir='ltr'>Princeps,</span> 
     </span>
     <span class='ocr_line' id='line_1_83' title="bbox 954 1555 1828 1601; baseline 0.003 -14"><span class='ocrx_word' id='word_1_654' title='bbox 954 1556 1055 1588; x_wconf 88' lang='lat' dir='ltr'>inanis</span> <span class='ocrx_word' id='word_1_655' title='bbox 1071 1555 1147 1588; x_wconf 72' lang='lat' dir='ltr'>ess-&#39;et</span> <span class='ocrx_word' id='word_1_656' title='bbox 1166 1555 1296 1598; x_wconf 86' lang='lat' dir='ltr'>Ulpiani</span> <span class='ocrx_word' id='word_1_657' title='bbox 1309 1556 1486 1598; x_wconf 87' lang='lat' dir='ltr'>disputatio</span> <span class='ocrx_word' id='word_1_658' title='bbox 1499 1557 1532 1589; x_wconf 89' lang='lat' dir='ltr'>in</span> <span class='ocrx_word' id='word_1_659' title='bbox 1556 1558 1584 1589; x_wconf 87' lang='lat' dir='ltr'>d.</span> <span class='ocrx_word' id='word_1_660' title='bbox 1610 1558 1630 1590; x_wconf 87' lang='lat' dir='ltr'>l.</span> <span class='ocrx_word' id='word_1_661' title='bbox 1644 1566 1671 1590; x_wconf 85' lang='lat'>1.</span> <span class='ocrx_word' id='word_1_662' title='bbox 1696 1557 1766 1601; x_wconf 81' lang='lat'><strong>§.3.</strong></span> <span class='ocrx_word' id='word_1_663' title='bbox 1784 1558 1828 1600; x_wconf 88' lang='lat' dir='ltr'>ff.</span> 
     </span>
     <span class='ocr_line' id='line_1_84' title="bbox 954 1596 1828 1641; baseline 0.005 -13"><span class='ocrx_word' id='word_1_664' title='bbox 954 1598 988 1629; x_wconf 81' lang='lat' dir='ltr'>de</span> <span class='ocrx_word' id='word_1_665' title='bbox 1012 1597 1125 1640; x_wconf 58' lang='lat' dir='ltr'>Legat«</span> <span class='ocrx_word' id='word_1_666' title='bbox 1145 1596 1203 1629; x_wconf 90' lang='lat' dir='ltr'><strong>III.</strong></span> <span class='ocrx_word' id='word_1_667' title='bbox 1229 1606 1265 1628; x_wconf 91' lang='lat' dir='ltr'>ut</span> <span class='ocrx_word' id='word_1_668' title='bbox 1279 1598 1381 1640; x_wconf 85' lang='lat' dir='ltr'>palam</span> <span class='ocrx_word' id='word_1_669' title='bbox 1397 1599 1500 1640; x_wconf 90' lang='lat' dir='ltr'>liquet</span> <span class='ocrx_word' id='word_1_670' title='bbox 1516 1608 1558 1630; x_wconf 79' lang='lat' dir='ltr'>ex</span> <span class='ocrx_word' id='word_1_671' title='bbox 1583 1598 1611 1641; x_wconf 89' lang='lat'>§.</span> <span class='ocrx_word' id='word_1_672' title='bbox 1620 1610 1651 1641; x_wconf 87' lang='lat'>4.</span> <span class='ocrx_word' id='word_1_673' title='bbox 1669 1609 1747 1632; x_wconf 85' lang='lat' dir='ltr'>mox</span> <span class='ocrx_word' id='word_1_674' title='bbox 1758 1598 1828 1632; x_wconf 86' lang='lat' dir='ltr'>sub-</span> 
     </span>
     <span class='ocr_line' id='line_1_85' title="bbox 954 1638 1831 1681; baseline 0.003 -10"><span class='ocrx_word' id='word_1_675' title='bbox 954 1638 1109 1681; x_wconf 88' lang='lat' dir='ltr'>sequenti.</span> <span class='ocrx_word' id='word_1_676' title='bbox 1152 1638 1260 1671; x_wconf 87' lang='lat' dir='ltr'>Habet</span> <span class='ocrx_word' id='word_1_677' title='bbox 1289 1639 1320 1671; x_wconf 93' lang='lat' dir='ltr'>se</span> <span class='ocrx_word' id='word_1_678' title='bbox 1341 1638 1496 1672; x_wconf 88' lang='lat' dir='ltr'>sententia</span> <span class='ocrx_word' id='word_1_679' title='bbox 1522 1640 1664 1674; x_wconf 88' lang='lat' dir='ltr'>Praefidis</span> <span class='ocrx_word' id='word_1_680' title='bbox 1681 1664 1692 1681; x_wconf 94' lang='lat'>,</span> <span class='ocrx_word' id='word_1_681' title='bbox 1714 1642 1747 1674; x_wconf 90' lang='lat' dir='ltr'>in</span> <span class='ocrx_word' id='word_1_682' title='bbox 1771 1641 1831 1674; x_wconf 85' lang='lat' dir='ltr'>hac</span> 
     </span>
     <span class='ocr_line' id='line_1_86' title="bbox 954 1679 1831 1725; baseline 0.003 -13"><span class='ocrx_word' id='word_1_683' title='bbox 954 1679 1077 1722; x_wconf 88' lang='lat' dir='ltr'>specie,</span> <span class='ocrx_word' id='word_1_684' title='bbox 1099 1680 1138 1712; x_wconf 88' lang='lat' dir='ltr'>ad</span> <span class='ocrx_word' id='word_1_685' title='bbox 1153 1679 1247 1712; x_wconf 88' lang='lat' dir='ltr'>instar</span> <span class='ocrx_word' id='word_1_686' title='bbox 1264 1679 1427 1714; x_wconf 84' lang='lat' dir='ltr'>sententiae</span> <span class='ocrx_word' id='word_1_687' title='bbox 1446 1681 1583 1722; x_wconf 83' lang='lat' dir='ltr'>judicis,</span> <span class='ocrx_word' id='word_1_688' title='bbox 1604 1692 1622 1715; x_wconf 92' lang='lat' dir='ltr'>a</span> <span class='ocrx_word' id='word_1_689' title='bbox 1639 1682 1831 1725; x_wconf 81' lang='lat' dir='ltr'>Magistratu</span> 
     </span>
     <span class='ocr_line' id='line_1_87' title="bbox 953 1720 1829 1764; baseline 0.005 -11"><span class='ocrx_word' id='word_1_690' title='bbox 953 1731 1028 1754; x_wconf 91' lang='lat' dir='ltr'>curn</span> <span class='ocrx_word' id='word_1_691' title='bbox 1042 1720 1108 1754; x_wconf 88' lang='lat' dir='ltr'>sola</span> <span class='ocrx_word' id='word_1_692' title='bbox 1123 1722 1258 1754; x_wconf 89' lang='lat' dir='ltr'>notione</span> <span class='ocrx_word' id='word_1_693' title='bbox 1275 1722 1360 1763; x_wconf 88' lang='lat' dir='ltr'>dati,</span> <span class='ocrx_word' id='word_1_694' title='bbox 1373 1733 1442 1764; x_wconf 86' lang='lat' dir='ltr'>quae</span> <span class='ocrx_word' id='word_1_695' title='bbox 1457 1723 1544 1755; x_wconf 89' lang='lat' dir='ltr'>nulla</span> <span class='ocrx_word' id='word_1_696' title='bbox 1553 1724 1743 1756; x_wconf 64' lang='lat' dir='ltr'>auctoritate</span> <span class='ocrx_word' id='word_1_697' title='bbox 1755 1734 1829 1761; x_wconf 79' lang='lat' dir='ltr'>cen-</span> 
     </span>
     <span class='ocr_line' id='line_1_88' title="bbox 953 1762 1829 1805; baseline 0.005 -10"><span class='ocrx_word' id='word_1_698' title='bbox 953 1762 1097 1804; x_wconf 87' lang='lat' dir='ltr'>sebatur,</span> <span class='ocrx_word' id='word_1_699' title='bbox 1121 1762 1178 1796; x_wconf 90' lang='lat' dir='ltr'>nisi</span> <span class='ocrx_word' id='word_1_700' title='bbox 1196 1764 1401 1805; x_wconf 79' lang='lat' dir='ltr'>Magistratus</span> <span class='ocrx_word' id='word_1_701' title='bbox 1422 1774 1490 1796; x_wconf 91' lang='lat' dir='ltr'>eam</span> <span class='ocrx_word' id='word_1_702' title='bbox 1509 1764 1663 1797; x_wconf 85' lang='lat' dir='ltr'>habuiss&#39;et</span> <span class='ocrx_word' id='word_1_703' title='bbox 1684 1774 1784 1799; x_wconf 90' lang='lat' dir='ltr'>ratam</span> <span class='ocrx_word' id='word_1_704' title='bbox 1807 1766 1829 1798; x_wconf 68' lang='lat' dir='ltr'>l.</span> 
     </span>
     <span class='ocr_line' id='line_1_89' title="bbox 955 1804 1829 1848; baseline 0.005 -12"><span class='ocrx_word' id='word_1_705' title='bbox 955 1810 1006 1840; x_wconf 86' lang='lat'>28.</span> <span class='ocrx_word' id='word_1_706' title='bbox 1027 1804 1068 1847; x_wconf 86' lang='lat' dir='ltr'>ff.</span> <span class='ocrx_word' id='word_1_707' title='bbox 1089 1806 1122 1836; x_wconf 80' lang='lat' dir='ltr'>de</span> <span class='ocrx_word' id='word_1_708' title='bbox 1144 1805 1192 1837; x_wconf 80' lang='lat' dir='ltr'>Re</span> <span class='ocrx_word' id='word_1_709' title='bbox 1210 1805 1305 1848; x_wconf 80' lang='lat' dir='ltr'>judic.</span> <span class='ocrx_word' id='word_1_710' title='bbox 1344 1807 1376 1839; x_wconf 94' lang='lat' dir='ltr'>Si</span> <span class='ocrx_word' id='word_1_711' title='bbox 1391 1806 1489 1848; x_wconf 76' lang='lat' dir='ltr'>J&#39;udex</span> <span class='ocrx_word' id='word_1_712' title='bbox 1508 1816 1602 1848; x_wconf 84' lang='lat' dir='ltr'>quem</span> <span class='ocrx_word' id='word_1_713' title='bbox 1618 1807 1829 1840; x_wconf 85' lang='lat' dir='ltr'>damnandum</span> 
     </span>
     <span class='ocr_line' id='line_1_90' title="bbox 954 1846 1831 1889; baseline 0.003 -11"><span class='ocrx_word' id='word_1_714' title='bbox 954 1846 1108 1889; x_wconf 74' lang='lat' dir='ltr'>putasset,</span> <span class='ocrx_word' id='word_1_715' title='bbox 1132 1847 1183 1886; x_wconf 89' lang='lat' dir='ltr'>id,</span> <span class='ocrx_word' id='word_1_716' title='bbox 1208 1847 1274 1887; x_wconf 87' lang='lat' dir='ltr'>ejus</span> <span class='ocrx_word' id='word_1_717' title='bbox 1298 1857 1337 1879; x_wconf 90' lang='lat' dir='ltr'>ue</span> <span class='ocrx_word' id='word_1_718' title='bbox 1356 1849 1516 1886; x_wconf 88' lang='lat' dir='ltr'>rationes,</span> <span class='ocrx_word' id='word_1_719' title='bbox 1542 1858 1617 1889; x_wconf 85' lang='lat' dir='ltr'>quas</span> <span class='ocrx_word' id='word_1_720' title='bbox 1643 1849 1674 1880; x_wconf 90' lang='lat' dir='ltr'>in</span> <span class='ocrx_word' id='word_1_721' title='bbox 1693 1850 1831 1881; x_wconf 85' lang='lat' dir='ltr'>notione</span> 
     </span>
     <span class='ocr_line' id='line_1_91' title="bbox 953 1858 1828 1934; baseline 0.001 -13"><span class='ocrx_word' id='word_1_722' title='bbox 953 1858 1391 1934; x_wconf 29' lang='lat' dir='ltr'>indagaveratkfigniflcabat</span> <span class='ocrx_word' id='word_1_723' title='bbox 1410 1888 1613 1930; x_wconf 85' lang='lat' dir='ltr'>Magistratui</span> <span class='ocrx_word' id='word_1_724' title='bbox 1631 1914 1642 1930; x_wconf 88' lang='lat'>,</span> <span class='ocrx_word' id='word_1_725' title='bbox 1668 1899 1703 1922; x_wconf 91' lang='lat' dir='ltr'>ut</span> <span class='ocrx_word' id='word_1_726' title='bbox 1724 1891 1753 1923; x_wconf 83' lang='lat' dir='ltr'>is</span> <span class='ocrx_word' id='word_1_727' title='bbox 1768 1900 1828 1932; x_wconf 91' lang='lat' dir='ltr'>pro</span> 
     </span>
     <span class='ocr_line' id='line_1_92' title="bbox 952 1929 1830 1973; baseline 0.003 -12"><span class='ocrx_word' id='word_1_728' title='bbox 952 1929 1008 1962; x_wconf 86' lang='lat' dir='ltr'>suo</span> <span class='ocrx_word' id='word_1_729' title='bbox 1025 1929 1157 1962; x_wconf 85' lang='lat' dir='ltr'>arbitrio</span> <span class='ocrx_word' id='word_1_730' title='bbox 1173 1931 1359 1962; x_wconf 69' lang='lat' dir='ltr'>sententiam</span> <span class='ocrx_word' id='word_1_731' title='bbox 1379 1930 1524 1972; x_wconf 85' lang='lat' dir='ltr'>rejiceret</span> <span class='ocrx_word' id='word_1_732' title='bbox 1535 1954 1546 1970; x_wconf 91' lang='lat'>,</span> <span class='ocrx_word' id='word_1_733' title='bbox 1570 1931 1623 1963; x_wconf 91' lang='lat' dir='ltr'>vel</span> <span class='ocrx_word' id='word_1_734' title='bbox 1640 1932 1830 1973; x_wconf 81' lang='lat' dir='ltr'>probaret&amp;</span> 
     </span>
     <span class='ocr_line' id='line_1_93' title="bbox 952 1971 1828 2013; baseline 0.002 -10"><span class='ocrx_word' id='word_1_735' title='bbox 952 1971 1137 2003; x_wconf 86' lang='lat' dir='ltr'>executioni</span> <span class='ocrx_word' id='word_1_736' title='bbox 1169 1971 1268 2003; x_wconf 80' lang='lat' dir='ltr'>daret.</span> <span class='ocrx_word' id='word_1_737' title='bbox 1319 1971 1406 2004; x_wconf 92' lang='lat' dir='ltr'>Idem</span> <span class='ocrx_word' id='word_1_738' title='bbox 1432 1972 1510 2012; x_wconf 84' lang='lat' dir='ltr'>J&#39;uris</span> <span class='ocrx_word' id='word_1_739' title='bbox 1540 1972 1586 2005; x_wconf 86' lang='lat' dir='ltr'>est</span> <span class='ocrx_word' id='word_1_740' title='bbox 1612 1973 1645 2005; x_wconf 82' lang='lat' dir='ltr'>in</span> <span class='ocrx_word' id='word_1_741' title='bbox 1670 1973 1828 2013; x_wconf 79' lang='lat' dir='ltr'>Praefide,</span> 
     </span>
     <span class='ocr_line' id='line_1_94' title="bbox 953 2013 1829 2060; baseline 0.003 -16"><span class='ocrx_word' id='word_1_742' title='bbox 953 2013 1039 2060; x_wconf 84' lang='lat' dir='ltr'>quod</span> <span class='ocrx_word' id='word_1_743' title='bbox 1055 2013 1092 2045; x_wconf 90' lang='lat' dir='ltr'>ad</span> <span class='ocrx_word' id='word_1_744' title='bbox 1114 2013 1390 2055; x_wconf 87' lang='lat' dir='ltr'>deportationem,</span> <span class='ocrx_word' id='word_1_745' title='bbox 1414 2023 1471 2053; x_wconf 86' lang='lat' dir='ltr'>ea,</span> <span class='ocrx_word' id='word_1_746' title='bbox 1494 2022 1588 2055; x_wconf 84' lang='lat' dir='ltr'>quain</span> <span class='ocrx_word' id='word_1_747' title='bbox 1603 2013 1829 2056; x_wconf 71' lang='lat' dir='ltr'>exposuimus,</span> 
     </span>
     <span class='ocr_line' id='line_1_95' title="bbox 953 2063 1087 2088; baseline 0 -1"><span class='ocrx_word' id='word_1_748' title='bbox 953 2063 1087 2088; x_wconf 80' lang='lat' dir='ltr'>ratione.</span> 
     </span>
    </p>
   </div>
   <div class='ocr_carea' id='block_1_10' title="bbox 1061 2146 1287 2184">
    <p class='ocr_par' dir='ltr' id='par_1_13' title="bbox 1061 2146 1287 2184">
     <span class='ocr_line' id='line_1_96' title="bbox 1061 2146 1287 2184; baseline 0 -1"><span class='ocrx_word' id='word_1_749' title='bbox 1061 2146 1287 2184; x_wconf 83' lang='lat' dir='ltr'>XXIIL</span> 
     </span>
    </p>
   </div>
   <div class='ocr_carea' id='block_1_11' title="bbox 714 2236 1143 2286">
    <p class='ocr_par' dir='ltr' id='par_1_14' title="bbox 714 2236 1143 2286">
     <span class='ocr_line' id='line_1_97' title="bbox 714 2236 1143 2286; baseline -0.002 -14"><span class='ocrx_word' id='word_1_750' title='bbox 714 2236 802 2286; x_wconf 65' lang='lat' dir='ltr'>,Quis</span> <span class='ocrx_word' id='word_1_751' title='bbox 826 2248 847 2272; x_wconf 88' lang='lat' dir='ltr'>a</span> <span class='ocrx_word' id='word_1_752' title='bbox 872 2247 930 2283; x_wconf 80' lang='lat' dir='ltr'>quo</span> <span class='ocrx_word' id='word_1_753' title='bbox 955 2237 1143 2285; x_wconf 44' lang='lat' dir='ltr'>appelletur,</span> 
     </span>
    </p>
   </div>
   <div class='ocr_carea' id='block_1_12' title="bbox 44 2331 910 2463">
    <p class='ocr_par' dir='ltr' id='par_1_15' title="bbox 44 2331 910 2463">
     <span class='ocr_line' id='line_1_98' title="bbox 44 2331 910 2414; baseline 0.001 -50"><span class='ocrx_word' id='word_1_754' title='bbox 44 2331 131 2414; x_wconf 85' lang='lat' dir='ltr'>Ex</span> <span class='ocrx_word' id='word_1_755' title='bbox 155 2332 216 2373; x_wconf 87' lang='lat' dir='ltr'>iis,</span> <span class='ocrx_word' id='word_1_756' title='bbox 240 2343 310 2376; x_wconf 88' lang='lat' dir='ltr'>quae</span> <span class='ocrx_word' id='word_1_757' title='bbox 325 2333 424 2366; x_wconf 90' lang='lat' dir='ltr'>modo</span> <span class='ocrx_word' id='word_1_758' title='bbox 437 2333 577 2366; x_wconf 89' lang='lat' dir='ltr'>dicebam</span> <span class='ocrx_word' id='word_1_759' title='bbox 597 2333 636 2365; x_wconf 87' lang='lat' dir='ltr'>de</span> <span class='ocrx_word' id='word_1_760' title='bbox 657 2333 809 2366; x_wconf 89' lang='lat' dir='ltr'>sententia</span> <span class='ocrx_word' id='word_1_761' title='bbox 832 2334 910 2374; x_wconf 85' lang='lat' dir='ltr'>judi-</span> 
     </span>
     <span class='ocr_line' id='line_1_99' title="bbox 130 2374 909 2448; baseline 0 -42"><span class='ocrx_word' id='word_1_762' title='bbox 130 2374 195 2412; x_wconf 91' lang='lat' dir='ltr'>cis,</span> <span class='ocrx_word' id='word_1_763' title='bbox 220 2376 271 2422; x_wconf 78' lang='lat' dir='ltr'>cui</span> <span class='ocrx_word' id='word_1_764' title='bbox 290 2374 356 2422; x_wconf 78' lang='lat' dir='ltr'>sola</span> <span class='ocrx_word' id='word_1_765' title='bbox 372 2376 465 2422; x_wconf 81' lang='lat' dir='ltr'>notio</span> <span class='ocrx_word' id='word_1_766' title='bbox 484 2375 706 2421; x_wconf 79' lang='lat' dir='ltr'>competebat,</span> <span class='ocrx_word' id='word_1_767' title='bbox 729 2374 802 2407; x_wconf 86' lang='lat' dir='ltr'>satis</span> <span class='ocrx_word' id='word_1_768' title='bbox 819 2385 909 2448; x_wconf 50' lang='grc' dir='ltr'>Βρίξα-</span> 
     </span>
     <span class='ocr_line' id='line_1_100' title="bbox 45 2416 909 2463; baseline 0.001 -16"><span class='ocrx_word' id='word_1_769' title='bbox 45 2423 94 2448; x_wconf 88' lang='lat' dir='ltr'>ret</span> <span class='ocrx_word' id='word_1_770' title='bbox 109 2440 119 2455; x_wconf 92' lang='lat'>‚</span> <span class='ocrx_word' id='word_1_771' title='bbox 142 2416 180 2447; x_wconf 89' lang='lat' dir='ltr'>ab</span> <span class='ocrx_word' id='word_1_772' title='bbox 203 2417 357 2462; x_wconf 53' lang='lat' dir='ltr'>eiusmodi</span> <span class='ocrx_word' id='word_1_773' title='bbox 379 2418 484 2458; x_wconf 83' lang='lat' dir='ltr'>judice</span> <span class='ocrx_word' id='word_1_774' title='bbox 507 2417 655 2459; x_wconf 86' lang='lat' dir='ltr'>appellari</span> <span class='ocrx_word' id='word_1_775' title='bbox 673 2426 736 2448; x_wconf 91' lang='lat' dir='ltr'>non</span> <span class='ocrx_word' id='word_1_776' title='bbox 756 2425 847 2463; x_wconf 72' lang='lat' dir='ltr'>pptui</span> <span class='ocrx_word' id='word_1_777' title='bbox 874 2426 909 2456; x_wconf 88' lang='lat' dir='ltr'>e,</span> 
     </span>
    </p>
   </div>
   <div class='ocr_carea' id='block_1_13' title="bbox 45 2457 1328 2532">
    <p class='ocr_par' dir='ltr' id='par_1_16' title="bbox 45 2457 1328 2532">
     <span class='ocr_line' id='line_1_101' title="bbox 45 2457 1328 2532; baseline 0.001 -42"><span class='ocrx_word' id='word_1_778' title='bbox 45 2467 116 2490; x_wconf 86' lang='lat' dir='ltr'>nam</span> <span class='ocrx_word' id='word_1_779' title='bbox 133 2457 199 2497; x_wconf 87' lang='lat' dir='ltr'>ejus</span> <span class='ocrx_word' id='word_1_780' title='bbox 215 2459 369 2490; x_wconf 83' lang='lat' dir='ltr'>iententia</span> <span class='ocrx_word' id='word_1_781' title='bbox 386 2466 459 2490; x_wconf 89' lang='lat' dir='ltr'>ante</span> <span class='ocrx_word' id='word_1_782' title='bbox 474 2459 746 2490; x_wconf 74' lang='lat' dir='ltr'>confirmationem</span> <span class='ocrx_word' id='word_1_783' title='bbox 759 2467 844 2498; x_wconf 74' lang='lat' dir='ltr'>ejus,</span> <span class='ocrx_word' id='word_1_784' title='bbox 856 2459 911 2499; x_wconf 83' lang='lat' dir='ltr'>qui·</span> <span class='ocrx_word' id='word_1_785' title='bbox 943 2458 1104 2500; x_wconf 76' lang='lat' dir='ltr'>specialem</span> <span class='ocrx_word' id='word_1_786' title='bbox 1106 2461 1243 2532; x_wconf 66' lang='lat' dir='ltr'>1jadicem</span> <span class='ocrx_word' id='word_1_787' title='bbox 1266 2458 1287 2490; x_wconf 87' lang='lat' dir='ltr'>l.</span> <span class='ocrx_word' id='word_1_788' title='bbox 1298 2469 1328 2499; x_wconf 83' lang='lat'>4.</span> 
     </span>
    </p>
   </div>
   <div class='ocr_carea' id='block_1_14' title="bbox 43 2498 919 3161">
    <p class='ocr_par' dir='ltr' id='par_1_17' title="bbox 43 2498 919 3161">
     <span class='ocr_line' id='line_1_102' title="bbox 46 2498 907 2540; baseline 0.001 -11"><span class='ocrx_word' id='word_1_789' title='bbox 46 2498 183 2539; x_wconf 71' lang='lat' dir='ltr'>Judicem</span> <span class='ocrx_word' id='word_1_790' title='bbox 207 2499 353 2538; x_wconf 86' lang='lat' dir='ltr'>dederat,</span> <span class='ocrx_word' id='word_1_791' title='bbox 384 2500 452 2531; x_wconf 91' lang='lat' dir='ltr'>vim</span> <span class='ocrx_word' id='word_1_792' title='bbox 474 2499 637 2532; x_wconf 88' lang='lat' dir='ltr'>sententiae</span> <span class='ocrx_word' id='word_1_793' title='bbox 660 2509 725 2532; x_wconf 89' lang='lat' dir='ltr'>non</span> <span class='ocrx_word' id='word_1_794' title='bbox 750 2499 883 2531; x_wconf 81' lang='lat' dir='ltr'>habebat</span> <span class='ocrx_word' id='word_1_795' title='bbox 897 2524 907 2540; x_wconf 90' lang='lat'>‚</span> 
     </span>
     <span class='ocr_line' id='line_1_103' title="bbox 45 2538 908 2614; baseline 0.002 -43"><span class='ocrx_word' id='word_1_796' title='bbox 45 2538 116 2614; x_wconf 67' lang='lat' dir='ltr'>post</span> <span class='ocrx_word' id='word_1_797' title='bbox 139 2539 410 2573; x_wconf 83' lang='lat' dir='ltr'>confirmationem</span> <span class='ocrx_word' id='word_1_798' title='bbox 433 2551 450 2572; x_wconf 89' lang='lat' dir='ltr'>a</span> <span class='ocrx_word' id='word_1_799' title='bbox 474 2542 567 2573; x_wconf 89' lang='lat' dir='ltr'>dante</span> <span class='ocrx_word' id='word_1_800' title='bbox 591 2548 658 2573; x_wconf 86' lang='lat' dir='ltr'>erat</span> <span class='ocrx_word' id='word_1_801' title='bbox 679 2541 908 2583; x_wconf 87' lang='lat' dir='ltr'>appellandum.</span> 
     </span>
     <span class='ocr_line' id='line_1_104' title="bbox 62 2579 910 2624; baseline 0.004 -12"><span class='ocrx_word' id='word_1_802' title='bbox 62 2581 83 2612; x_wconf 94' lang='lat' dir='ltr'>d</span> <span class='ocrx_word' id='word_1_803' title='bbox 102 2581 213 2621; x_wconf 89' lang='lat' dir='ltr'>probat</span> <span class='ocrx_word' id='word_1_804' title='bbox 227 2579 293 2614; x_wconf 85' lang='lat' dir='ltr'>sola</span> <span class='ocrx_word' id='word_1_805' title='bbox 305 2583 405 2621; x_wconf 86' lang='lat' dir='ltr'>ratio,</span> <span class='ocrx_word' id='word_1_806' title='bbox 429 2592 503 2614; x_wconf 81' lang='lat' dir='ltr'>curn</span> <span class='ocrx_word' id='word_1_807' title='bbox 519 2583 601 2615; x_wconf 86' lang='lat' dir='ltr'>idem</span> <span class='ocrx_word' id='word_1_808' title='bbox 626 2583 787 2624; x_wconf 85' lang='lat' dir='ltr'>utriusque</span> <span class='ocrx_word' id='word_1_809' title='bbox 810 2581 910 2615; x_wconf 82' lang='lat' dir='ltr'>fuerit</span> 
     </span>
     <span class='ocr_line' id='line_1_105' title="bbox 46 2622 910 2666; baseline 0 -11"><span class='ocrx_word' id='word_1_810' title='bbox 46 2622 256 2662; x_wconf 79' lang='lat' dir='ltr'>auditorium,</span> <span class='ocrx_word' id='word_1_811' title='bbox 282 2624 312 2656; x_wconf 72' lang='grc' dir='ltr'>ὅτ,</span> <span class='ocrx_word' id='word_1_812' title='bbox 328 2634 421 2656; x_wconf 88' lang='lat' dir='ltr'>nemo</span> <span class='ocrx_word' id='word_1_813' title='bbox 438 2624 476 2655; x_wconf 90' lang='lat' dir='ltr'>ab</span> <span class='ocrx_word' id='word_1_814' title='bbox 491 2625 601 2656; x_wconf 87' lang='lat' dir='ltr'>eodem</span> <span class='ocrx_word' id='word_1_815' title='bbox 621 2625 660 2656; x_wconf 84' lang='lat' dir='ltr'>ad</span> <span class='ocrx_word' id='word_1_816' title='bbox 680 2623 710 2655; x_wconf 90' lang='lat' dir='ltr'>se</span> <span class='ocrx_word' id='word_1_817' title='bbox 733 2625 741 2656; x_wconf 94' lang='lat' dir='ltr'>i</span> <span class='ocrx_word' id='word_1_818' title='bbox 769 2623 833 2656; x_wconf 90' lang='lat' dir='ltr'>sum</span> <span class='ocrx_word' id='word_1_819' title='bbox 860 2634 910 2666; x_wconf 90' lang='lat' dir='ltr'>ap-</span> 
     </span>
     <span class='ocr_line' id='line_1_106' title="bbox 45 2664 910 2709; baseline 0.002 -14"><span class='ocrx_word' id='word_1_820' title='bbox 45 2664 163 2709; x_wconf 71' lang='lat' dir='ltr'>pellare</span> <span class='ocrx_word' id='word_1_821' title='bbox 180 2664 293 2705; x_wconf 73' lang='lat' dir='ltr'>possit,</span> <span class='ocrx_word' id='word_1_822' title='bbox 316 2673 353 2696; x_wconf 88' lang='lat' dir='ltr'>ut</span> <span class='ocrx_word' id='word_1_823' title='bbox 372 2666 404 2698; x_wconf 89' lang='lat' dir='ltr'>in</span> <span class='ocrx_word' id='word_1_824' title='bbox 422 2665 511 2698; x_wconf 91' lang='lat' dir='ltr'>causa</span> <span class='ocrx_word' id='word_1_825' title='bbox 533 2666 621 2698; x_wconf 83' lang='lat' dir='ltr'>simili</span> <span class='ocrx_word' id='word_1_826' title='bbox 640 2666 714 2706; x_wconf 61' lang='lat' dir='ltr'>Juaee</span> <span class='ocrx_word' id='word_1_827' title='bbox 763 2665 910 2698; x_wconf 88' lang='lat' dir='ltr'>ontificio</span> 
     </span>
     <span class='ocr_line' id='line_1_107' title="bbox 46 2703 909 2751; baseline 0.003 -14"><span class='ocrx_word' id='word_1_828' title='bbox 46 2703 252 2738; x_wconf 77' lang='lat' dir='ltr'>constitutum</span> <span class='ocrx_word' id='word_1_829' title='bbox 278 2705 323 2738; x_wconf 91' lang='lat' dir='ltr'>est</span> <span class='ocrx_word' id='word_1_830' title='bbox 349 2707 381 2740; x_wconf 77' lang='lat' dir='ltr'>C.</span> <span class='ocrx_word' id='word_1_831' title='bbox 403 2717 432 2740; x_wconf 87' lang='lat'>2.</span> <span class='ocrx_word' id='word_1_832' title='bbox 455 2707 499 2740; x_wconf 86' lang='lat' dir='ltr'>X.</span> <span class='ocrx_word' id='word_1_833' title='bbox 522 2709 555 2739; x_wconf 86' lang='lat' dir='ltr'>de</span> <span class='ocrx_word' id='word_1_834' title='bbox 579 2707 745 2748; x_wconf 62' lang='lat' dir='ltr'>Consuetud.</span> <span class='ocrx_word' id='word_1_835' title='bbox 771 2708 801 2739; x_wconf 70' lang='grc' dir='ltr'>ἃ</span> <span class='ocrx_word' id='word_1_836' title='bbox 825 2708 857 2739; x_wconf 90' lang='lat' dir='ltr'>C.</span> <span class='ocrx_word' id='word_1_837' title='bbox 878 2719 909 2751; x_wconf 82' lang='lat'>3.</span> 
     </span>
     <span class='ocr_line' id='line_1_108' title="bbox 43 2745 910 2791; baseline 0.003 -12"><span class='ocrx_word' id='word_1_838' title='bbox 43 2753 93 2788; x_wconf 75' lang='lat' dir='ltr'>pr.</span> <span class='ocrx_word' id='word_1_839' title='bbox 114 2745 158 2778; x_wconf 88' lang='lat' dir='ltr'>X.</span> <span class='ocrx_word' id='word_1_840' title='bbox 178 2747 211 2779; x_wconf 80' lang='lat' dir='ltr'>de</span> <span class='ocrx_word' id='word_1_841' title='bbox 231 2747 430 2789; x_wconf 71' lang='lat' dir='ltr'>Appellation.</span> <span class='ocrx_word' id='word_1_842' title='bbox 451 2749 620 2791; x_wconf 86' lang='lat' dir='ltr'>utrobique</span> <span class='ocrx_word' id='word_1_843' title='bbox 636 2750 668 2780; x_wconf 92' lang='lat' dir='ltr'>in</span> <span class='ocrx_word' id='word_1_844' title='bbox 676 2748 771 2789; x_wconf 82' lang='lat' dir='ltr'>sexto.</span> <span class='ocrx_word' id='word_1_845' title='bbox 808 2749 868 2781; x_wconf 91' lang='lat' dir='ltr'>Sed</span> <span class='ocrx_word' id='word_1_846' title='bbox 888 2749 910 2782; x_wconf 84' lang='lat' dir='ltr'>fi</span> 
     </span>
     <span class='ocr_line' id='line_1_109' title="bbox 48 2787 913 2833; baseline 0.005 -15"><span class='ocrx_word' id='word_1_847' title='bbox 48 2788 143 2833; x_wconf 78' lang='lat' dir='ltr'>judex</span> <span class='ocrx_word' id='word_1_848' title='bbox 163 2787 254 2820; x_wconf 83' lang='lat' dir='ltr'>datus</span> <span class='ocrx_word' id='word_1_849' title='bbox 277 2789 314 2821; x_wconf 84' lang='lat' dir='ltr'>sit</span> <span class='ocrx_word' id='word_1_850' title='bbox 330 2813 340 2828; x_wconf 95' lang='lat'>‚</span> <span class='ocrx_word' id='word_1_851' title='bbox 365 2798 401 2821; x_wconf 91' lang='lat' dir='ltr'>ut</span> <span class='ocrx_word' id='word_1_852' title='bbox 418 2789 483 2832; x_wconf 87' lang='lat' dir='ltr'>ipse</span> <span class='ocrx_word' id='word_1_853' title='bbox 500 2791 588 2822; x_wconf 89' lang='lat' dir='ltr'>litem</span> <span class='ocrx_word' id='word_1_854' title='bbox 601 2790 730 2822; x_wconf 87' lang='lat' dir='ltr'>definiat</span> <span class='ocrx_word' id='word_1_855' title='bbox 748 2814 759 2829; x_wconf 95' lang='lat'><strong><em>‚</em></strong></span> <span class='ocrx_word' id='word_1_856' title='bbox 783 2790 809 2822; x_wconf 88' lang='lat' dir='ltr'>is</span> <span class='ocrx_word' id='word_1_857' title='bbox 824 2814 834 2830; x_wconf 89' lang='lat'>‚</span> <span class='ocrx_word' id='word_1_858' title='bbox 859 2791 913 2832; x_wconf 89' lang='lat' dir='ltr'>qui</span> 
     </span>
     <span class='ocr_line' id='line_1_110' title="bbox 47 2828 914 2873; baseline 0.005 -13"><span class='ocrx_word' id='word_1_859' title='bbox 47 2828 154 2866; x_wconf 83' lang='lat' dir='ltr'>dedit,</span> <span class='ocrx_word' id='word_1_860' title='bbox 171 2829 394 2870; x_wconf 80' lang='lat' dir='ltr'>appellabitur,</span> <span class='ocrx_word' id='word_1_861' title='bbox 412 2832 442 2864; x_wconf 86' lang='lat'>&amp;</span> <span class='ocrx_word' id='word_1_862' title='bbox 457 2832 528 2863; x_wconf 86' lang='lat' dir='ltr'>inde</span> <span class='ocrx_word' id='word_1_863' title='bbox 545 2843 562 2864; x_wconf 82' lang='lat' dir='ltr'>a</span> <span class='ocrx_word' id='word_1_864' title='bbox 577 2832 696 2871; x_wconf 87' lang='lat' dir='ltr'>&#39;udice,</span> <span class='ocrx_word' id='word_1_865' title='bbox 717 2841 811 2873; x_wconf 89' lang='lat' dir='ltr'>quem</span> <span class='ocrx_word' id='word_1_866' title='bbox 830 2831 914 2864; x_wconf 88' lang='lat' dir='ltr'>Con-</span> 
     </span>
     <span class='ocr_line' id='line_1_111' title="bbox 47 2869 915 2914; baseline 0.003 -12"><span class='ocrx_word' id='word_1_867' title='bbox 47 2869 131 2902; x_wconf 82' lang='lat' dir='ltr'>sules</span> <span class='ocrx_word' id='word_1_868' title='bbox 147 2869 318 2908; x_wconf 81' lang='lat' dir='ltr'>dederunt,</span> <span class='ocrx_word' id='word_1_869' title='bbox 339 2871 377 2902; x_wconf 90' lang='lat' dir='ltr'>ad</span> <span class='ocrx_word' id='word_1_870' title='bbox 392 2872 475 2913; x_wconf 88' lang='lat' dir='ltr'>ipsos</span> <span class='ocrx_word' id='word_1_871' title='bbox 493 2872 565 2905; x_wconf 92' lang='lat' dir='ltr'>Con</span> <span class='ocrx_word' id='word_1_872' title='bbox 582 2874 647 2905; x_wconf 88' lang='lat' dir='ltr'>ules</span> <span class='ocrx_word' id='word_1_873' title='bbox 662 2872 708 2905; x_wconf 88' lang='lat' dir='ltr'>est</span> <span class='ocrx_word' id='word_1_874' title='bbox 723 2874 915 2914; x_wconf 89' lang='lat' dir='ltr'>provocatio</span> 
     </span>
     <span class='ocr_line' id='line_1_112' title="bbox 50 2909 911 2957; baseline 0.006 -16"><span class='ocrx_word' id='word_1_875' title='bbox 50 2911 70 2942; x_wconf 82' lang='lat' dir='ltr'>l.</span> <span class='ocrx_word' id='word_1_876' title='bbox 98 2920 131 2957; x_wconf 83' lang='lat'>.¹·.</span> <span class='ocrx_word' id='word_1_877' title='bbox 149 2909 186 2957; x_wconf 40' lang='lat' dir='ltr'><em>Q</em></span> <span class='ocrx_word' id='word_1_878' title='bbox 202 2921 232 2952; x_wconf 82' lang='lat'>3.</span> <span class='ocrx_word' id='word_1_879' title='bbox 248 2910 289 2952; x_wconf 86' lang='lat' dir='ltr'>ff.</span> <span class='ocrx_word' id='word_1_880' title='bbox 313 2912 347 2943; x_wconf 76' lang='lat' dir='ltr'>de</span> <span class='ocrx_word' id='word_1_881' title='bbox 373 2913 523 2954; x_wconf 75' lang='lat' dir='ltr'>Appellat.</span> <span class='ocrx_word' id='word_1_882' title='bbox 551 2915 582 2946; x_wconf 73' lang='grc' dir='ltr'>δι’,</span> <span class='ocrx_word' id='word_1_883' title='bbox 609 2915 654 2946; x_wconf 89' lang='lat' dir='ltr'>ita</span> <span class='ocrx_word' id='word_1_884' title='bbox 675 2914 707 2946; x_wconf 89' lang='lat' dir='ltr'>in</span> <span class='ocrx_word' id='word_1_885' title='bbox 733 2915 820 2947; x_wconf 87' lang='lat' dir='ltr'>omni</span> <span class='ocrx_word' id='word_1_886' title='bbox 846 2923 911 2955; x_wconf 89' lang='lat' dir='ltr'>eo,</span> 
     </span>
     <span class='ocr_line' id='line_1_113' title="bbox 51 2952 918 3044; baseline 0.005 -18"><span class='ocrx_word' id='word_1_887' title='bbox 51 2952 388 3026; x_wconf 50' lang='lat' dir='ltr'>{cuiliss‘lfflffi‘t</span> <span class='ocrx_word' id='word_1_888' title='bbox 405 2954 513 3037; x_wconf 49' lang='lat' dir='ltr'>‘gefiffrst</span> <span class='ocrx_word' id='word_1_889' title='bbox 528 2956 732 3044; x_wconf 55' lang='grc' dir='ltr'>Ηᾲῑὲῗῗᾝέ</span> <span class='ocrx_word' id='word_1_890' title='bbox 744 2956 839 3039; x_wconf 56' lang='lat' dir='ltr'>0232·th</span> <span class='ocrx_word' id='word_1_891' title='bbox 862 2963 918 3030; x_wconf 60' lang='lat'>²³15·-</span> 
     </span>
     <span class='ocr_line' id='line_1_114' title="bbox 51 3034 916 3077; baseline 0.008 -12"><span class='ocrx_word' id='word_1_892' title='bbox 51 3034 187 3076; x_wconf 84' lang='lat' dir='ltr'>jusmodi</span> <span class='ocrx_word' id='word_1_893' title='bbox 206 3034 320 3074; x_wconf 73' lang='lat' dir='ltr'>iudex,</span> <span class='ocrx_word' id='word_1_894' title='bbox 343 3035 396 3076; x_wconf 89' lang='lat' dir='ltr'>qui</span> <span class='ocrx_word' id='word_1_895' title='bbox 415 3035 535 3068; x_wconf 83' lang='lat' dir='ltr'>causam</span> <span class='ocrx_word' id='word_1_896' title='bbox 551 3038 760 3077; x_wconf 82' lang='lat' dir='ltr'>terminabat,</span> <span class='ocrx_word' id='word_1_897' title='bbox 780 3039 849 3071; x_wconf 82' lang='lat' dir='ltr'>fei-e</span> <span class='ocrx_word' id='word_1_898' title='bbox 869 3039 916 3072; x_wconf 58' lang='lat' dir='ltr'>di«</span> 
     </span>
     <span class='ocr_line' id='line_1_115' title="bbox 52 3076 919 3121; baseline 0.003 -13"><span class='ocrx_word' id='word_1_899' title='bbox 52 3076 183 3108; x_wconf 88' lang='lat' dir='ltr'>cebatur</span> <span class='ocrx_word' id='word_1_900' title='bbox 199 3076 302 3117; x_wconf 73' lang='lat' dir='ltr'>Judex</span> <span class='ocrx_word' id='word_1_901' title='bbox 315 3076 478 3117; x_wconf 70' lang='lat' dir='ltr'>specialis,</span> <span class='ocrx_word' id='word_1_902' title='bbox 500 3078 528 3109; x_wconf 71' lang='grc' dir='ltr'>ὅ(</span> <span class='ocrx_word' id='word_1_903' title='bbox 544 3079 591 3117; x_wconf 89' lang='lat' dir='ltr'>is,</span> <span class='ocrx_word' id='word_1_904' title='bbox 615 3080 668 3121; x_wconf 88' lang='lat' dir='ltr'>qui</span> <span class='ocrx_word' id='word_1_905' title='bbox 688 3089 760 3111; x_wconf 90' lang='lat' dir='ltr'>eum</span> <span class='ocrx_word' id='word_1_906' title='bbox 777 3081 919 3120; x_wconf 74' lang='lat' dir='ltr'>dederat,</span> 
     </span>
     <span class='ocr_line' id='line_1_116' title="bbox 52 3115 915 3161; baseline 0.007 -13"><span class='ocrx_word' id='word_1_907' title='bbox 52 3115 238 3149; x_wconf 80' lang='lat' dir='ltr'>censebatur</span> <span class='ocrx_word' id='word_1_908' title='bbox 263 3117 424 3149; x_wconf 86' lang='lat' dir='ltr'>retinuisse</span> <span class='ocrx_word' id='word_1_909' title='bbox 442 3141 453 3157; x_wconf 92' lang='lat'>,</span> <span class='ocrx_word' id='word_1_910' title='bbox 485 3127 544 3150; x_wconf 88' lang='lat' dir='ltr'>nec</span> <span class='ocrx_word' id='word_1_911' title='bbox 569 3120 711 3152; x_wconf 84' lang='lat' dir='ltr'>alienasse</span> <span class='ocrx_word' id='word_1_912' title='bbox 727 3121 915 3161; x_wconf 63' lang='lat' dir='ltr'>iurisdietio-</span> 
     </span>
    </p>
   </div>
   <div class='ocr_carea' id='block_1_15' title="bbox 53 3158 921 3203">
    <p class='ocr_par' dir='ltr' id='par_1_18' title="bbox 53 3158 921 3203">
     <span class='ocr_line' id='line_1_117' title="bbox 53 3158 921 3203; baseline 0.005 -13"><span class='ocrx_word' id='word_1_913' title='bbox 53 3167 135 3190; x_wconf 82' lang='lat' dir='ltr'>nem.</span> <span class='ocrx_word' id='word_1_914' title='bbox 187 3159 219 3191; x_wconf 91' lang='lat' dir='ltr'>Si</span> <span class='ocrx_word' id='word_1_915' title='bbox 252 3158 382 3191; x_wconf 82' lang='lat' dir='ltr'>ssaretur</span> <span class='ocrx_word' id='word_1_916' title='bbox 407 3158 569 3192; x_wconf 74' lang='lat' dir='ltr'>sententia:</span> <span class='ocrx_word' id='word_1_917' title='bbox 593 3161 747 3201; x_wconf 79' lang='lat' dir='ltr'>ejusmodi</span> <span class='ocrx_word' id='word_1_918' title='bbox 777 3163 921 3203; x_wconf 79' lang='lat' dir='ltr'>judicis,</span> 
     </span>
    </p>
   </div>
   <div class='ocr_carea' id='block_1_16' title="bbox 52 3199 918 3245">
    <p class='ocr_par' dir='ltr' id='par_1_19' title="bbox 52 3199 918 3245">
     <span class='ocr_line' id='line_1_118' title="bbox 52 3199 918 3245; baseline 0.007 -14"><span class='ocrx_word' id='word_1_919' title='bbox 52 3199 135 3239; x_wconf 81' lang='lat' dir='ltr'>ipse,</span> <span class='ocrx_word' id='word_1_920' title='bbox 156 3200 211 3241; x_wconf 89' lang='lat' dir='ltr'>qui</span> <span class='ocrx_word' id='word_1_921' title='bbox 225 3200 370 3241; x_wconf 76' lang='lat' dir='ltr'>dederat,</span> <span class='ocrx_word' id='word_1_922' title='bbox 388 3209 514 3241; x_wconf 85' lang='lat' dir='ltr'>poterat</span> <span class='ocrx_word' id='word_1_923' title='bbox 530 3201 686 3241; x_wconf 79' lang='lat' dir='ltr'>iudicandi</span> <span class='ocrx_word' id='word_1_924' title='bbox 701 3212 796 3243; x_wconf 79' lang='lat' dir='ltr'>opera</span> <span class='ocrx_word' id='word_1_925' title='bbox 815 3203 918 3245; x_wconf 71' lang='lat' dir='ltr'>super-</span> 
     </span>
    </p>
   </div>
   <div class='ocr_carea' id='block_1_17' title="bbox 952 2326 1840 3246">
    <p class='ocr_par' dir='ltr' id='par_1_20' title="bbox 952 2326 1840 3246">
     <span class='ocr_line' id='line_1_119' title="bbox 954 2326 1828 2377; baseline 0 -10"><span class='ocrx_word' id='word_1_926' title='bbox 954 2328 1076 2372; x_wconf 86' lang='lat' dir='ltr'>sedere,</span> <span class='ocrx_word' id='word_1_927' title='bbox 1100 2333 1123 2366; x_wconf 87' lang='lat' dir='ltr'>ss</span> <span class='ocrx_word' id='word_1_928' title='bbox 1138 2343 1203 2366; x_wconf 89' lang='lat' dir='ltr'>non</span> <span class='ocrx_word' id='word_1_929' title='bbox 1216 2333 1364 2374; x_wconf 80' lang='lat' dir='ltr'>staretur,</span> <span class='ocrx_word' id='word_1_930' title='bbox 1388 2344 1406 2366; x_wconf 91' lang='lat' dir='ltr'>a</span> <span class='ocrx_word' id='word_1_931' title='bbox 1421 2328 1567 2377; x_wconf 84' lang='lat' dir='ltr'>delegato</span> <span class='ocrx_word' id='word_1_932' title='bbox 1583 2334 1620 2366; x_wconf 89' lang='lat' dir='ltr'>ad</span> <span class='ocrx_word' id='word_1_933' title='bbox 1630 2326 1828 2376; x_wconf 76' lang='lat' dir='ltr'>delegantem</span> 
     </span>
     <span class='ocr_line' id='line_1_120' title="bbox 954 2375 1826 2418; baseline 0.001 -11"><span class='ocrx_word' id='word_1_934' title='bbox 954 2375 1112 2417; x_wconf 86' lang='lat' dir='ltr'>supererat</span> <span class='ocrx_word' id='word_1_935' title='bbox 1126 2376 1330 2418; x_wconf 81' lang='lat' dir='ltr'>provocatio,</span> <span class='ocrx_word' id='word_1_936' title='bbox 1373 2375 1425 2408; x_wconf 86' lang='lat' dir='ltr'>Ex</span> <span class='ocrx_word' id='word_1_937' title='bbox 1448 2376 1497 2409; x_wconf 89' lang='lat' dir='ltr'>his</span> <span class='ocrx_word' id='word_1_938' title='bbox 1517 2376 1606 2408; x_wconf 90' lang='lat' dir='ltr'>nullo</span> <span class='ocrx_word' id='word_1_939' title='bbox 1628 2377 1761 2417; x_wconf 81' lang='lat' dir='ltr'>negotio</span> <span class='ocrx_word' id='word_1_940' title='bbox 1780 2377 1826 2409; x_wconf 90' lang='lat' dir='ltr'>in-</span> 
     </span>
     <span class='ocr_line' id='line_1_121' title="bbox 954 2417 1827 2459; baseline 0.001 -11"><span class='ocrx_word' id='word_1_941' title='bbox 954 2417 1126 2459; x_wconf 72' lang='lat' dir='ltr'>teiligimus</span> <span class='ocrx_word' id='word_1_942' title='bbox 1147 2441 1157 2457; x_wconf 91' lang='lat'>‚</span> <span class='ocrx_word' id='word_1_943' title='bbox 1196 2427 1253 2449; x_wconf 88' lang='lat' dir='ltr'>cui·</span> <span class='ocrx_word' id='word_1_944' title='bbox 1278 2417 1400 2449; x_wconf 84' lang='lat' dir='ltr'>Praetor</span> <span class='ocrx_word' id='word_1_945' title='bbox 1424 2426 1487 2449; x_wconf 90' lang='lat' dir='ltr'>non</span> <span class='ocrx_word' id='word_1_946' title='bbox 1507 2417 1600 2458; x_wconf 84' lang='lat' dir='ltr'>poffit</span> <span class='ocrx_word' id='word_1_947' title='bbox 1624 2417 1689 2459; x_wconf 91' lang='lat' dir='ltr'>ipse</span> <span class='ocrx_word' id='word_1_948' title='bbox 1707 2417 1738 2449; x_wconf 90' lang='lat' dir='ltr'>se</span> <span class='ocrx_word' id='word_1_949' title='bbox 1753 2418 1827 2449; x_wconf 87' lang='lat' dir='ltr'>dare</span> 
     </span>
     <span class='ocr_line' id='line_1_122' title="bbox 1123 2458 1822 2501; baseline 0 -10"><span class='ocrx_word' id='word_1_950' title='bbox 1123 2459 1129 2464; x_wconf 88' lang='lat'>&#39;</span> <span class='ocrx_word' id='word_1_951' title='bbox 1344 2458 1387 2500; x_wconf 91' lang='lat' dir='ltr'>ff.</span> <span class='ocrx_word' id='word_1_952' title='bbox 1409 2461 1442 2491; x_wconf 84' lang='lat' dir='ltr'>de</span> <span class='ocrx_word' id='word_1_953' title='bbox 1469 2458 1554 2501; x_wconf 70' lang='lat' dir='ltr'><em>OffiC.</em></span> <span class='ocrx_word' id='word_1_954' title='bbox 1578 2459 1699 2491; x_wconf 82' lang='lat' dir='ltr'>Praetor.</span> <span class='ocrx_word' id='word_1_955' title='bbox 1718 2467 1754 2491; x_wconf 92' lang='lat' dir='ltr'>ut</span> <span class='ocrx_word' id='word_1_956' title='bbox 1769 2469 1822 2491; x_wconf 85' lang='lat' dir='ltr'>ne-</span> 
     </span>
     <span class='ocr_line' id='line_1_123' title="bbox 975 2499 1821 2548; baseline -0.002 -16"><span class='ocrx_word' id='word_1_957' title='bbox 975 2510 1013 2532; x_wconf 91' lang='lat' dir='ltr'>ue</span> <span class='ocrx_word' id='word_1_958' title='bbox 1034 2500 1102 2532; x_wconf 83' lang='lat' dir='ltr'>Prae</span> <span class='ocrx_word' id='word_1_959' title='bbox 1117 2510 1150 2532; x_wconf 78' lang='lat' dir='ltr'>es</span> <span class='ocrx_word' id='word_1_960' title='bbox 1173 2501 1192 2532; x_wconf 91' lang='lat' dir='ltr'>l.</span> <span class='ocrx_word' id='word_1_961' title='bbox 1215 2509 1247 2540; x_wconf 85' lang='lat'>5.</span> <span class='ocrx_word' id='word_1_962' title='bbox 1271 2500 1313 2541; x_wconf 89' lang='lat' dir='ltr'>ff.</span> <span class='ocrx_word' id='word_1_963' title='bbox 1339 2502 1372 2531; x_wconf 84' lang='lat' dir='ltr'>de</span> <span class='ocrx_word' id='word_1_964' title='bbox 1402 2499 1489 2548; x_wconf 84' lang='lat' dir='ltr'><em>Offic.</em></span> <span class='ocrx_word' id='word_1_965' title='bbox 1520 2500 1638 2540; x_wconf 78' lang='lat' dir='ltr'>Praefid.</span> <span class='ocrx_word' id='word_1_966' title='bbox 1663 2500 1821 2542; x_wconf 87' lang='lat' dir='ltr'>perabsur-</span> 
     </span>
     <span class='ocr_line' id='line_1_124' title="bbox 952 2510 1823 2616; baseline -0.001 -43"><span class='ocrx_word' id='word_1_967' title='bbox 952 2510 1027 2616; x_wconf 56' lang='lat' dir='ltr'>gupli</span> <span class='ocrx_word' id='word_1_968' title='bbox 1043 2541 1162 2616; x_wconf 50' lang='lat' dir='ltr'>quipp}</span> <span class='ocrx_word' id='word_1_969' title='bbox 1173 2541 1237 2581; x_wconf 85' lang='lat' dir='ltr'>est,</span> <span class='ocrx_word' id='word_1_970' title='bbox 1261 2550 1299 2573; x_wconf 90' lang='lat' dir='ltr'>ut</span> <span class='ocrx_word' id='word_1_971' title='bbox 1315 2551 1332 2574; x_wconf 89' lang='lat' dir='ltr'>a</span> <span class='ocrx_word' id='word_1_972' title='bbox 1344 2541 1375 2575; x_wconf 90' lang='lat' dir='ltr'>se</span> <span class='ocrx_word' id='word_1_973' title='bbox 1391 2543 1460 2585; x_wconf 82' lang='lat' dir='ltr'>ipio</span> <span class='ocrx_word' id='word_1_974' title='bbox 1475 2549 1589 2575; x_wconf 81' lang='lat' dir='ltr'>conti-a</span> <span class='ocrx_word' id='word_1_975' title='bbox 1607 2542 1638 2575; x_wconf 90' lang='lat' dir='ltr'>se</span> <span class='ocrx_word' id='word_1_976' title='bbox 1654 2541 1755 2584; x_wconf 85' lang='lat' dir='ltr'>ipsum</span> <span class='ocrx_word' id='word_1_977' title='bbox 1773 2550 1823 2582; x_wconf 88' lang='lat' dir='ltr'>ap·-</span> 
     </span>
     <span class='ocr_line' id='line_1_125' title="bbox 976 2587 1190 2616; baseline 0.005 -1"><span class='ocrx_word' id='word_1_978' title='bbox 976 2593 994 2615; x_wconf 90' lang='lat' dir='ltr'>e</span> <span class='ocrx_word' id='word_1_979' title='bbox 1020 2593 1071 2615; x_wconf 87' lang='lat' dir='ltr'>are</span> <span class='ocrx_word' id='word_1_980' title='bbox 1109 2587 1140 2616; x_wconf 79' lang='lat' dir='ltr'>oi</span> <span class='ocrx_word' id='word_1_981' title='bbox 1153 2592 1190 2616; x_wconf 87' lang='lat' dir='ltr'>it.</span> 
     </span>
     <span class='ocr_line' id='line_1_126' title="bbox 953 2593 1826 2669; baseline -0.005 -11"><span class='ocrx_word' id='word_1_982' title='bbox 953 2593 974 2625; x_wconf 75' lang='lat' dir='ltr'><strong>p</strong></span> <span class='ocrx_word' id='word_1_983' title='bbox 994 2593 1157 2658; x_wconf 76' lang='lat' dir='ltr'>Aliudpest</span> <span class='ocrx_word' id='word_1_984' title='bbox 1173 2626 1205 2658; x_wconf 89' lang='lat' dir='ltr'>in</span> <span class='ocrx_word' id='word_1_985' title='bbox 1222 2636 1262 2659; x_wconf 91' lang='lat' dir='ltr'>eo</span> <span class='ocrx_word' id='word_1_986' title='bbox 1273 2647 1285 2667; x_wconf 90' lang='lat'>‚-</span> <span class='ocrx_word' id='word_1_987' title='bbox 1307 2627 1362 2669; x_wconf 79' lang='lat' dir='ltr'>qui</span> <span class='ocrx_word' id='word_1_988' title='bbox 1378 2626 1628 2667; x_wconf 63' lang='lat' dir='ltr'>jurisdictionem</span> <span class='ocrx_word' id='word_1_989' title='bbox 1644 2623 1804 2657; x_wconf 79' lang='lat' dir='ltr'>mandavit</span> <span class='ocrx_word' id='word_1_990' title='bbox 1813 2644 1826 2662; x_wconf 64' lang='lat'><em>9</em></span> 
     </span>
     <span class='ocr_line' id='line_1_127' title="bbox 952 2664 1823 2708; baseline -0.001 -10"><span class='ocrx_word' id='word_1_991' title='bbox 952 2667 990 2699; x_wconf 88' lang='lat' dir='ltr'>ab</span> <span class='ocrx_word' id='word_1_992' title='bbox 1006 2667 1160 2708; x_wconf 82' lang='lat' dir='ltr'>ejusmodi</span> <span class='ocrx_word' id='word_1_993' title='bbox 1179 2669 1263 2701; x_wconf 86' lang='lat' dir='ltr'>enim</span> <span class='ocrx_word' id='word_1_994' title='bbox 1280 2668 1472 2700; x_wconf 84' lang='lat' dir='ltr'>mandatario</span> <span class='ocrx_word' id='word_1_995' title='bbox 1485 2677 1551 2699; x_wconf 89' lang='lat' dir='ltr'>non</span> <span class='ocrx_word' id='word_1_996' title='bbox 1572 2667 1718 2700; x_wconf 90' lang='lat' dir='ltr'>mandans</span> <span class='ocrx_word' id='word_1_997' title='bbox 1736 2687 1749 2704; x_wconf 93' lang='lat'>,-</span> <span class='ocrx_word' id='word_1_998' title='bbox 1773 2664 1823 2697; x_wconf 86' lang='lat' dir='ltr'>sed</span> 
     </span>
     <span class='ocr_line' id='line_1_128' title="bbox 953 2706 1825 2752; baseline -0.005 -11"><span class='ocrx_word' id='word_1_999' title='bbox 953 2709 1118 2741; x_wconf 87' lang='lat' dir='ltr'>mandante</span> <span class='ocrx_word' id='word_1_1000' title='bbox 1136 2708 1278 2750; x_wconf 86' lang='lat' dir='ltr'>superior</span> <span class='ocrx_word' id='word_1_1001' title='bbox 1293 2710 1495 2752; x_wconf 85' lang='lat' dir='ltr'>appellandus</span> <span class='ocrx_word' id='word_1_1002' title='bbox 1512 2709 1568 2741; x_wconf 87' lang='lat' dir='ltr'>est.</span> <span class='ocrx_word' id='word_1_1003' title='bbox 1613 2708 1648 2740; x_wconf 89' lang='lat' dir='ltr'>Id</span> <span class='ocrx_word' id='word_1_1004' title='bbox 1668 2706 1825 2747; x_wconf 87' lang='lat' dir='ltr'>Ulpianus</span> 
     </span>
     <span class='ocr_line' id='line_1_129' title="bbox 954 2747 1820 2794; baseline -0.007 -10"><span class='ocrx_word' id='word_1_1005' title='bbox 954 2750 977 2784; x_wconf 88' lang='lat' dir='ltr'>si</span> <span class='ocrx_word' id='word_1_1006' title='bbox 999 2750 1107 2783; x_wconf 85' lang='lat' dir='ltr'>nificat</span> <span class='ocrx_word' id='word_1_1007' title='bbox 1134 2751 1168 2783; x_wconf 85' lang='lat' dir='ltr'>in</span> <span class='ocrx_word' id='word_1_1008' title='bbox 1190 2752 1211 2783; x_wconf 92' lang='lat' dir='ltr'>l.</span> <span class='ocrx_word' id='word_1_1009' title='bbox 1238 2760 1266 2783; x_wconf 71' lang='grc' dir='ltr'>ι.</span> <span class='ocrx_word' id='word_1_1010' title='bbox 1294 2752 1324 2794; x_wconf 81' lang='lat'>§.</span> <span class='ocrx_word' id='word_1_1011' title='bbox 1353 2760 1380 2783; x_wconf 67' lang='grc' dir='ltr'>ι.</span> <span class='ocrx_word' id='word_1_1012' title='bbox 1404 2750 1446 2792; x_wconf 90' lang='lat' dir='ltr'>ff.</span> <span class='ocrx_word' id='word_1_1013' title='bbox 1495 2750 1571 2781; x_wconf 86' lang='lat' dir='ltr'>Ouis</span> <span class='ocrx_word' id='word_1_1014' title='bbox 1595 2755 1614 2780; x_wconf 80' lang='lat' dir='ltr'>a</span> <span class='ocrx_word' id='word_1_1015' title='bbox 1636 2758 1688 2790; x_wconf 79' lang='lat' dir='ltr'>quo</span> <span class='ocrx_word' id='word_1_1016' title='bbox 1713 2747 1820 2788; x_wconf 83' lang='lat' dir='ltr'>appell.</span> 
     </span>
     <span class='ocr_line' id='line_1_130' title="bbox 991 2782 1825 2836; baseline -0.007 -12"><span class='ocrx_word' id='word_1_1017' title='bbox 991 2794 1006 2824; x_wconf 85' lang='lat' dir='ltr'><em>h</em></span> <span class='ocrx_word' id='word_1_1018' title='bbox 1021 2802 1051 2824; x_wconf 86' lang='lat' dir='ltr'>eo</span> <span class='ocrx_word' id='word_1_1019' title='bbox 1063 2814 1078 2831; x_wconf 84' lang='lat'>,</span> <span class='ocrx_word' id='word_1_1020' title='bbox 1097 2792 1219 2834; x_wconf 78' lang='lat' dir='ltr'>inquit,</span> <span class='ocrx_word' id='word_1_1021' title='bbox 1244 2795 1291 2825; x_wconf 83' lang='lat' dir='ltr'>cui</span> <span class='ocrx_word' id='word_1_1022' title='bbox 1309 2794 1372 2835; x_wconf 84' lang='lat' dir='ltr'><em>quis</em></span> <span class='ocrx_word' id='word_1_1023' title='bbox 1395 2782 1552 2823; x_wconf 41' lang='lat' dir='ltr'>mandabit</span> <span class='ocrx_word' id='word_1_1024' title='bbox 1569 2787 1825 2836; x_wconf 62' lang='lat' dir='ltr'>jurisdifflonem,</span> 
     </span>
     <span class='ocr_line' id='line_1_131' title="bbox 956 2832 1820 2875; baseline -0.005 -10"><span class='ocrx_word' id='word_1_1025' title='bbox 956 2844 1014 2866; x_wconf 79' lang='lat' dir='ltr'>non</span> <span class='ocrx_word' id='word_1_1026' title='bbox 1029 2833 1087 2875; x_wconf 84' lang='lat' dir='ltr'>ipse</span> <span class='ocrx_word' id='word_1_1027' title='bbox 1100 2835 1328 2875; x_wconf 74' lang='lat' dir='ltr'>provocabitur.-</span> <span class='ocrx_word' id='word_1_1028' title='bbox 1350 2843 1420 2864; x_wconf 78' lang='lat' dir='ltr'>noem</span> <span class='ocrx_word' id='word_1_1029' title='bbox 1435 2832 1616 2874; x_wconf 68' lang='lat' dir='ltr'>generaliter</span> <span class='ocrx_word' id='word_1_1030' title='bbox 1633 2832 1658 2861; x_wconf 73' lang='lat' dir='ltr'>is</span> <span class='ocrx_word' id='word_1_1031' title='bbox 1678 2836 1735 2861; x_wconf 77' lang='lat' dir='ltr'>erzt</span> <span class='ocrx_word' id='word_1_1032' title='bbox 1753 2836 1820 2871; x_wconf 88' lang='lat' dir='ltr'>pro-</span> 
     </span>
     <span class='ocr_line' id='line_1_132' title="bbox 956 2870 1823 2914; baseline -0.006 -7"><span class='ocrx_word' id='word_1_1033' title='bbox 956 2877 1103 2907; x_wconf 79' lang='lat' dir='ltr'>vocandus</span> <span class='ocrx_word' id='word_1_1034' title='bbox 1118 2876 1155 2906; x_wconf 86' lang='lat' dir='ltr'>ab</span> <span class='ocrx_word' id='word_1_1035' title='bbox 1171 2885 1221 2914; x_wconf 83' lang='lat' dir='ltr'>eo,</span> <span class='ocrx_word' id='word_1_1036' title='bbox 1240 2877 1287 2907; x_wconf 78' lang='lat' dir='ltr'>cai</span> <span class='ocrx_word' id='word_1_1037' title='bbox 1304 2875 1444 2905; x_wconf 77' lang='lat' dir='ltr'>mandata</span> <span class='ocrx_word' id='word_1_1038' title='bbox 1455 2870 1673 2914; x_wconf 62' lang='lat' dir='ltr'>‚estjmisdtttz&#39;o</span> <span class='ocrx_word' id='word_1_1039' title='bbox 1682 2873 1823 2913; x_wconf 78' lang='lat' dir='ltr'>,quipro-</span> 
     </span>
     <span class='ocr_line' id='line_1_133' title="bbox 955 2912 1827 2957; baseline -0.007 -8"><span class='ocrx_word' id='word_1_1040' title='bbox 955 2922 1109 2949; x_wconf 81' lang='lat' dir='ltr'>vocaretur</span> <span class='ocrx_word' id='word_1_1041' title='bbox 1129 2917 1165 2947; x_wconf 81' lang='lat' dir='ltr'>ab</span> <span class='ocrx_word' id='word_1_1042' title='bbox 1181 2926 1212 2947; x_wconf 87' lang='lat' dir='ltr'>eo</span> <span class='ocrx_word' id='word_1_1043' title='bbox 1223 2938 1234 2955; x_wconf 92' lang='lat'>,</span> <span class='ocrx_word' id='word_1_1044' title='bbox 1253 2917 1303 2957; x_wconf 79' lang='lat' dir='ltr'>qul</span> <span class='ocrx_word' id='word_1_1045' title='bbox 1320 2916 1477 2945; x_wconf 72' lang='lat' dir='ltr'>mandavit</span> <span class='ocrx_word' id='word_1_1046' title='bbox 1488 2912 1729 2956; x_wconf 53' lang='lat' dir='ltr'>jurisditfbionem.</span> <span class='ocrx_word' id='word_1_1047' title='bbox 1776 2912 1827 2944; x_wconf 81' lang='lat' dir='ltr'>Ad</span> 
     </span>
     <span class='ocr_line' id='line_1_134' title="bbox 956 2954 1826 2998; baseline -0.003 -8"><span class='ocrx_word' id='word_1_1048' title='bbox 956 2959 1041 2991; x_wconf 91' lang='lat' dir='ltr'>hunc</span> <span class='ocrx_word' id='word_1_1049' title='bbox 1059 2956 1092 2998; x_wconf 54' lang='grc' dir='ltr'>ὃ,</span> <span class='ocrx_word' id='word_1_1050' title='bbox 1107 2966 1132 2988; x_wconf 89' lang='lat'>1.</span> <span class='ocrx_word' id='word_1_1051' title='bbox 1158 2958 1268 2989; x_wconf 81' lang='lat' dir='ltr'>multae</span> <span class='ocrx_word' id='word_1_1052' title='bbox 1285 2964 1375 2996; x_wconf 84' lang='lat' dir='ltr'>nugae</span> <span class='ocrx_word' id='word_1_1053' title='bbox 1396 2954 1484 2994; x_wconf 86' lang='lat' dir='ltr'>sunt,</span> <span class='ocrx_word' id='word_1_1054' title='bbox 1511 2955 1541 2986; x_wconf 90' lang='lat'>&amp;</span> <span class='ocrx_word' id='word_1_1055' title='bbox 1557 2954 1637 2987; x_wconf 86' lang='lat' dir='ltr'>nihil</span> <span class='ocrx_word' id='word_1_1056' title='bbox 1655 2955 1826 2996; x_wconf 65' lang='lat' dir='ltr'>quicquam</span> 
     </span>
     <span class='ocr_line' id='line_1_135' title="bbox 957 2994 1826 3039; baseline -0.002 -8"><span class='ocrx_word' id='word_1_1057' title='bbox 957 3000 1050 3031; x_wconf 83' lang='lat' dir='ltr'>bonae</span> <span class='ocrx_word' id='word_1_1058' title='bbox 1076 2997 1177 3039; x_wconf 83' lang='lat' dir='ltr'>frugis</span> <span class='ocrx_word' id='word_1_1059' title='bbox 1200 2998 1232 3029; x_wconf 91' lang='lat' dir='ltr'>in</span> <span class='ocrx_word' id='word_1_1060' title='bbox 1251 2997 1435 3030; x_wconf 89' lang='lat' dir='ltr'>Zoannetto</span> <span class='ocrx_word' id='word_1_1061' title='bbox 1460 2994 1602 3037; x_wconf 76' lang='lat' dir='ltr'>Restitat.</span> <span class='ocrx_word' id='word_1_1062' title='bbox 1629 2996 1665 3028; x_wconf 70' lang='lat' dir='ltr'>Cn*</span> <span class='ocrx_word' id='word_1_1063' title='bbox 1687 2996 1749 3029; x_wconf 57' lang='grc' dir='ltr'>ΙΧ.1</span> <span class='ocrx_word' id='word_1_1064' title='bbox 1771 2995 1826 3029; x_wconf 83' lang='lat' dir='ltr'>has</span> 
     </span>
     <span class='ocr_line' id='line_1_136' title="bbox 957 3036 1828 3120; baseline 0.001 -50"><span class='ocrx_word' id='word_1_1065' title='bbox 957 3049 1055 3112; x_wconf 43' lang='lat' dir='ltr'>&amp;glis</span> <span class='ocrx_word' id='word_1_1066' title='bbox 1081 3047 1185 3112; x_wconf 49' lang='lat' dir='ltr'>tajriien</span> <span class='ocrx_word' id='word_1_1067' title='bbox 1204 3062 1215 3077; x_wconf 79' lang='lat'>,</span> <span class='ocrx_word' id='word_1_1068' title='bbox 1233 3047 1316 3111; x_wconf 41' lang='lat' dir='ltr'>LpIr‘o</span> <span class='ocrx_word' id='word_1_1069' title='bbox 1327 3046 1425 3120; x_wconf 49' lang='grc' dir='ltr'><strong>ἑηοτε</strong></span> <span class='ocrx_word' id='word_1_1070' title='bbox 1442 3058 1452 3077; x_wconf 82' lang='grc'><em>,</em></span> <span class='ocrx_word' id='word_1_1071' title='bbox 1478 3036 1607 3110; x_wconf 63' lang='grc' dir='ltr'>ῑτᾶὲΐοτὶ</span> <span class='ocrx_word' id='word_1_1072' title='bbox 1632 3037 1676 3089; x_wconf 81' lang='lat' dir='ltr'>fit</span> <span class='ocrx_word' id='word_1_1073' title='bbox 1692 3036 1828 3079; x_wconf 87' lang='lat' dir='ltr'>Jacobus</span> 
     </span>
     <span class='ocr_line' id='line_1_137' title="bbox 1036 3088 1831 3111; baseline 0.001 -1"><span class='ocrx_word' id='word_1_1074' title='bbox 1036 3089 1074 3111; x_wconf 85' lang='lat' dir='ltr'>us</span> <span class='ocrx_word' id='word_1_1075' title='bbox 1176 3089 1206 3111; x_wconf 56' lang='lat' dir='ltr'>Cf</span> <span class='ocrx_word' id='word_1_1076' title='bbox 1299 3104 1305 3110; x_wconf 95' lang='lat'>.</span> <span class='ocrx_word' id='word_1_1077' title='bbox 1354 3100 1363 3111; x_wconf 74' lang='grc'><strong>.</strong></span> <span class='ocrx_word' id='word_1_1078' title='bbox 1390 3088 1402 3111; x_wconf 88' lang='lat'>1</span> <span class='ocrx_word' id='word_1_1079' title='bbox 1424 3096 1426 3099; x_wconf 86' lang='lat'><em>.</em></span> <span class='ocrx_word' id='word_1_1080' title='bbox 1448 3097 1471 3103; x_wconf 62' lang='lat'>&lt;-</span> <span class='ocrx_word' id='word_1_1081' title='bbox 1485 3089 1497 3111; x_wconf 89' lang='lat'>1</span> <span class='ocrx_word' id='word_1_1082' title='bbox 1546 3104 1553 3110; x_wconf 93' lang='lat'><strong><em>.</em></strong></span> <span class='ocrx_word' id='word_1_1083' title='bbox 1636 3088 1778 3111; x_wconf 83' lang='lat' dir='ltr'>anettum</span> <span class='ocrx_word' id='word_1_1084' title='bbox 1796 3089 1831 3111; x_wconf 52' lang='lat' dir='ltr'>ea·</span> 
     </span>
     <span class='ocr_line' id='line_1_138' title="bbox 960 3087 1831 3162; baseline -0.001 -9"><span class='ocrx_word' id='word_1_1085' title='bbox 960 3121 1106 3153; x_wconf 85' lang='lat' dir='ltr'>mendare</span> <span class='ocrx_word' id='word_1_1086' title='bbox 1128 3087 1174 3152; x_wconf 35' lang='lat' dir='ltr'>dez</span> <span class='ocrx_word' id='word_1_1087' title='bbox 1183 3120 1211 3162; x_wconf 56' lang='grc' dir='ltr'>ᾗ.</span> <span class='ocrx_word' id='word_1_1088' title='bbox 1241 3130 1267 3152; x_wconf 89' lang='lat'>1.</span> <span class='ocrx_word' id='word_1_1089' title='bbox 1298 3120 1343 3152; x_wconf 88' lang='lat' dir='ltr'>ait</span> <span class='ocrx_word' id='word_1_1090' title='bbox 1365 3088 1588 3153; x_wconf 51' lang='lat' dir='ltr'>Ggffiofssedus</span> <span class='ocrx_word' id='word_1_1091' title='bbox 1616 3121 1652 3153; x_wconf 83' lang='lat' dir='ltr'>in</span> <span class='ocrx_word' id='word_1_1092' title='bbox 1673 3121 1752 3153; x_wconf 53' lang='lat' dir='ltr'>Not«</span> <span class='ocrx_word' id='word_1_1093' title='bbox 1779 3119 1831 3152; x_wconf 86' lang='lat' dir='ltr'>scd</span> 
     </span>
     <span class='ocr_line' id='line_1_139' title="bbox 960 3161 1834 3204; baseline -0.001 -11"><span class='ocrx_word' id='word_1_1094' title='bbox 960 3163 1086 3204; x_wconf 83' lang='lat' dir='ltr'>prolixe</span> <span class='ocrx_word' id='word_1_1095' title='bbox 1100 3161 1224 3194; x_wconf 88' lang='lat' dir='ltr'>fallitur</span> <span class='ocrx_word' id='word_1_1096' title='bbox 1236 3186 1245 3201; x_wconf 94' lang='lat'><strong>‚</strong></span> <span class='ocrx_word' id='word_1_1097' title='bbox 1270 3161 1350 3194; x_wconf 87' lang='lat' dir='ltr'>nihil</span> <span class='ocrx_word' id='word_1_1098' title='bbox 1369 3162 1500 3195; x_wconf 84' lang='lat' dir='ltr'>omnino</span> <span class='ocrx_word' id='word_1_1099' title='bbox 1519 3168 1619 3194; x_wconf 87' lang='lat' dir='ltr'>mutat</span> <span class='ocrx_word' id='word_1_1100' title='bbox 1634 3185 1649 3202; x_wconf 87' lang='lat'>,</span> <span class='ocrx_word' id='word_1_1101' title='bbox 1669 3167 1834 3204; x_wconf 77' lang='lat' dir='ltr'>perperam</span> 
     </span>
     <span class='ocr_line' id='line_1_140' title="bbox 962 3202 1840 3246; baseline -0.003 -9"><span class='ocrx_word' id='word_1_1102' title='bbox 962 3204 1122 3245; x_wconf 80' lang='lat' dir='ltr'>explicare</span> <span class='ocrx_word' id='word_1_1103' title='bbox 1140 3211 1320 3236; x_wconf 83' lang='lat' dir='ltr'>contentus.</span> <span class='ocrx_word' id='word_1_1104' title='bbox 1352 3202 1467 3239; x_wconf 87' lang='lat' dir='ltr'>Nolim</span> <span class='ocrx_word' id='word_1_1105' title='bbox 1487 3204 1542 3238; x_wconf 85' lang='lat' dir='ltr'>has</span> <span class='ocrx_word' id='word_1_1106' title='bbox 1559 3202 1664 3237; x_wconf 84' lang='lat' dir='ltr'>sordes</span> <span class='ocrx_word' id='word_1_1107' title='bbox 1680 3213 1812 3246; x_wconf 80' lang='lat' dir='ltr'>purgare</span> <span class='ocrx_word' id='word_1_1108' title='bbox 1825 3215 1840 3242; x_wconf 88' lang='lat'>·‚-</span> 
     </span>
    </p>
   </div>
   <div class='ocr_carea' id='block_1_18' title="bbox 1095 3243 1838 3286">
    <p class='ocr_par' dir='ltr' id='par_1_21' title="bbox 1095 3243 1838 3286">
     <span class='ocr_line' id='line_1_141' title="bbox 1095 3243 1838 3286; baseline -0.011 -9"><span class='ocrx_word' id='word_1_1109' title='bbox 1095 3243 1149 3277; x_wconf 78' lang='lat' dir='ltr'>Cc</span> <span class='ocrx_word' id='word_1_1110' title='bbox 1173 3254 1192 3286; x_wconf 82' lang='lat'><strong>2</strong></span> <span class='ocrx_word' id='word_1_1111' title='bbox 1766 3254 1838 3285; x_wconf 46' lang='lat' dir='ltr'>per,</span> 
     </span>
    </p>
   </div>
  </div>
 </body>
</html>
