2008 3436
565 125 1075 170 GERARDI

197 222 292 248 tenere
311 216 457 249 nituntur.
478 215 530 260 (1)
551 215 622 248 Νοη
645 213 722 244 enim
741 221 805 242 cuin
828 209 952 240 occidere
974 207 1056 240 Deus

196 264 300 299 vetat,
331 259 505 290 latrocinari·
530 267 580 297 nos
612 260 726 286 tantum
752 252 904 297 probibet,
928 251 998 291 quod
1018 259 1053 279 ne

191 305 248 340 per
275 301 354 343 leges
374 302 487 342 quidem
508 299 642 340 publicas
670 296 756 326 iicet.-
769 295 824 335 Jecl
839 301 994 339 eti-quoque
1017 300 1053 320 ne

190 339 291 381 fiant,
313 349 426 380 monet,
447 351 506 382 quae
524 341 600 381 apud
618 338 744 370 homines
761 342 814 375 pro
838 334 929 379 licitis
948 333 1055 380 berben-

196 387 254 414 tur.
289 385 334 415 ita
356 393 446 424 neque
471 383 599 413 militare
615 377 930 422 justolicebz‘z,1cayus
945 373 1056 404 militia

194 421 237 464 est
252 425 284 455 in
300 425 362 467 ipsa
372 424 509 467 justitia:
534 432 622 464 neque
651 429 718 451 vero
741 419 873 457 accusare
889 424 1056 460 quemquam

196 466 318 498 crimine
336 466 478 507 capitali,
502 466 571 506 quia
588 461 664 494 nihil
677 458 786 499 distat,
804 462 937 503 utrumne
947 458 1055 501 serra,

193 515 235 537 an
252 510 337 539 verbo
350 509 449 548 potius
467 507 596 542 occidas,
617 504 751 543 quoniam
768 497 865 535 occisio
882 499 944 536 ipsa
956 496 1054 540 probi-

193 548 285 580 betur.
331 549 433 590 Itaque
461 548 494 577 in
518 548 568 577 hoc
586 544 645 575 Dei
658 545 797 586 praecept-o
816 538 927 569 nattam
936 538 1054 584 prorsus

192 591 389 630 exceptionem
401 588 471 629 fieri
488 591 614 628 oportet,
638 584 708 625 quin
725 576 1052 627 occidere-bominemsit

185 629 300 671 semper
316 631 422 671 nefas,
450 638 532 669 quem
555 627 635 658 Deus
645 622 783 666 santium
807 620 919 668 animai
937 619 986 666 eſje
1002 628 1051 665 vo-

193 670 260 703 luit.
287 671 341 713 (2)
365 671 448 712 Ergo
463 679 498 700 ne
512 669 586 700 iliud
602 668 715 708 quidem
735 664 851 709 concedi
870 662 976 702 aliquis
992 669 1053 691 exi-

187 709 290 753 stimet
307 735 319 751 ‚
343 718 376 744 ut
403 716 531 741 recentes
555 715 638 740 natos
660 707 748 737 liceat
778 704 899 751 oblidere
924 712 983 748 quie
1000 700 1052 748 'vel

191 755 323 785 maxima
337 752 378 794 est
391 753 534 792 impietas.
563 751 601 781 ad
628 750 723 780 vitam
737 756 814 777 enim
832 744 914 790 Deus
930 745 1054 783 inspirat

190 796 306 825 animas
326 816 337 833 ,
366 803 424 825 non
447 793 486 823 ad
510 797 638 824 mortem.
684 788 796 820 Verum
824 787 951 817 hommes
969 806 981 821 ,
1018 793 1052 814 ηε

189 837 263 877 quod
272 834 314 874 fit
320 836 447 876 facinus
458 856 470 872 ,
493 842 545 880 quo
562 842 664 863 manus
672 830 744 872 sizas
760 838 816 859 non
833 826 986 868 polluant,
1007 835 1053 856 ru-

191 877 274 908 dibus
298 877 390 908 adhuc
416 875 452 910 &P
469 874 651 915 simplicibus
676 871 784 903 animis
797 870 945 915 abnegant
961 867 1053 913 lucem

190 927 249 948 non
272 927 290 948 a
309 919 344 959 Je
360 920 469 949 datam.
517 914 661 956 Expefftet
683 922 750 944 vero
764 911 942 954 aliquia-ut
958 908 1052 955 aire-no

182 958 331 1001 sanguini
342 964 494 1000 parcant,
516 958 565 998 qui
590 966 646 987 non
659 958 787 999 parcunt
795 957 861 999 suo.
875 951 929 992 sed
949 950 979 996 h?
987 949 1053 996 fine

190 1001 254 1032 ulla
267 998 462 1037 controverfia
466 999 628 1040 scelerati,
653 996 689 1032 ὃ)
711 994 823 1036 injusti.
846 992 899 1033 (³)
922 994 990 1037 quid
1006 990 1053 1037 illi

187 1050 256 1082 quos
271 1041 358 1084 fassa
375 1043 472 1084 pietas
498 1041 577 1082 cogit
593 1045 732 1080 exponere
750 1036 766 1069 ⁵?
791 1034 862 1067 Non
873 1034 986 1074 postam
1006 1041 1052 1063 in-

226 1182 253 1204 1.
273 1173 317 1204 Ex
334 1173 478 1213 Praecepto
499 1177 558 1202 non
579 1170 728 1202 occidendi
750 1174 817 1200 mox
837 1163 922 1197 efficit
936 1163 1053 1210 Laitan-

189 1213 245 1243 tius
256 1234 263 1246 ,
283 1214 368 1242 etiam
389 1223 422 1243 ea
437 1213 534 1243 IIIicita
550 1212 603 1240 effe
614 1234 621 1245 ,
642 1221 694 1249 quae
707 1211 775 1248 apud
789 1209 902 1250 homines
912 1212 958 1249 pro
970 1207 1052 1248 licitis

188 1251 331 1286 habentur,
352 1260 434 1285 nam,
456 1252 476 1281 fi
491 1258 554 1280 eum
572 1251 668 1279 audias
680 1272 687 1284 ‚
708 1257 786 1285 neque
797 1244 868 1284 justo
882 1245 969 1288 licebit
982 1243 1052 1270 mzti-

188 1296 263 1324 tare,
283 1298 362 1327 neque
377 1290 497 1329 accusare
512 1298 658 1326 quemquam
680 1289 787 1316 crimine
802 1284 918 1320 capitali.
956 1281 1052 1308 Habes

185 1328 274 1365 igitur
288 1328 346 1357 duo
364 1330 490 1367 exempla
515 1335 629 1360 eorum,
663 1335 725 1363 quae
740 1326 828 1359 Leges
843 1328 901 1348 non
919 1318 1053 1347 damnant

184 1366 317 1396 humanae
331 1387 341 1403 ‚
364 1367 408 1396 sed
425 1375 486 1404 quae
510 1365 566 1402 ipse
589 1372 623 1393 ex
643 1365 755 1393 DivinIs
776 1357 933 1390 damnanda
948 1356 1050 1400 censet.

183 1404 336 1443 Perperam
352 1405 463 1442 quidem
474 1426 481 1439 ,
500 1405 585 1432 etiam
599 1402 748 1431 secundum
765 1408 826 1429 eam
841 1395 1050 1439 Theologiam,

186 1452 273 1481 quain
296 1452 347 1471 nos
365 1443 515 1472 Christiani
528 1440 700 1479 profitemur.
738 1439 792 1468 Sed
811 1446 858 1466 cur
871 1434 1047 1477 „LaCtantiuQ

186 1483 246 1510 duo
265 1481 391 1518 exempla
408 1487 629 1509 commemorare
643 1484 811 1510 contentus,
843 1472 1021 1518 hiqsubfistlt
1035 1471 1050 1499 2

185 1519 213 1548 &
227 1527 276 1547 cur
290 1527 348 1547 non
366 1519 445 1548 addit
466 1519 618 1548 liberorum
641 1526 723 1546 neces
742 1513 987 1551 &expofitiones‚
1007 1518 1049 1553 iu·

185 1566 217 1586 re
229 1557 346 1594 publico
358 1579 366 1592 ‚
394 1563 425 1586 ut
446 1563 478 1587 tu
493 1557 586 1586 censes
600 1577 608 1590 ,
629 1564 756 1592 peraeque
771 1554 875 1586 licitas,
897 1557 993 1578 verum
1005 1557 1047 1584 Ju-

184 1603 216 1624 re
230 1596 358 1630 Divino,
389 1595 415 1624 &
437 1604 470 1624 ex
489 1602 582 1624 mente
609 1595 721 1623 Parrum
739 1592 975 1622 Christianorum,
997 1594 1048 1630 ,¹³¹⁰

184 1633 290 1663 illicitis
305 1633 470 1666 habendas?
489 1641 582 1671 neque
597 1641 691 1661 earum
703 1632 807 1661 oblitus
824 1630 863 1659 est
877 1626 1048 1659 Lactantius,

182 1680 248 1702 nam
264 1680 331 1701 mox
346 1674 488 1707 meminit,
511 1673 556 1701 sed
579 1671 704 1700 distincta
726 1669 861 1699 sententia
875 1689 882 1701 ‚
902 1665 1048 1708 postquam

183 1712 258 1741 hanc
273 1711 307 1738 de
321 1711 404 1739 licitis
419 1713 557 1745 humano,
581 1709 686 1738 illicitis
704 1709 811 1737 D1vin0
831 1708 913 1744 jure,
934 1710 1048 1732 ratlom·

182 1749 236 1782 bus
257 1750 428 1783 munivisset,
451 1749 477 1778 ἃ
496 1757 563 1777 mox
580 1748 722 1776 ciaufiffet.
883 1783 889 1789 .

222 1796 249 1816 2.
271 1789 327 1817 Hic
342 1788 504 1816 Laetantius
520 1788 628 1816 orditur
651 1795 754 1815 novam
774 1785 954 1815 sententiam,
974 1788 1046 1817 qua,

183 1827 215 1855 rii
230 1825 331 1860 fallor,
353 1827 475 1862 exagitat
492 1824 636 1864 improbos
652 1825 691 1854 sui
708 1824 795 1854 saeculi
817 1830 908 1852 mores
923 1828 987 1848 cum
1002 1828 1049 1849 oc-

183 1864 312 1897 cidendi.
335 1870 392 1893 tuin
408 1866 570 1902 exponendi
584 1863 705 1892 infantes
723 1885 730 1898 ‚
753 1871 849 1892 recens
865 1866 956 1903 natos.
995 1858 1048 1886 Le-

181 1902 265 1939 gibus
282 1903 310 1931 id
325 1902 402 1931 fuiffe
416 1903 573 1939 permissum
595 1910 653 1930 non
678 1902 762 1935 dicit,
783 1907 815 1930 ut
831 1902 859 1929 in
880 1898 939 1927 aliis
956 1905 1046 1941 exem-

181 1941 236 1978 plis
254 1941 383 1975 dixerat,
414 1942 459 1969 sed
490 1950 586 1970 recens
609 1946 689 1969 natos
707 1939 832 1968 oblidere
846 1939 888 1967 vel
905 1944 1047 1965 maximam

181 1981 339 2016 impietatem
354 1985 454 2012 vocat,
483 1979 509 2008 &
531 1985 678 2017 parentes,
706 1980 762 2007 tale
777 1977 845 2015 quid
861 1975 957 2009 ausos,
979 1981 1045 2002 mox

181 2017 305 2054 appeiIat
318 2017 378 2054 fine
396 2019 452 2046 ulla
470 2017 782 2055 controverfiasceleratos
795 2014 831 2050 {9³
846 2011 962 2051 injustos.
997 2012 1043 2041 Se-

181 2056 303 2084 cundum
320 2057 394 2093 leges
408 2057 527 2084 Divinas
537 2078 544 2090 ,
565 2063 596 2085 tu
611 2055 704 2090 dices,
725 2055 750 2084 δι
765 2062 800 2083 ex
813 2060 906 2082 mente
921 2052 1043 2094 Parrum.

179 2090 244 2129 Ego
261 2096 370 2128 aute‘m,
391 2096 474 2122 etiam
492 2095 641 2123 secundum
657 2094 730 2130 leges
743 2093 863 2125 Civiles,
886 2090 912 2118 ἃ
929 2097 988 2123 ejus
1004 2096 1044 2116 rei

180 2133 250 2160 mihi
274 2133 359 2160 etiam
386 2140 578 2168 argumentum
602 2132 642 2161 est
656 2153 663 2166 ‚
685 2132 763 2169 quod
781 2129 980 2159 Constantinus
999 2127 1042 2155 M.

179 2169 324 2208 patribus,
346 2169 498 2199 liberorum
516 2171 625 2199 suorum
648 2168 870 2199 interfectoribus
886 2166 969 2210 ipsam
984 2173 1044 2201 par-

179 2209 273 2237 ricidii
299 2217 420 2245 ,poenain
435 2229 444 2245 ,
479 2217 514 2237 ex
545 2210 606 2244 jure
639 2210 756 2246 antiquo
768 2228 777 2242 ,
806 2207 932 2236 statuerit
962 2211 1045 2248 ’anno

180 2247 366 2276 CCCXVIII.
394 2256 426 2274 ea
451 2255 551 2284 nempe
574 2245 801 2279 Constituti0ne‚
830 2252 891 2281 quae
907 2242 988 2271 estin
1009 2241 1044 2269 L.

179 2292 226 2313 un.
248 2285 283 2313 C.
303 2285 333 2312 de
347 2285 404 2313 His
423 2287 467 2321 qui
485 2286 558 2314 liber.
571 2288 613 2314 vel
629 2292 728 2322 parent.
749 2284 827 2312 occid.
849 2290 912 2311 cum
930 2280 1045 2309 Lactan-

178 2323 234 2352 tius
248 2323 366 2352 Divinas
386 2321 565 2359 Institutiones
586 2324 672 2352 modo
695 2323 829 2359 scripserit
852 2323 926 2349 circa
942 2326 1044 2347 annum

179 2361 337 2394 CCCXX.‚
359 2360 386 2390 ὅ(
409 2361 469 2397 post
489 2371 535 2391 eas
552 2362 702 2398 Epitomen,
731 2369 761 2390 ut
776 2361 869 2388 auctor
888 2358 927 2386 est
942 2358 985 2386 El.
1007 2357 1043 2384 du

177 2399 231 2428 Pin
246 2399 371 2428 Bibliotb.
388 2399 534 2437 Ecclefiast.
557 2400 628 2430 Tom.
640 2403 661 2430 Ι.
679 2407 707 2437 p.
718 2407 782 2434 205.
805 2397 883 2436 quod
898 2403 1042 2433 argumen—

179 2442 239 2466 tum
252 2444 310 2465 non
327 2438 398 2466 redte
417 2437 519 2474 effugis
534 2447 583 2474 per
603 2448 652 2473 ea,
674 2447 734 2474 quae
755 2439 813 2466 dixi
833 2438 857 2474 ss·
881 2436 945 2464 Vll.
965 2445 992 2463 n.
1016 2441 1042 2463 1.

178 2474 206 2504 ἃ
224 2483 284 2511 quae
299 2475 354 2508 ibi,
376 2475 401 2503 ἃ
416 2475 475 2505 aIIIs
493 2477 577 2511 Iocis,
600 2477 752 2514 pleniffime
767 2475 898 2504 refutavi.

218 2521 244 2548 3.
266 2513 378 2542 Transit
398 2514 557 2544 Lactantius
579 2517 613 2544 ad
636 2516 823 2552 expositiones
838 2513 995 2547 infantum,
1015 2512 1042 2541 dt

178 2551 229 2580 has
244 2551 314 2588 ipsas
337 2552 435 2588 impias
450 2553 502 2581 ess‘e
519 2554 629 2590 probat.
666 2555 726 2590 Ego
743 2562 799 2581 non
811 2552 973 2585 intercedo,
994 2559 1041 2579 ne-

179 2597 235 2625 que
251 2596 280 2617 tu
295 2589 462 2623 intercedis,
485 2592 528 2620 sed
545 2600 598 2627 ego
619 2592 654 2620 ad
669 2594 741 2620 hanc
762 2593 932 2627 impietatem
950 2590 1040 2626 Leges

177 2635 237 2656 non
256 2628 410 2656 connivisse
424 2628 549 2657 existimo
561 2651 567 2662 ,
590 2636 620 2657 tu
636 2638 731 2658 contra
742 2652 748 2662 ‚
771 2630 795 2658 ἀ
809 2630 876 2657 nihil
890 2630 1040 2665 quicquam

177 2665 216 2693 est
233 2667 259 2694 In
281 2666 324 2694 his
339 2666 432 2694 verbis
452 2667 589 2696 Lafitantii
600 2688 609 2702 ,
637 2668 715 2704 quod
730 2669 872 2699 sententie
887 2674 940 2696 tuae
954 2667 1039 2703 praesi·

178 2703 249 2733 fidio
270 2704 323 2732 effe
340 2703 434 2740 possit.

216 2751 243 2776 4.
262 2743 298 2771 Et
312 2743 368 2770 hoc
387 2742 472 2779 ipsum
489 2742 547 2777 est,
588 2743 645 2771 uod
669 2751 734 2772 ante
750 2744 923 2771 Laetannum
940 2743 1041 2772 Paulus

177 2780 273 2809 noster
289 2780 402 2809 dixerat
418 2782 444 2809 In
466 2781 483 2808 Ι.
506 2789 534 2816 4.
582 2803 588 2809 .
610 2781 640 2809 de
659 2782 772 2820 Agnosc.
795 2780 831 2815 89⁹
851 2781 935 2809 alend.
957 2783 1001 2809 lib.

215 2826 240 2853 5.
261 2818 348 2857 Quod
364 2819 410 2847 hIc
426 2820 481 2851 ais,
502 2828 555 2854 ego
572 2821 644 2856 apud
663 2822 835 2849 laetantium
852 2819 949 2847 frustra
963 2827 1035 2855 qute-

175 2865 226 2890 10‚
254 2856 280 2885 ὅ(
300 2856 398 2885 frustra
421 2865 536 2893 quoquc
559 2857 682 2893 quaesivit
704 2859 825 2896 jacobus
839 2857 1035 2886 Gothofredus

175 2895 210 2922 ad
231 2896 283 2923 Li.
306 2894 335 2923 C.
359 2894 407 2923 Tb.
428 2895 462 2922 ad
483 2895 515 2922 L.
537 2895 634 2924 Comei.
656 2897 686 2924 de
705 2897 788 2925 Sicar.
812 2904 874 2924 nam
887 2895 1033 2933 postquam

175 2939 274 2960 contra
295 2933 441 2968 Cujacium
457 2932 482 2960 ὅ(
497 2933 662 2963 Raevardum
681 2935 836 2972 probasset.
857 2934 882 2962 d.
904 2935 922 2962 Ι.
940 2942 963 2962 i.
985 2943 1034 2962 non

174 2971 230 2998 ideo
246 2972 339 3003 iatam,
369 2971 439 3007 quali
451 2972 571 2999 hactenus
593 2973 790 3011 infanticidium
807 2973 960 3009 impunitum
970 2971 1032 3009 fue-

174 3010 228 3040 rit,
254 3015 300 3036 aut
320 3009 451 3036 homicidii
473 3011 573 3037 nomine
593 3020 642 3038 non
665 3014 767 3040 venerit
788 3012 869 3048 (quae
886 3011 967 3038 etiam
986 3017 1032 3038 tua

176 3046 311 3073 sententia
327 3047 386 3081 est)
406 3056 495 3075 verum
514 3048 569 3076 ideo
580 3050 676 3083 latam,
695 3056 725 3078 ut
740 3058 810 3086 prena
823 3049 877 3085 ejus
891 3048 1034 3076 intendere-

176 3088 231 3115 tur3
251 3085 348 3112 malove
362 3083 406 3121 isti
421 3084 457 3119 &²
469 3087 571 3121 piaculo
579 3087 638 3123 jam
660 3088 805 3126 inoleficnti
819 3096 885 3115 noua
893 3085 1034 3124 severitate

176 3128 364 3156 occurreretur,
387 3132 452 3152 mox
475 3124 567 3156 addit,
599 3125 624 3152 se
644 3133 701 3153 non
718 3127 794 3154 inani
811 3125 968 3160 conjeftum
985 3125 1033 3152 du·

174 3157 214 3187 ci.
241 3160 362 3191 pertinere
376 3162 447 3189 illam
474 3160 508 3189 L.
529 3162 563 3189 ad
579 3172 665 3191 recens
682 3170 754 3192 natos
769 3186 775 3197 ,
810 3173 870 3200 quos
888 3164 1032 3199 volgivago

177 3192 214 3227 ὅ)
232 3195 327 3222 illicita
348 3198 446 3226 Venere
463 3219 470 3231 2
487 3199 547 3235 five
567 3202 597 3228 cte
611 3203 691 3238 vulgo
709 3209 810 3238 patres,
825 3201 884 3238 sive
902 3203 948 3229 vul
970 3203 1032 3228 cirine

173 3237 266 3261 ”¹⁰²7“
279 3241 382 3262 enecare
390 3235 450 3271 s011'!
456 3238 479 3268 ἰ.
499 3238 614 3268 velandae
626 3241 799 3277 turpitudinis
813 3238 907 3278 cauJa3
928 3237 955 3275 ξ,
975 3240 1030 3277 qui-

1200 124 1579 162 NOODT

1096 212 1229 238 nocentes
1251 204 1413 247 existimari
1435 207 1485 248 qui
1508 206 1619 248 viscera
1629 204 1688 246 sua
1714 208 1747 238 in
1761 209 1887 247 praedam
1903 221 1948 247 ca.

1096 250 1180 279 nibus
1199 249 1361 290 objiciunt,
1383 247 1419 282 &²
1435 254 1574 289 quantum
1599 251 1631 280 in
1648 246 1714 286 ipfis
1733 250 1793 290 est,
1811 252 1950 286 crudelius

1095 296 1220 328 necant,
1240 287 1360 330 quamsi
1372 290 1611 331 Jtrangulaſjent.
1636 289 1713 335 Qffl‘
1729 293 1857 332 dubitet,
1882 298 1951 335 quin

1097 332 1202 371 impius
1223 332 1265 370 sit
1292 333 1340 372 qui
1367 332 1470 362 alienae
1490 332 1688 372 misericoraiae
1705 333 1796 363 locum
1813 343 1871 366 non
1897 339 1948 368 tri.

1098 373 1183 403 buit?
1207 375 1256 414 qui
1274 372 1386 411 etiamst
1402 374 1556 415 contingat
1577 375 1622 414 ei,
1643 380 1676 405 ut
1691 375 1811 411 alatur,
1836 376 1950 411 addixit

1097 419 1172 443 certe
1177 414 1359 457 sanguinein
1372 413 1460 455 suum
1476 414 1524 445 ‘uei
1544 416 1584 446 ad
1599 416 1775 456 servitutem
1790 418 1838 449 vel
1856 418 1894 448 ad
1907 419 1949 452 lu-

1091 460 1199 494 panar.
1246 456 1319 503 Quae
1343 461 1439 486 autem
1453 454 1557 497 poffint
1579 458 1626 489 ‘uel
1636 458 1752 499 fileant
1772 460 1902 491 accidere
1918 466 1952 498 in

1096 501 1212 536 utroque
1225 501 1303 538 sexu
1325 497 1372 527 vel
1397 503 1450 537 per
1465 507 1607 537 errorem,
1635 501 1698 541 quis
1713 509 1770 531 non
1788 502 1952 546 inteiligit,

1095 538 1158 577 quis
1181 539 1299 580 ignorat
1319 538 1335 570 ἰ)
1366 540 1438 579 quod
1459 539 1506 569 ‘vel
1531 542 1616 571 unius
1640 542 1797 581 Oedipodis
1823 544 1951 580 declarat

1094 582 1274 618 exemptum,
1296 580 1405 620 duplici
1411 580 1520 620 scelere
1545 582 1702 624 confusum.
1727 582 1782 626 (4)
1805 585 1878 618 Tam
1896 589 1954 631 igi.

1095 624 1143 649 tur
1156 620 1303 660 nefarium
1320 620 1360 661 est
1374 627 1511 661 exponere
1523 643 1534 659 ,
1557 633 1641 664 quam
1667 634 1779 658 necare.
1824 626 1952 664 Lactan-

1096 660 1158 691 tius
1182 662 1264 692 inter
1289 670 1400 693 caetera
1422 671 1490 702 quae
1506 665 1597 696 nobis
1616 664 1686 697 sunt
1706 666 1737 699 in
1755 667 1928 708 quaestione
1942 694 1955 711 ‚

1096 700 1159 732 fine
1176 700 1323 743 scrupulo
1342 707 1455 743 probat
1467 725 1478 741 ‚
1497 705 1591 736 etiam
1610 705 1767 740 infantum
1785 719 1825 741 ex
1850 711 1956 744 ositio-

1096 751 1167 773 nem
1188 743 1218 774 &
1231 753 1341 774 necem
1363 743 1415 784 (ς)
1436 754 1452 775 a
1476 745 1515 776 ud
1524 744 1799 787 Gentilesquidem
1826 762 1867 784 uo
1878 761 1956 786 tem-

1095 792 1182 829 pore
1200 793 1268 824 Jure
1292 784 1423 826 publico
1464 785 1538 817 uisse
1565 789 1754 827 permissam:
1778 800 1811 823 at
1826 802 1843 824 a
1864 793 1956 829 Chri-

1096 823 1201 870 stianis
1221 833 1376 866 tamquam
1397 826 1522 867 impiam
1538 826 1631 859 fuisse
1644 829 1834 865 damnatam:
1854 835 1957 876 simul,

1096 866 1235 898 Minucii
1269 866 1386 898 Felicis
1412 868 1507 899 verba
1526 891 1536 908 ,
1571 869 1666 901 Nobis
1697 872 1881 907 homicidium
1901 887 1955 909 nec

1088 907 1145 947 fas
1160 909 1281 946 videre,
1303 918 1355 939 nec
1376 910 1500 948 audire,
1521 919 1538 940 a
1554 911 1728 950 convicio,
1759 913 1902 957 fallacia,
1924 918 1956 952 ὅ(

1094 950 1273 989 protervia,
1296 950 1328 981 id
1342 948 1410 989 est,
1439 951 1477 982 ab
1501 951 1721 993 obJurgatione
1739 953 1873 990 Domini
1894 969 1954 994 van

1095 991 1322 1031 Bynkershoek
1336 990 1397 1023 effe
1416 993 1558 1025 liberam.

1138 1031 1166 1073 §.
1187 1031 1279 1065 XIII.
1308 1031 1362 1074 (ὁ)
1391 1033 1508 1067 Similis
1532 1035 1569 1067 sit
1586 1034 1705 1069 solutio
1720 1038 1895 1082 aenigmatis
1915 1042 1956 1076 de

1893 1085 1953 1120 im·

1094 1165 1151 1194 dem
1166 1163 1194 1194 in
1214 1163 1318 1204 ipsamet
1340 1167 1410 1198 Urbe
1429 1166 1519 1198 Roma.
1562 1167 1599 1197 Et
1609 1168 1676 1206 stine
1690 1169 1847 1202 Laaantius
1859 1184 1955 1213 quoque
1971 1179 1981 1186 ‘

1094 1204 1170 1232 Libr.
1194 1205 1242 1232 V1.
1271 1205 1368 1236 Divin.
1396 1205 1483 1243 Instit.
1511 1206 1572 1244 Cap.
1604 1216 1648 1237 20.
1675 1217 1710 1238 nv
1729 1219 1826 1241 mones
1847 1222 1954 1245 coimu-

1094 1250 1165 1270 »τος
1193 1250 1309 1271 AETA’ris
1336 1254 1395 1273 suriz
1422 1253 1587 1279 INVEHENS,
1616 1252 1646 1274 ut
1673 1247 1703 1275 de
1716 1249 1864 1287 infantibus
1878 1259 1954 1290 expo-

1094 1280 1185 1308 nendis
1192 1279 1266 1318 falsa
1277 1283 1373 1317 pietate
1386 1284 1461 1320 agit,
1482 1284 1519 1311 ita
1542 1282 1578 1318 ὅ)
1593 1284 1624 1312 de
1640 1284 1821 1323 infanticidio,
1842 1290 1883 1318 bis
1895 1300 1957 1320 ver·

1094 1319 1151 1352 bis,
1178 1326 1298 1347 ERGONE
1327 1329 1416 1349 iLLnn
1444 1328 1565 1357 Quinam
1592 1321 1644 1350 ὄις.
1662 1330 1726 1352 nam
1742 1325 1811 1359 alia,
1834 1337 1895 1364 quae
1915 1329 1954 1360 ad

1095 1365 1153 1384 rem
1169 1364 1227 1384 non
1243 1358 1436 1394 pertinebant,
1457 1359 1504 1387 ille
1521 1359 1621 1389 omifit.
1648 1361 1737 1391 Vides
1753 1363 1884 1396 summam
1897 1367 1957 1397 sen·

1096 1395 1189 1423 tentiae
1208 1403 1275 1423 meae
1291 1417 1298 1430 ,
1326 1407 1409 1435 quam
1437 1403 1530 1426 tamen
1552 1398 1715 1435 singularem
1732 1403 1854 1438 vocasti,
1874 1406 1954 1436 vides

1091 1433 1239 1462 Lactantio
1253 1443 1314 1463 eam
1330 1442 1451 1465 mentem
1468 1437 1629 1466 attributam
1643 1460 1650 1471 ,
1672 1447 1754 1475 quam
1768 1442 1826 1478 ipse
1840 1443 1956 1475 Laetan-

1093 1473 1150 1507 tic,
1171 1471 1290 1510 aliisque
1305 1474 1436 1504 Patribus
1452 1476 1581 1510 attribui,
1604 1476 1677 1515 salva
1689 1478 1763 1515 Juris
1775 1481 1882 1516 publici
1899 1485 1955 1514 exi-

1092 1510 1260 1540 stimatione.
1311 1513 1400 1549 Igitur
1421 1522 1454 1542 ea
1477 1516 1571 1543 cautio
1593 1515 1698 1551 semper
1711 1516 1751 1546 est
1766 1518 1926 1550 adhibenda
1943 1543 1953 1558 ,

1092 1557 1144 1583 ne,
1166 1549 1244 1586 quod
1259 1550 1293 1578 de
1310 1550 1383 1580 sueto
1406 1553 1482 1580 necis
1498 1552 1522 1581 ὃ(
1537 1553 1717 1590 expositionis
1743 1555 1838 1586 Patres
1853 1560 1954 1590 retule-
1997 1578 2001 1587 .

1091 1594 1172 1621 runt,
1184 1587 1218 1615 ad
1234 1589 1320 1624 ipsum
1337 1592 1381 1626 jus
1397 1591 1516 1620 necandi
1530 1591 1728 1630 &exponendi
1743 1596 1951 1630 transferamus.

1091 1632 1123 1654 ut
1137 1626 1273 1655 transtulit
1291 1629 1343 1657 Vir
1358 1630 1401 1658 CI.

1129 1665 1153 1702 5.
1174 1665 1254 1694 XIII.
1275 1669 1303 1696 6.
1330 1667 1418 1696 Redis
1444 1667 1479 1697 ad
1501 1668 1663 1698 Minucium
1678 1670 1816 1708 Felicem,
1838 1672 1864 1702 δι
1878 1674 1952 1706 male

1092 1709 1120 1732 te
1135 1704 1236 1737 habet,
1267 1706 1343 1741 quod
1367 1706 1450 1735 alium
1472 1707 1530 1742 ejus
1552 1708 1644 1736 locum
1666 1717 1702 1737 ex
1723 1710 1832 1740 octavii
1852 1712 1882 1742 C.
1904 1721 1950 1750 31.
1978 1709 1982 1712 ⁴

1093 1750 1175 1778 quem
1189 1743 1245 1777 jam
1261 1745 1454 1780 repraesentavi
1471 1746 1548 1781 supr-i
1557 1746 1581 1782 ᾗ.
1591 1747 1712 1776 XI.n.1.
1734 1757 1878 1786 perperam
1893 1752 1953 1782 fue-

1091 1783 1142 1809 rim
1167 1782 1373 1818 interpretatus.
1411 1784 1544 1812 Dixi-ram
1579 1784 1674 1822 Opusc.
1701 1786 1729 1816 C.
1759 1788 1796 1817 X.
1827 1796 1855 1826 p.
1883 1798 1950 1826 225.
1991 1778 1996 1788 ⁶

1090 1819 1247 1853 nemmem,
1268 1822 1316 1857 qui
1333 1823 1455 1850 Minucii
1472 1822 1574 1856 verba,
1595 1832 1657 1860 quae
1676 1825 1721 1853 hic
1736 1826 1834 1855 iterum
1851 1827 1952 1858 descri-

1091 1859 1133 1886 bis
1144 1857 1258 1894 ,legerit
1269 1859 1367 1893 ‚alium
1384 1862 1415 1889 iis
1431 1861 1535 1889 sensum
1544 1860 1626 1889 facile
1642 1862 1852 1899 affignaturuin.
1864 1875 1950 1903 quam

1090 1895 1125 1925 de
1141 1897 1308 1933 impunitate
1325 1899 1477 1933 adulterii,
1494 1900 1653 1928 Gentilibus
1662 1902 1783 1936 obieeta,
1804 1911 1867 1932 nam
1884 1913 1949 1936 cum

1090 1935 1145 1969 ait,
1166 1935 1339 1965 Christianos
1352 1939 1431 1965 unius
1444 1939 1604 1966 matrimonii
1625 1940 1728 1968 vinculo
1742 1941 1858 1969 lubenter
1870 1943 1948 1972 inboe-

1086 1982 1160 2007 rere,
1183 1974 1218 2001 de
1234 1975 1393 2004 Gentilibus
1408 1982 1507 2004 contra
1532 1976 1679 2004 dicendum
1702 1977 1861 2009 videbatur.
1900 1982 1946 2012 Ab

1085 2012 1139 2040 hac
1161 2011 1314 2048 suspicione
1339 2014 1460 2043 absolvis
1480 2015 1637 2043 Minucium
1665 2015 1689 2043 b.
1709 2015 1734 2052 §-
1755 2018 1864 2054 profixa
1883 2019 1947 2050 sane

1085 2050 1260 2085 digressione.
1300 2053 1349 2081 Ais
1375 2054 1481 2088 igitur,
1510 2061 1573 2080 eum
1595 2052 1728 2089 respicere
1754 2055 1789 2084 ad
1811 2057 1946 2093 quasdam

1088 2088 1191 2124 specics
1207 2110 1214 2122 ‚
1243 2098 1312 2125 quas
1333 2091 1458 2119 Gentiles
1485 2098 1536 2126 pro
1551 2090 1689 2119 adulterio
1704 2101 1761 2121 non
1782 2094 1944 2132 habebant,
1977 2110 1984 2120 ι

1088 2127 1237 2155 Christiani
1254 2130 1410 2162 habebant,
1433 2135 1463 2157 ut
1483 2128 1521 2156 est
1537 2130 1703 2158 concubitus
1723 2133 1815 2161 mariti
1831 2142 1893 2163 cum
1907 2136 1946 2165 in·

1087 2171 1174 2202 nupta
1188 2186 1196 2199 ‚
1219 2174 1281 2194 cuin
1297 2167 1414 2200 ancilla,
1436 2175 1499 2194 curn
1515 2168 1660 2196 meretrice
1675 2180 1686 2201 ;
1705 2168 1730 2197 ἅ
1747 2170 1879 2207 plurimas
1900 2181 1945 2203 au-

1088 2204 1245 2238 firmitates,
1267 2206 1293 2232 in
1311 2207 1382 2234 hanc
1396 2213 1452 2233 reni
1469 2205 1617 2242 protritus,
1639 2206 1748 2240 adfers.
1765 2210 1947 2245 quibusGen-

1088 2242 1177 2270 tilium
1200 2243 1449 2279 Jurisprudentiam
1471 2263 1480 2277 ‚
1508 2244 1560 2271 hac
1587 2251 1666 2280 parte
1690 2265 1698 2279 ‚
1726 2247 1946 2280 Christianorum

1087 2282 1230 2318 praeceptis
1246 2284 1376 2318 opponis.
1412 2281 1466 2310 Sed
1483 2281 1557 2314 esto,
1579 2290 1636 2310 non
1662 2283 1744 2313 aliam
1759 2286 1837 2315 fuisse
1852 2288 1947 2318 Minu-

1087 2320 1122 2347 cii
1138 2326 1277 2353 mentem,
1298 2330 1381 2357 quam
1398 2328 1427 2349 tu
1443 2320 1496 2348 esse
1511 2321 1566 2354 ais,
1588 2321 1655 2356 quid
1679 2323 1746 2352 inde
1768 2325 1794 2352 in
1811 2333 1867 2353 rem
1881 2334 1948 2362 prae·

1087 2359 1190 2387 sentem
1207 2358 1221 2386 ?
1242 2359 1424 2388 nihilominus
1441 2359 1536 2394 utique
1549 2367 1644 2387 verum
1659 2359 1713 2393 est,
1736 2363 1820 2390 vei-ba
1834 2363 1887 2391 effe
1899 2373 1947 2399 ge-

1085 2396 1224 2425 neraliora
1238 2418 1245 2430 ‚
1266 2405 1348 2432 quam
1373 2398 1541 2434 oportebat,
1564 2397 1589 2427 &
1610 2399 1646 2425 ita
1658 2405 1814 2436 concepta,
1847 2407 1877 2430 ut
1896 2403 1948 2432 iin-

1085 2435 1269 2472 prudentibus
1293 2436 1374 2464 facile
1395 2437 1551 2472 imponant.
1591 2436 1632 2464 Ea
1660 2437 1788 2465 dietionIs
1808 2440 1945 2477 praecipua

1085 2474 1173 2501 virtus
1196 2474 1233 2501 eil
1250 2496 1257 2508 ,
1285 2482 1315 2503 ut
1337 2482 1394 2502 non
1417 2475 1514 2505 aliam.
1541 2481 1623 2508 quam
1641 2473 1802 2510 scribentis,
1823 2485 1944 2508 mentem

1085 2512 1237 2548 exprimat,
1259 2521 1310 2541 nec
1327 2514 1353 2540 in
1369 2513 1483 2548 quosvis
1499 2511 1587 2540 sensus
1603 2511 1761 2548 detorqueri
1778 2514 1867 2550 possit.
1886 2517 1946 2546 Mi·

1084 2551 1200 2587 nucius,
1226 2557 1253 2580 te
1267 2559 1381 2587 quoque
1403 2550 1512 2585 judice,
1543 2550 1604 2585 plus
1626 2549 1710 2583 dixit,
1732 2552 1821 2581 minus
1839 2554 1941 2590 sentit,

1085 2589 1110 2617 δι
1132 2589 1193 2626 plus
1216 2588 1285 2618 dixit
1309 2591 1343 2616 ad
1366 2587 1542 2616 conflandam
1561 2587 1723 2616 adversariis
1741 2589 1792 2618 suis
1808 2591 1939 2623 invidiam

1083 2627 1232 2663 promiscui
1252 2627 1379 2655 adulterii
1396 2646 1405 2656 .
1431 2626 1513 2663 plane
1536 2632 1565 2653 ut
1583 2626 1610 2653 in
1626 2627 1706 2654 causa
1722 2628 1867 2659 homicidii
1882 2639 1942 2660 vet·

1084 2666 1155 2693 satus
1175 2665 1214 2692 est
1235 2666 1319 2701 priori
1349 2665 1429 2696 Ioco,
1461 2672 1542 2699 quem
1558 2665 1613 2698 jam
1635 2665 1735 2693 excuffi
1754 2666 1779 2702 5.
1794 2668 1847 2697 XI.
1866 2678 1892 2698 n.
1915 2676 1939 2699 r.

1084 2704 1138 2732 Sed
1155 2704 1229 2740 quod
1248 2703 1282 2731 ad
1297 2703 1380 2739 ipsam
1398 2709 1518 2730 mentem
1535 2703 1655 2731 Minucii
1668 2703 1787 2738 Felicis,
1808 2715 1868 2734 eam
1886 2711 1945 2744 ego'

1083 2750 1139 2769 non
1158 2741 1341 2770 restririxerim
1353 2741 1386 2769 :id
1399 2749 1444 2768 eas
1463 2740 1564 2777 species
1575 2762 1581 2772 ,
1592 2750 1659 2777 quas
1675 2747 1706 2769 tu
1722 2746 1858 2780 proponis
1868 2767 1876 2779 ,
1889 2753 1940 2774 nec

1084 2782 1175 2808 oratio
1190 2780 1347 2816 praecedens
1361 2779 1480 2815 patitur,
1504 2785 1533 2806 ut
1549 2780 1583 2806 ad
1599 2788 1645 2807 eas
1661 2780 1864 2817 restringamus.
1895 2783 1940 2812 De

1078 2819 1182 2846 maritis
1199 2818 1266 2846 nihil
1285 2818 1394 2852 praecise
1410 2816 1517 2844 dixerat
1534 2818 1562 2844 in
1581 2818 1818 2855 praecedentibiis,
1841 2821 1882 2850 sed
1892 2829 1937 2850 ne·

1077 2856 1189 2884 fantiam
1200 2857 1354 2883 Gentilium
1374 2855 1575 2891 impudicitiam
1593 2858 1865 2892 noians‚objecerat
1877 2867 1937 2895 pro·

1077 2895 1195 2923 miscuos
1211 2894 1344 2926 incestus,
1366 2894 1535 2930 promiscuas
1556 2895 1697 2929 Veneres,
1718 2895 1743 2924 ἀ
1765 2896 1829 2925 dum
1845 2897 1936 2933 pristim

1077 2933 1179 2960 liberos
1199 2932 1342 2963 serebant,
1365 2933 1526 2968 frequenter
1546 2933 1751 2968 exponebant,
1781 2941 1864 2971 atque
1881 2936 1934 2968 ita.

1076 2978 1106 2999 ut
1130 2971 1264 2999 Lastantii
1290 2971 1380 2998 verbis
1404 2977 1464 2998 utar
1478 2992 1485 3003 ,
1514 2971 1665 3000 addicebant
1684 2971 1718 2999 ad
1727 2971 1881 3009 servitutem
1895 2975 1936 3002 vel

1076 3018 1114 3038 tio
1136 3017 1285 3040 ιυΡΛΝΛκ,
1307 3010 1391 3037 etiam
1408 3009 1559 3037 nescientes
1576 3010 1615 3037 ait
1633 3009 1659 3037 In
1680 3011 1775 3038 illicita
1795 3019 1933 3047 proruere.

1077 3047 1101 3075 &
1123 3046 1213 3083 incesti
1229 3047 1352 3084 fabulam
1374 3047 1488 3081 neaera,
1517 3048 1596 3075 etiam
1618 3055 1673 3076 cum
1695 3047 1872 3085 conscientiam
1886 3059 1933 3078 nm

1075 3085 1202 3114 haberent.
1243 3086 1316 3114 Mox
1340 3085 1460 3120 sequitur
1479 3095 1485 3113 :
1514 3092 1541 3114 at
1555 3093 1599 3112 rios
1609 3085 1730 3121 pudorem
1743 3086 1794 3114 dte.
1833 3088 1898 3124 Agit
1913 3087 1933 3115 i-

1076 3124 1151 3159 gitur
1167 3132 1242 3159 teque
1257 3123 1290 3151 de
1310 3123 1431 3157 iIIIcitis.
1455 3131 1539 3160 quam
1555 3122 1590 3151 de
1602 3123 1685 3151 licitis
1698 3125 1852 3154 Gentilium
1867 3133 1934 3153 con-

1073 3162 1278 3196 iunetioniiuus.
1300 3169 1397 3190 contra
1412 3170 1495 3198 quam
1510 3168 1539 3190 tu
1558 3161 1706 3195 intelligis,
1727 3161 1752 3190 ὅ(
1767 3162 1934 3199 simpliciter.

1075 3199 1205 3229 damnata
1231 3200 1385 3228 Gentilium
1413 3200 1612 3237 impudicitia,
1646 3199 1754 3227 suorum
1770 3201 1931 3237 pudicitiam

1074 3237 1187 3273 iaudat,
1217 3239 1252 3267 ad
1270 3238 1443 3276 exemplum,
1465 3236 1633 3267 'I'ertuIliani
1655 3239 1764 3274 Apotag.
1786 3238 1814 3266 C.
1832 3239 1881 3267 ix.
1899 3240 1932 3280 jn

1878 3277 1930 3311 jin.
