<?xml version="1.0" encoding="UTF-8"?>
<!DOCTYPE html PUBLIC "-//W3C//DTD XHTML 1.0 Transitional//EN"
    "http://www.w3.org/TR/xhtml1/DTD/xhtml1-transitional.dtd">
<html xmlns="http://www.w3.org/1999/xhtml" xml:lang="en" lang="en">
 <head>
  <title>
</title>
<meta http-equiv="Content-Type" content="text/html;charset=utf-8" />
  <meta name='ocr-system' content='tesseract 3.04.00' />
  <meta name='ocr-capabilities' content='ocr_page ocr_carea ocr_par ocr_line ocrx_word'/>
</head>
<body>
  <div class='ocr_page' id='page_1' title='image "./corneliivanbynke00bijn_0523.png"; bbox 0 0 2008 3436; ppageno 0'>
   <div class='ocr_carea' id='block_1_1' title="bbox 106 98 1693 148">
    <p class='ocr_par' dir='ltr' id='par_1_1' title="bbox 106 98 1693 148">
     <span class='ocr_line' id='line_1_1' title="bbox 106 98 1693 148; baseline -0.007 0"><span class='ocrx_word' id='word_1_1' title='bbox 106 110 256 148; x_wconf 90' lang='lat' dir='ltr'>CORN.</span> <span class='ocrx_word' id='word_1_2' title='bbox 283 106 355 146; x_wconf 68' lang='lat' dir='ltr'>vm</span> <span class='ocrx_word' id='word_1_3' title='bbox 379 103 657 144; x_wconf 81' lang='lat' dir='ltr'>BYNKERSH.</span> <span class='ocrx_word' id='word_1_4' title='bbox 685 98 1105 140; x_wconf 82' lang='lat' dir='ltr'>DISSERTATIONIS</span> <span class='ocrx_word' id='word_1_5' title='bbox 1133 99 1198 136; x_wconf 78' lang='lat' dir='ltr'>DE</span> <span class='ocrx_word' id='word_1_6' title='bbox 1223 99 1416 144; x_wconf 86' lang='lat' dir='ltr'>PACTIS,</span> <span class='ocrx_word' id='word_1_7' title='bbox 1446 110 1524 136; x_wconf 72' lang='lat' dir='ltr'>arc.</span> <span class='ocrx_word' id='word_1_8' title='bbox 1551 98 1634 137; x_wconf 65' lang='lat' dir='ltr'>Cn.</span> <span class='ocrx_word' id='word_1_9' title='bbox 1665 99 1693 136; x_wconf 89' lang='grc' dir='ltr'>Ι.</span> 
     </span>
    </p>
   </div>
   <div class='ocr_carea' id='block_1_2' title="bbox 27 181 920 3251">
    <p class='ocr_par' dir='ltr' id='par_1_2' title="bbox 32 181 898 437">
     <span class='ocr_line' id='line_1_2' title="bbox 35 181 897 234; baseline -0.017 -6"><span class='ocrx_word' id='word_1_10' title='bbox 35 196 98 228; x_wconf 81' lang='lat' dir='ltr'>lam</span> <span class='ocrx_word' id='word_1_11' title='bbox 111 191 321 234; x_wconf 83' lang='lat' dir='ltr'>Jurispcritus.</span> <span class='ocrx_word' id='word_1_12' title='bbox 355 186 562 221; x_wconf 86' lang='lat' dir='ltr'><strong>Consuetudo</strong></span> <span class='ocrx_word' id='word_1_13' title='bbox 585 185 654 218; x_wconf 82' lang='lat' dir='ltr'>haec</span> <span class='ocrx_word' id='word_1_14' title='bbox 674 182 794 228; x_wconf 75' lang='lat' dir='ltr'>transiit</span> <span class='ocrx_word' id='word_1_15' title='bbox 811 181 897 214; x_wconf 84' lang='lat' dir='ltr'>dein-</span> 
     </span>
     <span class='ocr_line' id='line_1_3' title="bbox 35 225 897 278; baseline -0.02 -9"><span class='ocrx_word' id='word_1_16' title='bbox 35 246 111 278; x_wconf 87' lang='lat' dir='ltr'>ceps</span> <span class='ocrx_word' id='word_1_17' title='bbox 130 236 160 268; x_wconf 89' lang='lat' dir='ltr'>in</span> <span class='ocrx_word' id='word_1_18' title='bbox 184 235 232 276; x_wconf 78' lang='lat' dir='ltr'>jus</span> <span class='ocrx_word' id='word_1_19' title='bbox 255 239 377 264; x_wconf 86' lang='lat' dir='ltr'>certum</span> <span class='ocrx_word' id='word_1_20' title='bbox 388 253 400 269; x_wconf 87' lang='lat'>‚</span> <span class='ocrx_word' id='word_1_21' title='bbox 422 239 487 271; x_wconf 91' lang='lat' dir='ltr'>quo</span> <span class='ocrx_word' id='word_1_22' title='bbox 507 228 549 260; x_wconf 74' lang='lat' dir='ltr'>uli</span> <span class='ocrx_word' id='word_1_23' title='bbox 569 226 640 258; x_wconf 88' lang='lat' dir='ltr'>sunt</span> <span class='ocrx_word' id='word_1_24' title='bbox 661 225 793 256; x_wconf 84' lang='lat' dir='ltr'>Romam</span> <span class='ocrx_word' id='word_1_25' title='bbox 806 246 816 262; x_wconf 88' lang='lat'>‚</span> <span class='ocrx_word' id='word_1_26' title='bbox 841 233 897 269; x_wconf 78' lang='lat' dir='ltr'>po-</span> 
     </span>
     <span class='ocr_line' id='line_1_4' title="bbox 34 264 898 315; baseline -0.019 -4"><span class='ocrx_word' id='word_1_27' title='bbox 34 275 100 311; x_wconf 79' lang='lat' dir='ltr'>stea</span> <span class='ocrx_word' id='word_1_28' title='bbox 116 276 222 309; x_wconf 78' lang='lat' dir='ltr'>Graeci</span> <span class='ocrx_word' id='word_1_29' title='bbox 239 274 276 306; x_wconf 88' lang='lat' dir='ltr'>ad</span> <span class='ocrx_word' id='word_1_30' title='bbox 295 281 392 315; x_wconf 80' lang='lat' dir='ltr'>usque</span> <span class='ocrx_word' id='word_1_31' title='bbox 410 271 634 313; x_wconf 81' lang='lat' dir='ltr'>Imperatorem</span> <span class='ocrx_word' id='word_1_32' title='bbox 654 266 806 310; x_wconf 69' lang='lat' dir='ltr'>Leonem.</span> <span class='ocrx_word' id='word_1_33' title='bbox 826 305 831 310; x_wconf 35' lang='lat'><strong>⁴</strong></span> <span class='ocrx_word' id='word_1_34' title='bbox 849 264 898 296; x_wconf 79' lang='lat' dir='ltr'>Li-</span> 
     </span>
     <span class='ocr_line' id='line_1_5' title="bbox 32 305 896 360; baseline -0.021 -8"><span class='ocrx_word' id='word_1_35' title='bbox 32 328 104 352; x_wconf 86' lang='lat' dir='ltr'>ceat</span> <span class='ocrx_word' id='word_1_36' title='bbox 135 327 211 360; x_wconf 86' lang='lat' dir='ltr'>ergo</span> <span class='ocrx_word' id='word_1_37' title='bbox 238 314 427 348; x_wconf 84' lang='lat' dir='ltr'>concludere</span> <span class='ocrx_word' id='word_1_38' title='bbox 445 336 455 351; x_wconf 93' lang='lat'>,</span> <span class='ocrx_word' id='word_1_39' title='bbox 484 310 563 344; x_wconf 79' lang='lat' dir='ltr'>nibil</span> <span class='ocrx_word' id='word_1_40' title='bbox 591 307 652 340; x_wconf 84' lang='lat' dir='ltr'>esse</span> <span class='ocrx_word' id='word_1_41' title='bbox 678 305 896 353; x_wconf 81' lang='lat' dir='ltr'>probabilius,</span> 
     </span>
     <span class='ocr_line' id='line_1_6' title="bbox 56 352 898 401; baseline -0.02 -8"><span class='ocrx_word' id='word_1_42' title='bbox 56 370 125 394; x_wconf 90' lang='lat' dir='ltr'>uam</span> <span class='ocrx_word' id='word_1_43' title='bbox 141 360 315 401; x_wconf 76' lang='lat' dir='ltr'>originem,</span> <span class='ocrx_word' id='word_1_44' title='bbox 340 356 370 388; x_wconf 72' lang='grc' dir='ltr'>δε</span> <span class='ocrx_word' id='word_1_45' title='bbox 390 352 618 394; x_wconf 86' lang='lat' dir='ltr'>consequenter</span> <span class='ocrx_word' id='word_1_46' title='bbox 635 356 788 395; x_wconf 73' lang='lat' dir='ltr'>rationem</span> <span class='ocrx_word' id='word_1_47' title='bbox 808 356 898 387; x_wconf 74' lang='lat' dir='ltr'>juris,</span> 
     </span>
     <span class='ocr_line' id='line_1_7' title="bbox 39 389 775 437; baseline -0.023 -1"><span class='ocrx_word' id='word_1_48' title='bbox 39 434 42 437; x_wconf 83' lang='lat'>.</span> <span class='ocrx_word' id='word_1_49' title='bbox 73 427 80 435; x_wconf 95' lang='lat'>.</span> <span class='ocrx_word' id='word_1_50' title='bbox 99 402 141 434; x_wconf 85' lang='lat' dir='ltr'>D.</span> <span class='ocrx_word' id='word_1_51' title='bbox 161 401 197 433; x_wconf 81' lang='lat' dir='ltr'>A.</span> <span class='ocrx_word' id='word_1_52' title='bbox 223 399 259 431; x_wconf 81' lang='lat' dir='ltr'>ab</span> <span class='ocrx_word' id='word_1_53' title='bbox 278 396 334 429; x_wconf 86' lang='lat' dir='ltr'>usu</span> <span class='ocrx_word' id='word_1_54' title='bbox 349 397 502 429; x_wconf 74' lang='lat' dir='ltr'>duntaxat</span> <span class='ocrx_word' id='word_1_55' title='bbox 521 390 684 436; x_wconf 86' lang='lat' dir='ltr'>petendam</span> <span class='ocrx_word' id='word_1_56' title='bbox 703 389 775 421; x_wconf 85' lang='lat' dir='ltr'>elle.</span> 
     </span>
    </p>

    <p class='ocr_par' dir='ltr' id='par_1_3' title="bbox 29 430 902 896">
     <span class='ocr_line' id='line_1_8' title="bbox 80 430 899 479; baseline -0.018 -4"><span class='ocrx_word' id='word_1_57' title='bbox 80 444 323 477; x_wconf 82' lang='lat' dir='ltr'>Verumtamen,</span> <span class='ocrx_word' id='word_1_58' title='bbox 346 438 419 479; x_wconf 80' lang='lat' dir='ltr'>quia</span> <span class='ocrx_word' id='word_1_59' title='bbox 436 436 542 478; x_wconf 83' lang='lat' dir='ltr'>regula</span> <span class='ocrx_word' id='word_1_60' title='bbox 559 433 597 464; x_wconf 88' lang='lat' dir='ltr'>de</span> <span class='ocrx_word' id='word_1_61' title='bbox 614 431 737 477; x_wconf 70' lang='lat' dir='ltr'>actione</span> <span class='ocrx_word' id='word_1_62' title='bbox 753 440 793 462; x_wconf 89' lang='lat' dir='ltr'>ex</span> <span class='ocrx_word' id='word_1_63' title='bbox 806 430 899 476; x_wconf 83' lang='lat' dir='ltr'>nudis</span> 
     </span>
     <span class='ocr_line' id='line_1_9' title="bbox 34 471 899 528; baseline -0.017 -11"><span class='ocrx_word' id='word_1_64' title='bbox 34 482 144 528; x_wconf 83' lang='lat' dir='ltr'>placiti</span> <span class='ocrx_word' id='word_1_65' title='bbox 172 481 285 515; x_wconf 85' lang='lat' dir='ltr'>finibus</span> <span class='ocrx_word' id='word_1_66' title='bbox 309 490 373 513; x_wconf 81' lang='lat' dir='ltr'>non</span> <span class='ocrx_word' id='word_1_67' title='bbox 398 477 528 509; x_wconf 84' lang='lat' dir='ltr'>oriunda</span> <span class='ocrx_word' id='word_1_68' title='bbox 554 483 637 506; x_wconf 84' lang='lat' dir='ltr'>merc</span> <span class='ocrx_word' id='word_1_69' title='bbox 668 472 749 513; x_wconf 76' lang='lat' dir='ltr'>juris</span> <span class='ocrx_word' id='word_1_70' title='bbox 783 471 899 504; x_wconf 83' lang='lat' dir='ltr'>Civilis</span> 
     </span>
     <span class='ocr_line' id='line_1_10' title="bbox 33 514 900 564; baseline -0.018 -5"><span class='ocrx_word' id='word_1_71' title='bbox 33 524 182 564; x_wconf 86' lang='lat' dir='ltr'>est,hinc</span> <span class='ocrx_word' id='word_1_72' title='bbox 201 533 241 558; x_wconf 85' lang='lat' dir='ltr'>eo</span> <span class='ocrx_word' id='word_1_73' title='bbox 254 520 322 563; x_wconf 87' lang='lat' dir='ltr'>ipso</span> <span class='ocrx_word' id='word_1_74' title='bbox 335 521 403 561; x_wconf 88' lang='lat' dir='ltr'>jure</span> <span class='ocrx_word' id='word_1_75' title='bbox 420 517 505 550; x_wconf 81' lang='lat' dir='ltr'>fallit</span> <span class='ocrx_word' id='word_1_76' title='bbox 523 515 681 557; x_wconf 77' lang='lat' dir='ltr'>ficpillime</span> <span class='ocrx_word' id='word_1_77' title='bbox 700 524 730 546; x_wconf 91' lang='lat' dir='ltr'>m</span> <span class='ocrx_word' id='word_1_78' title='bbox 749 514 900 559; x_wconf 81' lang='lat' dir='ltr'>negotiis,</span> 
     </span>
     <span class='ocr_line' id='line_1_11' title="bbox 33 555 899 609; baseline -0.016 -10"><span class='ocrx_word' id='word_1_79' title='bbox 33 576 105 609; x_wconf 82' lang='lat' dir='ltr'>quae</span> <span class='ocrx_word' id='word_1_80' title='bbox 128 565 181 598; x_wconf 90' lang='lat' dir='ltr'>sua</span> <span class='ocrx_word' id='word_1_81' title='bbox 192 572 299 597; x_wconf 84' lang='lat' dir='ltr'>natura</span> <span class='ocrx_word' id='word_1_82' title='bbox 316 562 361 594; x_wconf 89' lang='lat' dir='ltr'>nil</span> <span class='ocrx_word' id='word_1_83' title='bbox 379 560 434 593; x_wconf 75' lang='lat' dir='ltr'>nisi</span> <span class='ocrx_word' id='word_1_84' title='bbox 453 558 634 599; x_wconf 74' lang='lat' dir='ltr'>:equitatem</span> <span class='ocrx_word' id='word_1_85' title='bbox 648 579 658 594; x_wconf 85' lang='lat'>‚</span> <span class='ocrx_word' id='word_1_86' title='bbox 682 555 899 600; x_wconf 66' lang='lat' dir='ltr'>&amp;simplicita-</span> 
     </span>
     <span class='ocr_line' id='line_1_12' title="bbox 35 596 901 649; baseline -0.017 -8"><span class='ocrx_word' id='word_1_87' title='bbox 35 616 100 640; x_wconf 87' lang='lat' dir='ltr'>tem</span> <span class='ocrx_word' id='word_1_88' title='bbox 116 607 294 649; x_wconf 68' lang='lat' dir='ltr'>primaevam</span> <span class='ocrx_word' id='word_1_89' title='bbox 313 602 467 634; x_wconf 77' lang='lat' dir='ltr'>redolent.</span> <span class='ocrx_word' id='word_1_90' title='bbox 514 599 589 631; x_wconf 80' lang='lat' dir='ltr'>Inde</span> <span class='ocrx_word' id='word_1_91' title='bbox 604 597 670 629; x_wconf 81' lang='lat' dir='ltr'>fere</span> <span class='ocrx_word' id='word_1_92' title='bbox 689 596 901 642; x_wconf 78' lang='lat' dir='ltr'>prolicilcitur</span> 
     </span>
     <span class='ocr_line' id='line_1_13' title="bbox 34 638 901 684; baseline -0.017 -2"><span class='ocrx_word' id='word_1_93' title='bbox 34 648 127 682; x_wconf 87' lang='lat' dir='ltr'>series</span> <span class='ocrx_word' id='word_1_94' title='bbox 144 648 197 679; x_wconf 88' lang='lat' dir='ltr'>illa</span> <span class='ocrx_word' id='word_1_95' title='bbox 220 644 448 684; x_wconf 77' lang='lat' dir='ltr'>exceptionum</span> <span class='ocrx_word' id='word_1_96' title='bbox 463 665 474 681; x_wconf 91' lang='lat'>‚</span> <span class='ocrx_word' id='word_1_97' title='bbox 507 641 619 682; x_wconf 80' lang='lat' dir='ltr'>quibus</span> <span class='ocrx_word' id='word_1_98' title='bbox 639 639 701 670; x_wconf 77' lang='lat' dir='ltr'>hoc</span> <span class='ocrx_word' id='word_1_99' title='bbox 720 638 801 679; x_wconf 78' lang='lat' dir='ltr'>juris</span> <span class='ocrx_word' id='word_1_100' title='bbox 820 646 901 679; x_wconf 85' lang='lat' dir='ltr'>prin-</span> 
     </span>
     <span class='ocr_line' id='line_1_14' title="bbox 31 679 901 732; baseline -0.016 -10"><span class='ocrx_word' id='word_1_101' title='bbox 31 690 151 732; x_wconf 84' lang='lat' dir='ltr'>cipium</span> <span class='ocrx_word' id='word_1_102' title='bbox 169 685 447 719; x_wconf 69' lang='lat' dir='ltr'>circumscribitur.</span> <span class='ocrx_word' id='word_1_103' title='bbox 492 681 661 723; x_wconf 84' lang='lat' dir='ltr'>Sexaginta</span> <span class='ocrx_word' id='word_1_104' title='bbox 669 679 787 721; x_wconf 78' lang='lat' dir='ltr'>septem</span> <span class='ocrx_word' id='word_1_105' title='bbox 802 686 901 710; x_wconf 91' lang='lat' dir='ltr'>rettu-</span> 
     </span>
     <span class='ocr_line' id='line_1_15' title="bbox 34 719 901 766; baseline -0.015 -3"><span class='ocrx_word' id='word_1_106' title='bbox 34 731 74 766; x_wconf 88' lang='lat' dir='ltr'>lit</span> <span class='ocrx_word' id='word_1_107' title='bbox 98 729 191 762; x_wconf 87' lang='lat' dir='ltr'>Andr.</span> <span class='ocrx_word' id='word_1_108' title='bbox 219 732 257 760; x_wconf 76' lang='lat' dir='ltr'>ab</span> <span class='ocrx_word' id='word_1_109' title='bbox 283 727 371 760; x_wconf 81' lang='lat' dir='ltr'>Exea</span> <span class='ocrx_word' id='word_1_110' title='bbox 396 727 428 758; x_wconf 88' lang='lat' dir='ltr'>in</span> <span class='ocrx_word' id='word_1_111' title='bbox 466 725 584 757; x_wconf 76' lang='lat' dir='ltr'>Oceano</span> <span class='ocrx_word' id='word_1_112' title='bbox 618 721 706 763; x_wconf 67' lang='lat' dir='ltr'>Jaris</span> <span class='ocrx_word' id='word_1_113' title='bbox 740 720 820 752; x_wconf 79' lang='lat' dir='ltr'>Toni.</span> <span class='ocrx_word' id='word_1_114' title='bbox 845 719 901 751; x_wconf 76' lang='lat' dir='ltr'>Vi.</span> 
     </span>
     <span class='ocr_line' id='line_1_16' title="bbox 29 762 900 815; baseline -0.015 -11"><span class='ocrx_word' id='word_1_115' title='bbox 29 778 103 815; x_wconf 57' lang='grc' dir='ltr'>με.</span> <span class='ocrx_word' id='word_1_116' title='bbox 126 780 202 812; x_wconf 87' lang='lat' dir='ltr'>quas</span> <span class='ocrx_word' id='word_1_117' title='bbox 220 769 313 808; x_wconf 89' lang='lat' dir='ltr'>vide,</span> <span class='ocrx_word' id='word_1_118' title='bbox 338 769 359 801; x_wconf 84' lang='lat' dir='ltr'>{i</span> <span class='ocrx_word' id='word_1_119' title='bbox 378 768 502 810; x_wconf 82' lang='lat' dir='ltr'>placeat</span> <span class='ocrx_word' id='word_1_120' title='bbox 523 772 645 797; x_wconf 83' lang='lat' dir='ltr'>tantum</span> <span class='ocrx_word' id='word_1_121' title='bbox 669 771 777 804; x_wconf 80' lang='lat' dir='ltr'>aequor</span> <span class='ocrx_word' id='word_1_122' title='bbox 792 762 900 793; x_wconf 90' lang='lat' dir='ltr'>decur-</span> 
     </span>
     <span class='ocr_line' id='line_1_17' title="bbox 31 803 902 852; baseline -0.015 -6"><span class='ocrx_word' id='word_1_123' title='bbox 31 822 109 848; x_wconf 78' lang='lat' dir='ltr'>rere.</span> <span class='ocrx_word' id='word_1_124' title='bbox 153 812 261 852; x_wconf 89' lang='lat' dir='ltr'>Scopo</span> <span class='ocrx_word' id='word_1_125' title='bbox 284 809 396 843; x_wconf 88' lang='lat' dir='ltr'>nostro</span> <span class='ocrx_word' id='word_1_126' title='bbox 422 808 550 840; x_wconf 82' lang='lat' dir='ltr'>inservit</span> <span class='ocrx_word' id='word_1_127' title='bbox 573 806 647 844; x_wconf 87' lang='lat' dir='ltr'>illa,</span> <span class='ocrx_word' id='word_1_128' title='bbox 678 813 768 847; x_wconf 87' lang='lat' dir='ltr'>quam</span> <span class='ocrx_word' id='word_1_129' title='bbox 797 803 902 844; x_wconf 89' lang='lat' dir='ltr'>Ulpia-</span> 
     </span>
     <span class='ocr_line' id='line_1_18' title="bbox 32 842 900 896; baseline -0.015 -9"><span class='ocrx_word' id='word_1_130' title='bbox 32 850 93 889; x_wconf 72' lang='lat' dir='ltr'>n‘us</span> <span class='ocrx_word' id='word_1_131' title='bbox 112 852 271 896; x_wconf 82' lang='lat' dir='ltr'>suggerit,</span> <span class='ocrx_word' id='word_1_132' title='bbox 296 851 449 884; x_wconf 84' lang='lat' dir='ltr'>limitatio</span> <span class='ocrx_word' id='word_1_133' title='bbox 466 851 497 881; x_wconf 91' lang='lat' dir='ltr'>in</span> <span class='ocrx_word' id='word_1_134' title='bbox 517 849 536 880; x_wconf 85' lang='lat' dir='ltr'>l.</span> <span class='ocrx_word' id='word_1_135' title='bbox 560 847 648 889; x_wconf 66' lang='lat' dir='ltr'>Juris</span> <span class='ocrx_word' id='word_1_136' title='bbox 667 847 847 892; x_wconf 69' lang='lat' dir='ltr'>Gentinm-l.</span> <span class='ocrx_word' id='word_1_137' title='bbox 871 842 900 884; x_wconf 83' lang='lat'>§.</span> 
     </span>
    </p>

    <p class='ocr_par' dir='ltr' id='par_1_4' title="bbox 27 886 901 1675">
     <span class='ocr_line' id='line_1_19' title="bbox 69 886 901 936; baseline -0.016 -8"><span class='ocrx_word' id='word_1_138' title='bbox 69 897 176 928; x_wconf 82' lang='lat' dir='ltr'>uinimo</span> <span class='ocrx_word' id='word_1_139' title='bbox 193 904 224 935; x_wconf 84' lang='lat'>5.</span> <span class='ocrx_word' id='word_1_140' title='bbox 240 894 282 936; x_wconf 90' lang='lat' dir='ltr'>ff.</span> <span class='ocrx_word' id='word_1_141' title='bbox 299 895 333 925; x_wconf 80' lang='lat' dir='ltr'>de</span> <span class='ocrx_word' id='word_1_142' title='bbox 351 892 431 935; x_wconf 63' lang='lat' dir='ltr'>pati.</span> <span class='ocrx_word' id='word_1_143' title='bbox 476 890 617 935; x_wconf 69' lang='lat' dir='ltr'>Qgiiniino</span> <span class='ocrx_word' id='word_1_144' title='bbox 636 911 645 927; x_wconf 95' lang='lat'><strong><em>‚</em></strong></span> <span class='ocrx_word' id='word_1_145' title='bbox 668 888 739 932; x_wconf 72' lang='lat' dir='ltr'>ait,⁴</span> <span class='ocrx_word' id='word_1_146' title='bbox 756 886 901 917; x_wconf 63' lang='lat' dir='ltr'>interilum</span> 
     </span>
     <span class='ocr_line' id='line_1_20' title="bbox 27 928 900 981; baseline -0.016 -11"><span class='ocrx_word' id='word_1_147' title='bbox 27 938 144 981; x_wconf 79' lang='lat' dir='ltr'>format</span> <span class='ocrx_word' id='word_1_148' title='bbox 162 936 254 978; x_wconf 81' lang='lat' dir='ltr'>ipfizm</span> <span class='ocrx_word' id='word_1_149' title='bbox 271 934 415 967; x_wconf 59' lang='lat' dir='ltr'>astionem</span> <span class='ocrx_word' id='word_1_150' title='bbox 445 932 541 974; x_wconf 83' lang='lat' dir='ltr'>(puta</span> <span class='ocrx_word' id='word_1_151' title='bbox 559 930 639 962; x_wconf 78' lang='lat' dir='ltr'>nuda</span> <span class='ocrx_word' id='word_1_152' title='bbox 661 928 783 970; x_wconf 67' lang='lat' dir='ltr'>pactio,</span> <span class='ocrx_word' id='word_1_153' title='bbox 808 935 900 968; x_wconf 82' lang='lat' dir='ltr'>quam</span> 
     </span>
     <span class='ocr_line' id='line_1_21' title="bbox 32 967 901 1022; baseline -0.017 -10"><span class='ocrx_word' id='word_1_154' title='bbox 32 981 66 1013; x_wconf 85' lang='lat' dir='ltr'>in</span> <span class='ocrx_word' id='word_1_155' title='bbox 85 977 113 1022; x_wconf 88' lang='lat'>§.</span> <span class='ocrx_word' id='word_1_156' title='bbox 130 978 250 1020; x_wconf 67' lang='lat' dir='ltr'>praeced.</span> <span class='ocrx_word' id='word_1_157' title='bbox 275 976 505 1018; x_wconf 79' lang='lat' dir='ltr'>obligationem</span> <span class='ocrx_word' id='word_1_158' title='bbox 534 979 640 1013; x_wconf 85' lang='lat' dir='ltr'>parere</span> <span class='ocrx_word' id='word_1_159' title='bbox 662 967 847 1015; x_wconf 81' lang='lat' dir='ltr'>negaverat)</span> <span class='ocrx_word' id='word_1_160' title='bbox 868 972 901 998; x_wconf 75' lang='lat' dir='ltr'>nt</span> 
     </span>
     <span class='ocr_line' id='line_1_22' title="bbox 33 1011 899 1061; baseline -0.017 -8"><span class='ocrx_word' id='word_1_161' title='bbox 33 1023 70 1053; x_wconf 81' lang='lat' dir='ltr'>in</span> <span class='ocrx_word' id='word_1_162' title='bbox 87 1023 164 1052; x_wconf 79' lang='lat' dir='ltr'>bonoe</span> <span class='ocrx_word' id='word_1_163' title='bbox 184 1018 258 1061; x_wconf 79' lang='lat' dir='ltr'>fidei</span> <span class='ocrx_word' id='word_1_164' title='bbox 274 1018 411 1059; x_wconf 78' lang='lat' dir='ltr'>judiciis.</span> <span class='ocrx_word' id='word_1_165' title='bbox 457 1014 583 1046; x_wconf 76' lang='lat' dir='ltr'>Solemus</span> <span class='ocrx_word' id='word_1_166' title='bbox 610 1013 688 1042; x_wconf 81' lang='lat' dir='ltr'>enim</span> <span class='ocrx_word' id='word_1_167' title='bbox 705 1011 820 1047; x_wconf 82' lang='lat' dir='ltr'>dicere,</span> <span class='ocrx_word' id='word_1_168' title='bbox 844 1017 899 1040; x_wconf 80' lang='grc' dir='ltr'>ΡΑ-</span> 
     </span>
     <span class='ocr_line' id='line_1_23' title="bbox 35 1058 900 1095; baseline -0.017 0"><span class='ocrx_word' id='word_1_169' title='bbox 35 1058 104 1095; x_wconf 78' lang='lat' dir='ltr'>c&#39;TA</span> <span class='ocrx_word' id='word_1_170' title='bbox 128 1068 319 1093; x_wconf 78' lang='lat' dir='ltr'>CONVENTA</span> <span class='ocrx_word' id='word_1_171' title='bbox 346 1066 463 1090; x_wconf 66' lang='lat' dir='ltr'>messit</span> <span class='ocrx_word' id='word_1_172' title='bbox 493 1063 595 1086; x_wconf 76' lang='lat' dir='ltr'>RONAE</span> <span class='ocrx_word' id='word_1_173' title='bbox 624 1060 720 1084; x_wconf 83' lang='lat' dir='ltr'>FIDEI</span> <span class='ocrx_word' id='word_1_174' title='bbox 739 1059 900 1092; x_wconf 84' lang='lat' dir='ltr'>JUD1c1is.</span> 
     </span>
     <span class='ocr_line' id='line_1_24' title="bbox 36 1092 899 1140; baseline -0.017 -4"><span class='ocrx_word' id='word_1_175' title='bbox 36 1098 96 1136; x_wconf 75' lang='lat' dir='ltr'>Sea</span> <span class='ocrx_word' id='word_1_176' title='bbox 122 1103 172 1134; x_wconf 75' lang='lat' dir='ltr'>boc</span> <span class='ocrx_word' id='word_1_177' title='bbox 189 1100 234 1140; x_wconf 86' lang='lat' dir='ltr'>fic</span> <span class='ocrx_word' id='word_1_178' title='bbox 256 1100 459 1140; x_wconf 74' lang='lat' dir='ltr'>accipiendum</span> <span class='ocrx_word' id='word_1_179' title='bbox 477 1095 537 1137; x_wconf 77' lang='lat' dir='ltr'>est:</span> <span class='ocrx_word' id='word_1_180' title='bbox 564 1101 595 1125; x_wconf 74' lang='lat' dir='ltr'>ui</span> <span class='ocrx_word' id='word_1_181' title='bbox 610 1092 752 1134; x_wconf 81' lang='lat' dir='ltr'>fiqziidem</span> <span class='ocrx_word' id='word_1_182' title='bbox 769 1092 899 1123; x_wconf 76' lang='lat' dir='ltr'>excomi-</span> 
     </span>
     <span class='ocr_line' id='line_1_25' title="bbox 35 1131 899 1184; baseline -0.017 -7"><span class='ocrx_word' id='word_1_183' title='bbox 35 1141 124 1180; x_wconf 60' lang='lat' dir='ltr'>nenti,</span> <span class='ocrx_word' id='word_1_184' title='bbox 141 1142 230 1184; x_wconf 62' lang='lat' dir='ltr'>pasta</span> <span class='ocrx_word' id='word_1_185' title='bbox 242 1141 398 1182; x_wconf 67' lang='lat' dir='ltr'>snbsecnta</span> <span class='ocrx_word' id='word_1_186' title='bbox 413 1138 510 1180; x_wconf 72' lang='lat' dir='ltr'>fimi,</span> <span class='ocrx_word' id='word_1_187' title='bbox 539 1137 629 1167; x_wconf 77' lang='lat' dir='ltr'>etiam</span> <span class='ocrx_word' id='word_1_188' title='bbox 645 1143 681 1166; x_wconf 84' lang='lat' dir='ltr'>ex</span> <span class='ocrx_word' id='word_1_189' title='bbox 694 1139 779 1174; x_wconf 71' lang='lat' dir='ltr'>parte</span> <span class='ocrx_word' id='word_1_190' title='bbox 796 1131 899 1164; x_wconf 62' lang='lat' dir='ltr'>abieris</span> 
     </span>
     <span class='ocr_line' id='line_1_26' title="bbox 34 1175 900 1226; baseline -0.016 -8"><span class='ocrx_word' id='word_1_191' title='bbox 34 1184 145 1226; x_wconf 70' lang='lat' dir='ltr'>insint:</span> <span class='ocrx_word' id='word_1_192' title='bbox 171 1193 208 1216; x_wconf 86' lang='lat' dir='ltr'>ex</span> <span class='ocrx_word' id='word_1_193' title='bbox 232 1182 394 1214; x_wconf 70' lang='lat' dir='ltr'>intervallo</span> <span class='ocrx_word' id='word_1_194' title='bbox 421 1189 480 1212; x_wconf 85' lang='lat' dir='ltr'>non</span> <span class='ocrx_word' id='word_1_195' title='bbox 504 1180 642 1214; x_wconf 53' lang='lat' dir='ltr'>inei-nnn</span> <span class='ocrx_word' id='word_1_196' title='bbox 670 1185 723 1207; x_wconf 83' lang='lat' dir='ltr'>nec</span> <span class='ocrx_word' id='word_1_197' title='bbox 738 1175 900 1212; x_wconf 74' lang='lat' dir='ltr'>valebunt,</span> 
     </span>
     <span class='ocr_line' id='line_1_27' title="bbox 30 1216 900 1270; baseline -0.016 -10"><span class='ocrx_word' id='word_1_198' title='bbox 30 1219 60 1268; x_wconf 71' lang='lat' dir='ltr'><em>fi</em></span> <span class='ocrx_word' id='word_1_199' title='bbox 75 1231 172 1270; x_wconf 73' lang='lat' dir='ltr'>agat:</span> <span class='ocrx_word' id='word_1_200' title='bbox 200 1235 238 1256; x_wconf 86' lang='lat' dir='ltr'>ne</span> <span class='ocrx_word' id='word_1_201' title='bbox 262 1233 299 1256; x_wconf 83' lang='lat' dir='ltr'>ex</span> <span class='ocrx_word' id='word_1_202' title='bbox 310 1223 398 1265; x_wconf 57' lang='lat' dir='ltr'>patio</span> <span class='ocrx_word' id='word_1_203' title='bbox 422 1221 497 1253; x_wconf 66' lang='grc' dir='ltr'><em>α’σὶὶο</em></span> <span class='ocrx_word' id='word_1_204' title='bbox 513 1219 658 1259; x_wconf 59' lang='lat' dir='ltr'>unitatur.</span> <span class='ocrx_word' id='word_1_205' title='bbox 703 1216 811 1262; x_wconf 66' lang='lat' dir='ltr'>Habes</span> <span class='ocrx_word' id='word_1_206' title='bbox 829 1225 900 1247; x_wconf 88' lang='lat' dir='ltr'>ean-</span> 
     </span>
     <span class='ocr_line' id='line_1_28' title="bbox 36 1256 901 1304; baseline -0.017 -2"><span class='ocrx_word' id='word_1_207' title='bbox 36 1265 107 1302; x_wconf 82' lang='lat' dir='ltr'>dem</span> <span class='ocrx_word' id='word_1_208' title='bbox 131 1267 307 1299; x_wconf 69' lang='lat' dir='ltr'>doctrinam</span> <span class='ocrx_word' id='word_1_209' title='bbox 333 1266 368 1297; x_wconf 91' lang='lat' dir='ltr'>in</span> <span class='ocrx_word' id='word_1_210' title='bbox 399 1263 420 1295; x_wconf 90' lang='lat' dir='ltr'>l.</span> <span class='ocrx_word' id='word_1_211' title='bbox 449 1272 497 1304; x_wconf 78' lang='lat'>13.</span> <span class='ocrx_word' id='word_1_212' title='bbox 533 1262 564 1292; x_wconf 91' lang='lat' dir='ltr'>C.</span> <span class='ocrx_word' id='word_1_213' title='bbox 590 1260 650 1291; x_wconf 80' lang='lat' dir='ltr'>eod.</span> <span class='ocrx_word' id='word_1_214' title='bbox 693 1256 901 1303; x_wconf 23' lang='lat' dir='ltr'>1g1tu1-1paaa</span> 
     </span>
     <span class='ocr_line' id='line_1_29' title="bbox 34 1298 899 1345; baseline -0.017 -1"><span class='ocrx_word' id='word_1_215' title='bbox 34 1317 195 1345; x_wconf 86' lang='lat' dir='ltr'>conventa</span> <span class='ocrx_word' id='word_1_216' title='bbox 209 1308 368 1340; x_wconf 74' lang='lat' dir='ltr'>actionem</span> <span class='ocrx_word' id='word_1_217' title='bbox 385 1314 450 1337; x_wconf 87' lang='lat' dir='ltr'>non</span> <span class='ocrx_word' id='word_1_218' title='bbox 466 1302 664 1344; x_wconf 88' lang='lat' dir='ltr'>producunt,</span> <span class='ocrx_word' id='word_1_219' title='bbox 686 1307 828 1345; x_wconf 81' lang='lat' dir='ltr'>exceptis</span> <span class='ocrx_word' id='word_1_220' title='bbox 840 1298 899 1338; x_wconf 84' lang='lat' dir='ltr'>his,</span> 
     </span>
     <span class='ocr_line' id='line_1_30' title="bbox 35 1340 900 1394; baseline -0.017 -10"><span class='ocrx_word' id='word_1_221' title='bbox 35 1361 107 1394; x_wconf 84' lang='lat' dir='ltr'>quae</span> <span class='ocrx_word' id='word_1_222' title='bbox 132 1348 348 1382; x_wconf 76' lang='lat' dir='ltr'>incontinenti</span> <span class='ocrx_word' id='word_1_223' title='bbox 372 1346 445 1378; x_wconf 88' lang='lat' dir='ltr'>fidei</span> <span class='ocrx_word' id='word_1_224' title='bbox 467 1346 559 1377; x_wconf 82' lang='lat' dir='ltr'>bonae</span> <span class='ocrx_word' id='word_1_225' title='bbox 579 1340 792 1387; x_wconf 66' lang='lat' dir='ltr'>conti-auibus</span> <span class='ocrx_word' id='word_1_226' title='bbox 805 1349 900 1381; x_wconf 89' lang='lat' dir='ltr'>appo-</span> 
     </span>
     <span class='ocr_line' id='line_1_31' title="bbox 35 1382 899 1430; baseline -0.017 -4"><span class='ocrx_word' id='word_1_227' title='bbox 35 1401 174 1430; x_wconf 87' lang='lat' dir='ltr'>nuntur,</span> <span class='ocrx_word' id='word_1_228' title='bbox 203 1399 281 1423; x_wconf 88' lang='lat' dir='ltr'>tunc</span> <span class='ocrx_word' id='word_1_229' title='bbox 301 1388 420 1421; x_wconf 89' lang='lat' dir='ltr'>etenim</span> <span class='ocrx_word' id='word_1_230' title='bbox 441 1387 480 1418; x_wconf 91' lang='lat' dir='ltr'>iis</span> <span class='ocrx_word' id='word_1_231' title='bbox 498 1384 591 1418; x_wconf 80' lang='lat' dir='ltr'>ineffe</span> <span class='ocrx_word' id='word_1_232' title='bbox 608 1385 667 1415; x_wconf 84' lang='lat' dir='ltr'>dici</span> <span class='ocrx_word' id='word_1_233' title='bbox 679 1382 801 1423; x_wconf 77' lang='lat' dir='ltr'>solitum</span> <span class='ocrx_word' id='word_1_234' title='bbox 817 1386 899 1421; x_wconf 73' lang='lat' dir='ltr'>erat,</span> 
     </span>
     <span class='ocr_line' id='line_1_32' title="bbox 35 1423 900 1476; baseline -0.015 -9"><span class='ocrx_word' id='word_1_235' title='bbox 35 1434 158 1476; x_wconf 89' lang='lat' dir='ltr'>inquit,</span> <span class='ocrx_word' id='word_1_236' title='bbox 192 1434 220 1464; x_wconf 84' lang='lat' dir='ltr'>d.</span> <span class='ocrx_word' id='word_1_237' title='bbox 253 1431 281 1474; x_wconf 70' lang='lat'>§</span> <span class='ocrx_word' id='word_1_238' title='bbox 311 1430 453 1475; x_wconf 68' lang='lat' dir='ltr'>Qiinimo</span> <span class='ocrx_word' id='word_1_239' title='bbox 475 1437 507 1468; x_wconf 89' lang='lat'>5.</span> <span class='ocrx_word' id='word_1_240' title='bbox 551 1424 662 1458; x_wconf 88' lang='lat' dir='ltr'>Postea</span> <span class='ocrx_word' id='word_1_241' title='bbox 680 1423 732 1457; x_wconf 87' lang='lat' dir='ltr'>scu</span> <span class='ocrx_word' id='word_1_242' title='bbox 749 1433 790 1456; x_wconf 83' lang='lat' dir='ltr'>ex</span> <span class='ocrx_word' id='word_1_243' title='bbox 806 1424 900 1455; x_wconf 83' lang='lat' dir='ltr'>inter-</span> 
     </span>
     <span class='ocr_line' id='line_1_33' title="bbox 35 1465 901 1512; baseline -0.013 -6"><span class='ocrx_word' id='word_1_244' title='bbox 35 1476 125 1508; x_wconf 87' lang='lat' dir='ltr'>vallo</span> <span class='ocrx_word' id='word_1_245' title='bbox 147 1473 230 1506; x_wconf 67' lang='lat' dir='ltr'>fasta</span> <span class='ocrx_word' id='word_1_246' title='bbox 252 1482 320 1505; x_wconf 88' lang='lat' dir='ltr'>non</span> <span class='ocrx_word' id='word_1_247' title='bbox 342 1475 469 1505; x_wconf 84' lang='lat' dir='ltr'>inerunt</span> <span class='ocrx_word' id='word_1_248' title='bbox 487 1492 497 1509; x_wconf 89' lang='lat'><strong><em>‚</em></strong></span> <span class='ocrx_word' id='word_1_249' title='bbox 528 1467 579 1500; x_wconf 90' lang='lat' dir='ltr'>sed</span> <span class='ocrx_word' id='word_1_250' title='bbox 611 1467 648 1499; x_wconf 91' lang='lat' dir='ltr'>ad</span> <span class='ocrx_word' id='word_1_251' title='bbox 678 1465 901 1512; x_wconf 76' lang='lat' dir='ltr'>exceptionem</span> 
     </span>
     <span class='ocr_line' id='line_1_34' title="bbox 36 1510 900 1557; baseline -0.015 -7"><span class='ocrx_word' id='word_1_252' title='bbox 36 1525 160 1550; x_wconf 85' lang='lat' dir='ltr'>tantum</span> <span class='ocrx_word' id='word_1_253' title='bbox 180 1513 352 1557; x_wconf 79' lang='lat' dir='ltr'>profutura</span> <span class='ocrx_word' id='word_1_254' title='bbox 374 1513 446 1544; x_wconf 89' lang='lat' dir='ltr'>sunt</span> <span class='ocrx_word' id='word_1_255' title='bbox 472 1513 502 1542; x_wconf 82' lang='lat' dir='ltr'>d.</span> <span class='ocrx_word' id='word_1_256' title='bbox 525 1510 547 1542; x_wconf 85' lang='lat' dir='ltr'>l.</span> <span class='ocrx_word' id='word_1_257' title='bbox 573 1519 621 1551; x_wconf 83' lang='lat'>13.</span> <span class='ocrx_word' id='word_1_258' title='bbox 644 1517 707 1540; x_wconf 91' lang='lat' dir='ltr'>non</span> <span class='ocrx_word' id='word_1_259' title='bbox 726 1517 757 1539; x_wconf 85' lang='lat' dir='ltr'>in</span> <span class='ocrx_word' id='word_1_260' title='bbox 776 1515 900 1538; x_wconf 84' lang='lat' dir='ltr'>univer-</span> 
     </span>
     <span class='ocr_line' id='line_1_35' title="bbox 36 1547 899 1598; baseline -0.016 -5"><span class='ocrx_word' id='word_1_261' title='bbox 36 1558 105 1593; x_wconf 86' lang='lat' dir='ltr'>sum</span> <span class='ocrx_word' id='word_1_262' title='bbox 125 1581 136 1597; x_wconf 91' lang='lat'>,</span> <span class='ocrx_word' id='word_1_263' title='bbox 167 1556 214 1590; x_wconf 85' lang='lat' dir='ltr'>ast</span> <span class='ocrx_word' id='word_1_264' title='bbox 237 1565 297 1598; x_wconf 93' lang='lat' dir='ltr'>pro</span> <span class='ocrx_word' id='word_1_265' title='bbox 323 1554 420 1587; x_wconf 87' lang='lat' dir='ltr'>modo</span> <span class='ocrx_word' id='word_1_266' title='bbox 437 1552 595 1584; x_wconf 88' lang='lat' dir='ltr'>cautionis</span> <span class='ocrx_word' id='word_1_267' title='bbox 612 1549 808 1590; x_wconf 81' lang='lat' dir='ltr'>Papinianeae</span> <span class='ocrx_word' id='word_1_268' title='bbox 824 1548 860 1580; x_wconf 87' lang='lat' dir='ltr'>in</span> <span class='ocrx_word' id='word_1_269' title='bbox 878 1547 899 1579; x_wconf 86' lang='lat' dir='ltr'>l.</span> 
     </span>
     <span class='ocr_line' id='line_1_36' title="bbox 36 1591 901 1642; baseline -0.014 -9"><span class='ocrx_word' id='word_1_270' title='bbox 36 1594 89 1642; x_wconf 43' lang='lat'>7¹2.</span> <span class='ocrx_word' id='word_1_271' title='bbox 109 1596 150 1641; x_wconf 88' lang='lat' dir='ltr'>ff.</span> <span class='ocrx_word' id='word_1_272' title='bbox 183 1600 218 1637; x_wconf 70' lang='lat' dir='ltr'>‚cie</span> <span class='ocrx_word' id='word_1_273' title='bbox 250 1598 284 1634; x_wconf 83' lang='lat' dir='ltr'>C.</span> <span class='ocrx_word' id='word_1_274' title='bbox 311 1596 358 1633; x_wconf 83' lang='lat' dir='ltr'>E.</span> <span class='ocrx_word' id='word_1_275' title='bbox 391 1594 428 1631; x_wconf 59' lang='grc' dir='ltr'>ὅ)</span> <span class='ocrx_word' id='word_1_276' title='bbox 451 1593 493 1627; x_wconf 92' lang='lat' dir='ltr'>V.</span> <span class='ocrx_word' id='word_1_277' title='bbox 519 1603 579 1636; x_wconf 87' lang='lat' dir='ltr'>qua</span> <span class='ocrx_word' id='word_1_278' title='bbox 600 1592 639 1624; x_wconf 86' lang='lat' dir='ltr'>de</span> <span class='ocrx_word' id='word_1_279' title='bbox 657 1591 758 1632; x_wconf 74' lang='lat' dir='ltr'>Capite</span> <span class='ocrx_word' id='word_1_280' title='bbox 770 1591 901 1631; x_wconf 78' lang='lat' dir='ltr'>proxima</span> 
     </span>
     <span class='ocr_line' id='line_1_37' title="bbox 35 1638 284 1675; baseline -0.02 0"><span class='ocrx_word' id='word_1_281' title='bbox 35 1641 149 1675; x_wconf 64' lang='lat' dir='ltr'>diduri</span> <span class='ocrx_word' id='word_1_282' title='bbox 168 1638 284 1672; x_wconf 78' lang='lat' dir='ltr'>sumus.</span> 
     </span>
    </p>

    <p class='ocr_par' dir='ltr' id='par_1_5' title="bbox 34 1673 906 2009">
     <span class='ocr_line' id='line_1_38' title="bbox 79 1673 903 1720; baseline -0.015 -4"><span class='ocrx_word' id='word_1_283' title='bbox 79 1683 133 1716; x_wconf 92' lang='lat' dir='ltr'>Sic</span> <span class='ocrx_word' id='word_1_284' title='bbox 155 1681 308 1713; x_wconf 80' lang='lat' dir='ltr'>ha.‚emus</span> <span class='ocrx_word' id='word_1_285' title='bbox 331 1678 396 1711; x_wconf 91' lang='lat' dir='ltr'>duo</span> <span class='ocrx_word' id='word_1_286' title='bbox 422 1677 504 1720; x_wconf 87' lang='lat' dir='ltr'>Juris</span> <span class='ocrx_word' id='word_1_287' title='bbox 525 1677 652 1710; x_wconf 85' lang='lat' dir='ltr'>decreta</span> <span class='ocrx_word' id='word_1_288' title='bbox 669 1699 680 1716; x_wconf 92' lang='lat'>,</span> <span class='ocrx_word' id='word_1_289' title='bbox 712 1685 753 1707; x_wconf 86' lang='lat' dir='ltr'>ex</span> <span class='ocrx_word' id='word_1_290' title='bbox 769 1673 860 1716; x_wconf 73' lang='lat' dir='ltr'>pacto</span> <span class='ocrx_word' id='word_1_291' title='bbox 874 1682 903 1705; x_wconf 88' lang='lat' dir='ltr'>a·</span> 
     </span>
     <span class='ocr_line' id='line_1_39' title="bbox 34 1716 905 1760; baseline -0.014 -2"><span class='ocrx_word' id='word_1_292' title='bbox 34 1725 174 1759; x_wconf 69' lang='lat' dir='ltr'>&amp;ionem</span> <span class='ocrx_word' id='word_1_293' title='bbox 192 1732 256 1755; x_wconf 91' lang='lat' dir='ltr'>non</span> <span class='ocrx_word' id='word_1_294' title='bbox 270 1721 359 1760; x_wconf 89' lang='lat' dir='ltr'>dari,</span> <span class='ocrx_word' id='word_1_295' title='bbox 383 1720 412 1753; x_wconf 87' lang='lat'>&amp;</span> <span class='ocrx_word' id='word_1_296' title='bbox 429 1729 532 1752; x_wconf 83' lang='lat' dir='ltr'>tamen</span> <span class='ocrx_word' id='word_1_297' title='bbox 552 1718 636 1758; x_wconf 89' lang='lat' dir='ltr'>dari,</span> <span class='ocrx_word' id='word_1_298' title='bbox 667 1717 690 1750; x_wconf 85' lang='lat' dir='ltr'><strong>fi</strong></span> <span class='ocrx_word' id='word_1_299' title='bbox 705 1717 740 1749; x_wconf 91' lang='grc' dir='ltr'>Β.</span> <span class='ocrx_word' id='word_1_300' title='bbox 755 1716 790 1749; x_wconf 92' lang='lat' dir='ltr'>F.</span> <span class='ocrx_word' id='word_1_301' title='bbox 812 1724 905 1757; x_wconf 86' lang='lat' dir='ltr'>nego-</span> 
     </span>
     <span class='ocr_line' id='line_1_40' title="bbox 39 1759 905 1805; baseline -0.015 -5"><span class='ocrx_word' id='word_1_302' title='bbox 39 1767 95 1800; x_wconf 90' lang='lat' dir='ltr'>tiis</span> <span class='ocrx_word' id='word_1_303' title='bbox 109 1770 206 1800; x_wconf 66' lang='grc' dir='ltr'><strong><em>ἁμέως</em></strong></span> <span class='ocrx_word' id='word_1_304' title='bbox 223 1764 372 1805; x_wconf 82' lang='lat' dir='ltr'>jungatur</span> <span class='ocrx_word' id='word_1_305' title='bbox 389 1774 396 1794; x_wconf 92' lang='lat'><strong>:</strong></span> <span class='ocrx_word' id='word_1_306' title='bbox 421 1762 451 1793; x_wconf 91' lang='lat'>&amp;</span> <span class='ocrx_word' id='word_1_307' title='bbox 468 1762 536 1794; x_wconf 88' lang='lat' dir='ltr'>haec</span> <span class='ocrx_word' id='word_1_308' title='bbox 551 1761 630 1793; x_wconf 90' lang='lat' dir='ltr'>adeo</span> <span class='ocrx_word' id='word_1_309' title='bbox 650 1767 736 1791; x_wconf 89' lang='lat' dir='ltr'>certa</span> <span class='ocrx_word' id='word_1_310' title='bbox 753 1759 782 1790; x_wconf 82' lang='lat'>&amp;</span> <span class='ocrx_word' id='word_1_311' title='bbox 796 1760 905 1802; x_wconf 83' lang='lat' dir='ltr'>explo-</span> 
     </span>
     <span class='ocr_line' id='line_1_41' title="bbox 37 1799 905 1846; baseline -0.016 -4"><span class='ocrx_word' id='word_1_312' title='bbox 37 1815 123 1846; x_wconf 85' lang='lat' dir='ltr'>rata,</span> <span class='ocrx_word' id='word_1_313' title='bbox 141 1815 177 1838; x_wconf 90' lang='lat' dir='ltr'>ut</span> <span class='ocrx_word' id='word_1_314' title='bbox 196 1814 309 1837; x_wconf 85' lang='lat' dir='ltr'>eorum</span> <span class='ocrx_word' id='word_1_315' title='bbox 326 1804 492 1836; x_wconf 85' lang='lat' dir='ltr'>veritatem</span> <span class='ocrx_word' id='word_1_316' title='bbox 509 1812 573 1835; x_wconf 91' lang='lat' dir='ltr'>non</span> <span class='ocrx_word' id='word_1_317' title='bbox 599 1799 773 1834; x_wconf 88' lang='lat' dir='ltr'>Carneades</span> <span class='ocrx_word' id='word_1_318' title='bbox 793 1799 905 1840; x_wconf 78' lang='lat' dir='ltr'>aliquis</span> 
     </span>
     <span class='ocr_line' id='line_1_42' title="bbox 38 1843 904 1893; baseline -0.013 -12"><span class='ocrx_word' id='word_1_319' title='bbox 38 1849 132 1893; x_wconf 85' lang='lat' dir='ltr'>poffit</span> <span class='ocrx_word' id='word_1_320' title='bbox 158 1846 343 1887; x_wconf 84' lang='lat' dir='ltr'>infringere.</span> <span class='ocrx_word' id='word_1_321' title='bbox 395 1845 515 1876; x_wconf 90' lang='lat' dir='ltr'>Verum</span> <span class='ocrx_word' id='word_1_322' title='bbox 540 1843 623 1876; x_wconf 87' lang='lat' dir='ltr'>enim</span> <span class='ocrx_word' id='word_1_323' title='bbox 646 1851 722 1873; x_wconf 89' lang='lat' dir='ltr'>vero</span> <span class='ocrx_word' id='word_1_324' title='bbox 739 1865 749 1881; x_wconf 90' lang='lat'>,</span> <span class='ocrx_word' id='word_1_325' title='bbox 783 1850 820 1872; x_wconf 89' lang='lat' dir='ltr'>an</span> <span class='ocrx_word' id='word_1_326' title='bbox 842 1849 904 1885; x_wconf 64' lang='lat' dir='ltr'>ea,</span> 
     </span>
     <span class='ocr_line' id='line_1_43' title="bbox 41 1881 906 1933; baseline -0.013 -10"><span class='ocrx_word' id='word_1_327' title='bbox 41 1893 111 1933; x_wconf 71' lang='lat' dir='ltr'>qiiae</span> <span class='ocrx_word' id='word_1_328' title='bbox 127 1889 168 1924; x_wconf 84' lang='lat' dir='ltr'>de</span> <span class='ocrx_word' id='word_1_329' title='bbox 185 1888 286 1930; x_wconf 72' lang='lat' dir='ltr'>patus</span> <span class='ocrx_word' id='word_1_330' title='bbox 300 1886 521 1919; x_wconf 81' lang='lat' dir='ltr'>exconcinenti</span> <span class='ocrx_word' id='word_1_331' title='bbox 541 1885 610 1917; x_wconf 84' lang='lat' dir='ltr'>fidei</span> <span class='ocrx_word' id='word_1_332' title='bbox 630 1883 724 1915; x_wconf 84' lang='lat' dir='ltr'>bonae</span> <span class='ocrx_word' id='word_1_333' title='bbox 739 1881 906 1914; x_wconf 68' lang='lat' dir='ltr'>contracti-</span> 
     </span>
     <span class='ocr_line' id='line_1_44' title="bbox 39 1923 904 1971; baseline -0.012 -7"><span class='ocrx_word' id='word_1_334' title='bbox 39 1932 98 1968; x_wconf 83' lang='lat' dir='ltr'>bus</span> <span class='ocrx_word' id='word_1_335' title='bbox 115 1928 504 1971; x_wconf 81' lang='lat' dir='ltr'>additispraedicavimus,</span> <span class='ocrx_word' id='word_1_336' title='bbox 528 1927 622 1958; x_wconf 86' lang='lat' dir='ltr'>etiam</span> <span class='ocrx_word' id='word_1_337' title='bbox 641 1925 672 1956; x_wconf 92' lang='lat' dir='ltr'>in</span> <span class='ocrx_word' id='word_1_338' title='bbox 690 1925 745 1964; x_wconf 91' lang='lat' dir='ltr'>iis,</span> <span class='ocrx_word' id='word_1_339' title='bbox 769 1933 840 1966; x_wconf 85' lang='lat' dir='ltr'>quae</span> <span class='ocrx_word' id='word_1_340' title='bbox 859 1923 904 1963; x_wconf 88' lang='lat' dir='ltr'>ju-</span> 
     </span>
     <span class='ocr_line' id='line_1_45' title="bbox 41 1964 905 2009; baseline -0.013 -3"><span class='ocrx_word' id='word_1_341' title='bbox 41 1973 84 2007; x_wconf 81' lang='lat' dir='ltr'>ris</span> <span class='ocrx_word' id='word_1_342' title='bbox 99 1971 196 2004; x_wconf 61' lang='lat' dir='ltr'>stricti</span> <span class='ocrx_word' id='word_1_343' title='bbox 214 1970 308 2009; x_wconf 88' lang='lat' dir='ltr'>sunt,</span> <span class='ocrx_word' id='word_1_344' title='bbox 331 1970 439 2001; x_wconf 90' lang='lat' dir='ltr'>locum</span> <span class='ocrx_word' id='word_1_345' title='bbox 457 1969 609 2006; x_wconf 86' lang='lat' dir='ltr'>habeant,</span> <span class='ocrx_word' id='word_1_346' title='bbox 637 1966 788 1998; x_wconf 86' lang='lat' dir='ltr'>acerrima</span> <span class='ocrx_word' id='word_1_347' title='bbox 809 1964 905 1996; x_wconf 78' lang='lat' dir='ltr'>Inter-</span> 
     </span>
    </p>

    <p class='ocr_par' dir='ltr' id='par_1_6' title="bbox 63 2003 902 2052">
     <span class='ocr_line' id='line_1_46' title="bbox 63 2003 902 2052; baseline -0.012 -6"><span class='ocrx_word' id='word_1_348' title='bbox 63 2020 165 2048; x_wconf 86' lang='lat' dir='ltr'>retum</span> <span class='ocrx_word' id='word_1_349' title='bbox 178 2012 348 2044; x_wconf 90' lang='lat' dir='ltr'>contentio</span> <span class='ocrx_word' id='word_1_350' title='bbox 369 2010 489 2052; x_wconf 77' lang='lat' dir='ltr'>semper</span> <span class='ocrx_word' id='word_1_351' title='bbox 504 2009 586 2048; x_wconf 89' lang='lat' dir='ltr'>fuit,</span> <span class='ocrx_word' id='word_1_352' title='bbox 612 2008 642 2040; x_wconf 68' lang='grc' dir='ltr'>ὅ(</span> <span class='ocrx_word' id='word_1_353' title='bbox 659 2007 834 2038; x_wconf 84' lang='lat' dir='ltr'>adhucdum</span> <span class='ocrx_word' id='word_1_354' title='bbox 850 2003 902 2037; x_wconf 92' lang='lat' dir='ltr'>est.</span> 
     </span>
    </p>

    <p class='ocr_par' dir='ltr' id='par_1_7' title="bbox 42 2047 908 2212">
     <span class='ocr_line' id='line_1_47' title="bbox 69 2047 904 2094; baseline -0.012 -6"><span class='ocrx_word' id='word_1_355' title='bbox 69 2056 151 2088; x_wconf 83' lang='lat' dir='ltr'>lacet</span> <span class='ocrx_word' id='word_1_356' title='bbox 166 2056 282 2088; x_wconf 49' lang='lat' dir='ltr'>eorum*</span> <span class='ocrx_word' id='word_1_357' title='bbox 304 2052 472 2094; x_wconf 79' lang='lat' dir='ltr'>opiniones</span> <span class='ocrx_word' id='word_1_358' title='bbox 495 2051 636 2092; x_wconf 79' lang='lat' dir='ltr'>digerere</span> <span class='ocrx_word' id='word_1_359' title='bbox 656 2049 687 2080; x_wconf 87' lang='lat' dir='ltr'>in</span> <span class='ocrx_word' id='word_1_360' title='bbox 707 2057 769 2080; x_wconf 88' lang='lat' dir='ltr'>tres</span> <span class='ocrx_word' id='word_1_361' title='bbox 787 2047 904 2079; x_wconf 81' lang='lat' dir='ltr'>claffes.</span> 
     </span>
     <span class='ocr_line' id='line_1_48' title="bbox 42 2088 907 2130; baseline -0.013 0"><span class='ocrx_word' id='word_1_362' title='bbox 42 2096 148 2130; x_wconf 83' lang='lat' dir='ltr'>Prima</span> <span class='ocrx_word' id='word_1_363' title='bbox 172 2094 218 2130; x_wconf 83' lang='lat' dir='ltr'>est</span> <span class='ocrx_word' id='word_1_364' title='bbox 242 2095 420 2129; x_wconf 84' lang='lat' dir='ltr'>communis</span> <span class='ocrx_word' id='word_1_365' title='bbox 440 2091 515 2124; x_wconf 89' lang='lat' dir='ltr'>DD.</span> <span class='ocrx_word' id='word_1_366' title='bbox 534 2091 681 2128; x_wconf 72' lang='lat' dir='ltr'>scholae,</span> <span class='ocrx_word' id='word_1_367' title='bbox 705 2099 775 2130; x_wconf 86' lang='lat' dir='ltr'>quae</span> <span class='ocrx_word' id='word_1_368' title='bbox 791 2089 822 2120; x_wconf 91' lang='lat' dir='ltr'>in</span> <span class='ocrx_word' id='word_1_369' title='bbox 841 2088 907 2120; x_wconf 86' lang='lat' dir='ltr'>stri-</span> 
     </span>
     <span class='ocr_line' id='line_1_49' title="bbox 43 2130 906 2175; baseline -0.012 -5"><span class='ocrx_word' id='word_1_370' title='bbox 43 2137 103 2170; x_wconf 68' lang='lat' dir='ltr'>&amp;is</span> <span class='ocrx_word' id='word_1_371' title='bbox 117 2135 331 2173; x_wconf 62' lang='lat' dir='ltr'>contractibus</span> <span class='ocrx_word' id='word_1_372' title='bbox 348 2136 418 2166; x_wconf 86' lang='lat' dir='ltr'>haec</span> <span class='ocrx_word' id='word_1_373' title='bbox 434 2132 517 2175; x_wconf 85' lang='lat' dir='ltr'>ipsa,</span> <span class='ocrx_word' id='word_1_374' title='bbox 543 2140 637 2174; x_wconf 89' lang='lat' dir='ltr'>prout</span> <span class='ocrx_word' id='word_1_375' title='bbox 654 2132 685 2163; x_wconf 89' lang='lat' dir='ltr'>in</span> <span class='ocrx_word' id='word_1_376' title='bbox 702 2131 795 2162; x_wconf 83' lang='lat' dir='ltr'>bonae</span> <span class='ocrx_word' id='word_1_377' title='bbox 815 2130 906 2168; x_wconf 89' lang='lat' dir='ltr'>fidei,</span> 
     </span>
     <span class='ocr_line' id='line_1_50' title="bbox 43 2171 908 2212; baseline -0.013 0"><span class='ocrx_word' id='word_1_378' title='bbox 43 2177 195 2212; x_wconf 78' lang='lat' dir='ltr'>servanda</span> <span class='ocrx_word' id='word_1_379' title='bbox 219 2176 282 2209; x_wconf 84' lang='lat' dir='ltr'>esse</span> <span class='ocrx_word' id='word_1_380' title='bbox 305 2176 481 2208; x_wconf 84' lang='lat' dir='ltr'>contendit.</span> <span class='ocrx_word' id='word_1_381' title='bbox 525 2173 666 2207; x_wconf 89' lang='lat' dir='ltr'>Secunda</span> <span class='ocrx_word' id='word_1_382' title='bbox 691 2171 736 2204; x_wconf 90' lang='lat' dir='ltr'>est</span> <span class='ocrx_word' id='word_1_383' title='bbox 751 2172 878 2203; x_wconf 88' lang='lat' dir='ltr'>illorum</span> <span class='ocrx_word' id='word_1_384' title='bbox 896 2192 908 2209; x_wconf 89' lang='lat'>,</span> 
     </span>
    </p>

    <p class='ocr_par' dir='ltr' id='par_1_8' title="bbox 41 2214 920 3251">
     <span class='ocr_line' id='line_1_51' title="bbox 69 2214 910 2260; baseline -0.01 -9"><span class='ocrx_word' id='word_1_385' title='bbox 69 2219 99 2251; x_wconf 90' lang='lat' dir='ltr'>ui</span> <span class='ocrx_word' id='word_1_386' title='bbox 115 2218 204 2260; x_wconf 70' lang='lat' dir='ltr'>pasta</span> <span class='ocrx_word' id='word_1_387' title='bbox 218 2216 396 2258; x_wconf 82' lang='lat' dir='ltr'>dispescunt</span> <span class='ocrx_word' id='word_1_388' title='bbox 414 2218 446 2248; x_wconf 88' lang='lat' dir='ltr'>in</span> <span class='ocrx_word' id='word_1_389' title='bbox 462 2216 647 2248; x_wconf 79' lang='lat' dir='ltr'>detrahentia</span> <span class='ocrx_word' id='word_1_390' title='bbox 667 2214 696 2246; x_wconf 86' lang='lat'>&amp;</span> <span class='ocrx_word' id='word_1_391' title='bbox 711 2214 886 2255; x_wconf 80' lang='lat' dir='ltr'>adjicientia</span> <span class='ocrx_word' id='word_1_392' title='bbox 898 2234 910 2249; x_wconf 93' lang='lat'>,</span> 
     </span>
     <span class='ocr_line' id='line_1_52' title="bbox 58 2253 908 2300; baseline -0.008 -8"><span class='ocrx_word' id='word_1_393' title='bbox 58 2269 128 2299; x_wconf 83' lang='lat' dir='ltr'>ive,</span> <span class='ocrx_word' id='word_1_394' title='bbox 153 2258 239 2300; x_wconf 87' lang='lat' dir='ltr'>quod</span> <span class='ocrx_word' id='word_1_395' title='bbox 253 2258 361 2290; x_wconf 87' lang='lat' dir='ltr'>eodem</span> <span class='ocrx_word' id='word_1_396' title='bbox 385 2254 454 2289; x_wconf 83' lang='lat' dir='ltr'>fere</span> <span class='ocrx_word' id='word_1_397' title='bbox 473 2257 555 2289; x_wconf 87' lang='lat' dir='ltr'>redit</span> <span class='ocrx_word' id='word_1_398' title='bbox 576 2257 632 2297; x_wconf 84' lang='lat' dir='ltr'>(ut</span> <span class='ocrx_word' id='word_1_399' title='bbox 648 2255 769 2287; x_wconf 89' lang='lat' dir='ltr'>dicetur</span> <span class='ocrx_word' id='word_1_400' title='bbox 794 2255 825 2286; x_wconf 93' lang='lat' dir='ltr'>C.</span> <span class='ocrx_word' id='word_1_401' title='bbox 846 2253 908 2295; x_wconf 87' lang='lat' dir='ltr'>V.)</span> 
     </span>
     <span class='ocr_line' id='line_1_53' title="bbox 45 2297 904 2341; baseline -0.009 -7"><span class='ocrx_word' id='word_1_402' title='bbox 45 2303 79 2335; x_wconf 90' lang='lat' dir='ltr'>in</span> <span class='ocrx_word' id='word_1_403' title='bbox 94 2310 151 2340; x_wconf 90' lang='lat' dir='ltr'>ea,</span> <span class='ocrx_word' id='word_1_404' title='bbox 184 2309 256 2341; x_wconf 83' lang='lat' dir='ltr'>quae</span> <span class='ocrx_word' id='word_1_405' title='bbox 284 2299 330 2331; x_wconf 89' lang='lat' dir='ltr'>rei</span> <span class='ocrx_word' id='word_1_406' title='bbox 347 2299 399 2330; x_wconf 86' lang='lat' dir='ltr'>vel</span> <span class='ocrx_word' id='word_1_407' title='bbox 415 2298 528 2330; x_wconf 66' lang='lat' dir='ltr'>actoris</span> <span class='ocrx_word' id='word_1_408' title='bbox 544 2297 672 2339; x_wconf 85' lang='lat' dir='ltr'>gratiam</span> <span class='ocrx_word' id='word_1_409' title='bbox 689 2304 904 2335; x_wconf 87' lang='lat' dir='ltr'>concernunt,</span> 
     </span>
     <span class='ocr_line' id='line_1_54' title="bbox 44 2337 905 2378; baseline -0.007 -4"><span class='ocrx_word' id='word_1_410' title='bbox 44 2351 84 2378; x_wconf 89' lang='lat' dir='ltr'>ut</span> <span class='ocrx_word' id='word_1_411' title='bbox 101 2341 168 2373; x_wconf 92' lang='lat' dir='ltr'>scil.</span> <span class='ocrx_word' id='word_1_412' title='bbox 184 2340 270 2373; x_wconf 81' lang='lat' dir='ltr'>istaec</span> <span class='ocrx_word' id='word_1_413' title='bbox 285 2340 399 2378; x_wconf 75' lang='lat' dir='ltr'>insint,</span> <span class='ocrx_word' id='word_1_414' title='bbox 423 2339 492 2371; x_wconf 88' lang='lat' dir='ltr'>haec</span> <span class='ocrx_word' id='word_1_415' title='bbox 508 2348 571 2370; x_wconf 93' lang='lat' dir='ltr'>non</span> <span class='ocrx_word' id='word_1_416' title='bbox 589 2340 676 2370; x_wconf 89' lang='lat' dir='ltr'>item.</span> <span class='ocrx_word' id='word_1_417' title='bbox 698 2337 812 2369; x_wconf 86' lang='lat' dir='ltr'>Tertia</span> <span class='ocrx_word' id='word_1_418' title='bbox 830 2338 905 2369; x_wconf 87' lang='lat' dir='ltr'>clas-</span> 
     </span>
     <span class='ocr_line' id='line_1_55' title="bbox 45 2378 908 2424; baseline -0.008 -8"><span class='ocrx_word' id='word_1_419' title='bbox 45 2384 86 2421; x_wconf 80' lang='lat' dir='ltr'>fis</span> <span class='ocrx_word' id='word_1_420' title='bbox 100 2382 337 2424; x_wconf 81' lang='lat' dir='ltr'>stipulationem</span> <span class='ocrx_word' id='word_1_421' title='bbox 354 2391 372 2413; x_wconf 89' lang='lat' dir='ltr'>a</span> <span class='ocrx_word' id='word_1_422' title='bbox 387 2381 510 2412; x_wconf 84' lang='lat' dir='ltr'>caeteris</span> <span class='ocrx_word' id='word_1_423' title='bbox 525 2379 606 2420; x_wconf 85' lang='lat' dir='ltr'>Juris</span> <span class='ocrx_word' id='word_1_424' title='bbox 625 2378 721 2411; x_wconf 60' lang='lat' dir='ltr'>stricti</span> <span class='ocrx_word' id='word_1_425' title='bbox 740 2378 908 2410; x_wconf 69' lang='lat' dir='ltr'>contracti-</span> 
     </span>
     <span class='ocr_line' id='line_1_56' title="bbox 46 2420 908 2465; baseline -0.008 -8"><span class='ocrx_word' id='word_1_426' title='bbox 46 2424 266 2465; x_wconf 83' lang='lat' dir='ltr'>busexcipit,</span> <span class='ocrx_word' id='word_1_427' title='bbox 289 2431 326 2455; x_wconf 88' lang='lat' dir='ltr'>ut</span> <span class='ocrx_word' id='word_1_428' title='bbox 344 2422 419 2454; x_wconf 91' lang='lat' dir='ltr'>huic</span> <span class='ocrx_word' id='word_1_429' title='bbox 451 2422 538 2463; x_wconf 64' lang='lat' dir='ltr'>pafta</span> <span class='ocrx_word' id='word_1_430' title='bbox 553 2420 664 2460; x_wconf 74' lang='lat' dir='ltr'>insint,</span> <span class='ocrx_word' id='word_1_431' title='bbox 687 2429 750 2451; x_wconf 91' lang='lat' dir='ltr'>non</span> <span class='ocrx_word' id='word_1_432' title='bbox 765 2420 860 2451; x_wconf 88' lang='lat' dir='ltr'>etiam</span> <span class='ocrx_word' id='word_1_433' title='bbox 879 2429 908 2451; x_wconf 86' lang='lat' dir='ltr'>a-</span> 
     </span>
     <span class='ocr_line' id='line_1_57' title="bbox 41 2460 908 2505; baseline -0.009 -6"><span class='ocrx_word' id='word_1_434' title='bbox 41 2466 105 2503; x_wconf 81' lang='lat' dir='ltr'>liis.</span> <span class='ocrx_word' id='word_1_435' title='bbox 149 2466 230 2498; x_wconf 87' lang='lat' dir='ltr'>Sunt</span> <span class='ocrx_word' id='word_1_436' title='bbox 246 2472 399 2505; x_wconf 86' lang='lat' dir='ltr'>praeterea</span> <span class='ocrx_word' id='word_1_437' title='bbox 417 2463 585 2504; x_wconf 89' lang='lat' dir='ltr'>opiniones</span> <span class='ocrx_word' id='word_1_438' title='bbox 598 2461 792 2503; x_wconf 86' lang='lat' dir='ltr'>quorundam</span> <span class='ocrx_word' id='word_1_439' title='bbox 809 2460 908 2502; x_wconf 80' lang='lat' dir='ltr'>singu-</span> 
     </span>
     <span class='ocr_line' id='line_1_58' title="bbox 47 2501 909 2546; baseline -0.009 -5"><span class='ocrx_word' id='word_1_440' title='bbox 47 2510 128 2543; x_wconf 87' lang='lat' dir='ltr'>lares</span> <span class='ocrx_word' id='word_1_441' title='bbox 145 2530 155 2546; x_wconf 91' lang='lat'>‚</span> <span class='ocrx_word' id='word_1_442' title='bbox 186 2505 239 2538; x_wconf 90' lang='lat' dir='ltr'>sed</span> <span class='ocrx_word' id='word_1_443' title='bbox 268 2515 338 2545; x_wconf 83' lang='lat' dir='ltr'>eas,</span> <span class='ocrx_word' id='word_1_444' title='bbox 370 2505 444 2546; x_wconf 89' lang='lat' dir='ltr'>quia</span> <span class='ocrx_word' id='word_1_445' title='bbox 466 2504 579 2536; x_wconf 67' lang='lat' dir='ltr'>sedam</span> <span class='ocrx_word' id='word_1_446' title='bbox 605 2513 669 2535; x_wconf 92' lang='lat' dir='ltr'>non</span> <span class='ocrx_word' id='word_1_447' title='bbox 693 2501 854 2541; x_wconf 89' lang='lat' dir='ltr'>condunt,</span> <span class='ocrx_word' id='word_1_448' title='bbox 877 2503 909 2534; x_wconf 90' lang='lat' dir='ltr'>in</span> 
     </span>
     <span class='ocr_line' id='line_1_59' title="bbox 46 2542 909 2584; baseline -0.012 0"><span class='ocrx_word' id='word_1_449' title='bbox 46 2547 157 2584; x_wconf 85' lang='lat' dir='ltr'>claffes</span> <span class='ocrx_word' id='word_1_450' title='bbox 175 2557 241 2579; x_wconf 90' lang='lat' dir='ltr'>non</span> <span class='ocrx_word' id='word_1_451' title='bbox 255 2547 448 2579; x_wconf 86' lang='lat' dir='ltr'>deducimus.</span> <span class='ocrx_word' id='word_1_452' title='bbox 492 2544 584 2584; x_wconf 89' lang='lat' dir='ltr'>Nos,</span> <span class='ocrx_word' id='word_1_453' title='bbox 607 2552 644 2576; x_wconf 92' lang='lat' dir='ltr'>ut</span> <span class='ocrx_word' id='word_1_454' title='bbox 665 2542 806 2576; x_wconf 87' lang='lat' dir='ltr'>constare</span> <span class='ocrx_word' id='word_1_455' title='bbox 822 2550 909 2584; x_wconf 88' lang='lat' dir='ltr'>pote-</span> 
     </span>
     <span class='ocr_line' id='line_1_60' title="bbox 49 2584 910 2630; baseline -0.006 -9"><span class='ocrx_word' id='word_1_456' title='bbox 49 2592 94 2624; x_wconf 82' lang='lat' dir='ltr'>rit</span> <span class='ocrx_word' id='word_1_457' title='bbox 109 2589 221 2627; x_wconf 85' lang='lat' dir='ltr'>exiis,</span> <span class='ocrx_word' id='word_1_458' title='bbox 243 2598 313 2630; x_wconf 87' lang='lat' dir='ltr'>quae</span> <span class='ocrx_word' id='word_1_459' title='bbox 322 2588 358 2620; x_wconf 84' lang='lat' dir='ltr'>ad</span> <span class='ocrx_word' id='word_1_460' title='bbox 370 2588 390 2620; x_wconf 87' lang='lat' dir='ltr'>l.</span> <span class='ocrx_word' id='word_1_461' title='bbox 402 2586 496 2619; x_wconf 62' lang='lat' dir='ltr'>Lesta</span> <span class='ocrx_word' id='word_1_462' title='bbox 503 2609 516 2626; x_wconf 89' lang='lat'>,</span> <span class='ocrx_word' id='word_1_463' title='bbox 538 2585 772 2627; x_wconf 87' lang='lat' dir='ltr'>supposuimus,</span> <span class='ocrx_word' id='word_1_464' title='bbox 796 2584 910 2626; x_wconf 85' lang='lat' dir='ltr'>simpli-</span> 
     </span>
     <span class='ocr_line' id='line_1_61' title="bbox 49 2627 910 2670; baseline -0.008 -6"><span class='ocrx_word' id='word_1_465' title='bbox 49 2631 133 2664; x_wconf 79' lang='lat' dir='ltr'>citer</span> <span class='ocrx_word' id='word_1_466' title='bbox 160 2629 373 2662; x_wconf 77' lang='lat' dir='ltr'>existimamus</span> <span class='ocrx_word' id='word_1_467' title='bbox 388 2652 400 2668; x_wconf 93' lang='lat'>,</span> <span class='ocrx_word' id='word_1_468' title='bbox 432 2629 540 2670; x_wconf 66' lang='lat' dir='ltr'>paeta,</span> <span class='ocrx_word' id='word_1_469' title='bbox 562 2627 718 2659; x_wconf 89' lang='lat' dir='ltr'>continuo</span> <span class='ocrx_word' id='word_1_470' title='bbox 738 2627 814 2658; x_wconf 88' lang='lat' dir='ltr'>licet</span> <span class='ocrx_word' id='word_1_471' title='bbox 829 2627 910 2667; x_wconf 87' lang='lat' dir='ltr'>adje-</span> 
     </span>
     <span class='ocr_line' id='line_1_62' title="bbox 50 2668 912 2710; baseline -0.008 -4"><span class='ocrx_word' id='word_1_472' title='bbox 50 2673 121 2710; x_wconf 60' lang='grc' dir='ltr'>ὼ,</span> <span class='ocrx_word' id='word_1_473' title='bbox 141 2670 237 2703; x_wconf 85' lang='lat' dir='ltr'>nullis</span> <span class='ocrx_word' id='word_1_474' title='bbox 255 2671 385 2702; x_wconf 88' lang='lat' dir='ltr'>omnino</span> <span class='ocrx_word' id='word_1_475' title='bbox 402 2670 498 2703; x_wconf 85' lang='lat' dir='ltr'>ineffe</span> <span class='ocrx_word' id='word_1_476' title='bbox 516 2670 548 2702; x_wconf 91' lang='lat' dir='ltr'>S.</span> <span class='ocrx_word' id='word_1_477' title='bbox 563 2669 589 2710; x_wconf 92' lang='lat' dir='ltr'>J.</span> <span class='ocrx_word' id='word_1_478' title='bbox 606 2668 838 2707; x_wconf 69' lang='lat' dir='ltr'>contractibus,</span> <span class='ocrx_word' id='word_1_479' title='bbox 850 2668 912 2699; x_wconf 90' lang='lat' dir='ltr'>hoc</span> 
     </span>
     <span class='ocr_line' id='line_1_63' title="bbox 50 2710 912 2752; baseline -0.006 -7"><span class='ocrx_word' id='word_1_480' title='bbox 50 2713 117 2751; x_wconf 86' lang='lat' dir='ltr'>est,</span> <span class='ocrx_word' id='word_1_481' title='bbox 140 2720 199 2743; x_wconf 90' lang='lat' dir='ltr'>nec</span> <span class='ocrx_word' id='word_1_482' title='bbox 214 2711 368 2743; x_wconf 66' lang='lat' dir='ltr'>aaronem</span> <span class='ocrx_word' id='word_1_483' title='bbox 382 2711 421 2743; x_wconf 89' lang='lat' dir='ltr'>de</span> <span class='ocrx_word' id='word_1_484' title='bbox 437 2720 526 2743; x_wconf 89' lang='lat' dir='ltr'>novo</span> <span class='ocrx_word' id='word_1_485' title='bbox 542 2710 717 2752; x_wconf 90' lang='lat' dir='ltr'>producere</span> <span class='ocrx_word' id='word_1_486' title='bbox 731 2733 741 2749; x_wconf 97' lang='lat'>,</span> <span class='ocrx_word' id='word_1_487' title='bbox 766 2718 824 2741; x_wconf 79' lang='lat' dir='ltr'>nec</span> <span class='ocrx_word' id='word_1_488' title='bbox 841 2718 912 2750; x_wconf 91' lang='lat' dir='ltr'>pro-</span> 
     </span>
     <span class='ocr_line' id='line_1_64' title="bbox 49 2751 914 2793; baseline -0.005 -7"><span class='ocrx_word' id='word_1_489' title='bbox 49 2754 175 2788; x_wconf 75' lang='lat' dir='ltr'>ductam</span> <span class='ocrx_word' id='word_1_490' title='bbox 200 2752 254 2784; x_wconf 85' lang='lat' dir='ltr'>vel</span> <span class='ocrx_word' id='word_1_491' title='bbox 279 2752 311 2784; x_wconf 89' lang='lat' dir='ltr'>in</span> <span class='ocrx_word' id='word_1_492' title='bbox 332 2760 454 2792; x_wconf 86' lang='lat' dir='ltr'>totum,</span> <span class='ocrx_word' id='word_1_493' title='bbox 476 2752 530 2784; x_wconf 90' lang='lat' dir='ltr'>vel</span> <span class='ocrx_word' id='word_1_494' title='bbox 546 2761 604 2793; x_wconf 92' lang='lat' dir='ltr'>pro</span> <span class='ocrx_word' id='word_1_495' title='bbox 623 2759 709 2793; x_wconf 88' lang='lat' dir='ltr'>parte</span> <span class='ocrx_word' id='word_1_496' title='bbox 729 2751 858 2782; x_wconf 88' lang='lat' dir='ltr'>tollere:</span> <span class='ocrx_word' id='word_1_497' title='bbox 882 2757 914 2782; x_wconf 86' lang='lat' dir='ltr'>at</span> 
     </span>
     <span class='ocr_line' id='line_1_65' title="bbox 51 2791 913 2835; baseline -0.006 -7"><span class='ocrx_word' id='word_1_498' title='bbox 51 2804 133 2828; x_wconf 87' lang='lat' dir='ltr'>vero</span> <span class='ocrx_word' id='word_1_499' title='bbox 159 2792 221 2825; x_wconf 88' lang='lat' dir='ltr'>suis</span> <span class='ocrx_word' id='word_1_500' title='bbox 244 2800 391 2833; x_wconf 85' lang='lat' dir='ltr'>oportere</span> <span class='ocrx_word' id='word_1_501' title='bbox 414 2793 656 2835; x_wconf 82' lang='lat' dir='ltr'>exceptionibus</span> <span class='ocrx_word' id='word_1_502' title='bbox 669 2791 732 2824; x_wconf 86' lang='lat' dir='ltr'>esse</span> <span class='ocrx_word' id='word_1_503' title='bbox 753 2799 913 2824; x_wconf 86' lang='lat' dir='ltr'>contenta.</span> 
     </span>
     <span class='ocr_line' id='line_1_66' title="bbox 53 2833 915 2875; baseline -0.003 -7"><span class='ocrx_word' id='word_1_504' title='bbox 53 2836 132 2871; x_wconf 83' lang='lat' dir='ltr'>Hoc</span> <span class='ocrx_word' id='word_1_505' title='bbox 150 2842 186 2866; x_wconf 91' lang='lat' dir='ltr'>ut</span> <span class='ocrx_word' id='word_1_506' title='bbox 200 2834 388 2875; x_wconf 87' lang='lat' dir='ltr'>probemus,</span> <span class='ocrx_word' id='word_1_507' title='bbox 411 2835 472 2875; x_wconf 82' lang='lat' dir='ltr'>jam</span> <span class='ocrx_word' id='word_1_508' title='bbox 494 2833 598 2866; x_wconf 89' lang='lat' dir='ltr'>nostra</span> <span class='ocrx_word' id='word_1_509' title='bbox 615 2843 664 2866; x_wconf 90' lang='lat' dir='ltr'>res</span> <span class='ocrx_word' id='word_1_510' title='bbox 680 2835 794 2875; x_wconf 82' lang='lat' dir='ltr'>agitur.</span> <span class='ocrx_word' id='word_1_511' title='bbox 833 2833 915 2865; x_wconf 85' lang='lat' dir='ltr'>Prae-</span> 
     </span>
     <span class='ocr_line' id='line_1_67' title="bbox 52 2874 917 2916; baseline -0.003 -7"><span class='ocrx_word' id='word_1_512' title='bbox 52 2877 163 2912; x_wconf 85' lang='lat' dir='ltr'>fidium</span> <span class='ocrx_word' id='word_1_513' title='bbox 171 2876 204 2908; x_wconf 89' lang='lat' dir='ltr'>in</span> <span class='ocrx_word' id='word_1_514' title='bbox 214 2874 438 2916; x_wconf 71' lang='lat' dir='ltr'>interpretibus</span> <span class='ocrx_word' id='word_1_515' title='bbox 446 2875 626 2907; x_wconf 86' lang='lat' dir='ltr'>habebimus</span> <span class='ocrx_word' id='word_1_516' title='bbox 634 2875 756 2907; x_wconf 87' lang='lat' dir='ltr'>nullum</span> <span class='ocrx_word' id='word_1_517' title='bbox 764 2897 776 2914; x_wconf 91' lang='lat'>,</span> <span class='ocrx_word' id='word_1_518' title='bbox 784 2884 856 2907; x_wconf 87' lang='lat' dir='ltr'>cum</span> <span class='ocrx_word' id='word_1_519' title='bbox 865 2884 917 2906; x_wconf 89' lang='lat' dir='ltr'>ne-</span> 
     </span>
     <span class='ocr_line' id='line_1_68' title="bbox 55 2915 916 2958; baseline -0.002 -8"><span class='ocrx_word' id='word_1_520' title='bbox 55 2928 122 2957; x_wconf 87' lang='lat' dir='ltr'>mo,</span> <span class='ocrx_word' id='word_1_521' title='bbox 132 2915 219 2958; x_wconf 89' lang='lat' dir='ltr'>quod</span> <span class='ocrx_word' id='word_1_522' title='bbox 227 2915 321 2948; x_wconf 89' lang='lat' dir='ltr'>sciam</span> <span class='ocrx_word' id='word_1_523' title='bbox 329 2939 340 2955; x_wconf 89' lang='lat'>,</span> <span class='ocrx_word' id='word_1_524' title='bbox 350 2915 430 2948; x_wconf 88' lang='lat' dir='ltr'>hanc</span> <span class='ocrx_word' id='word_1_525' title='bbox 439 2915 620 2948; x_wconf 88' lang='lat' dir='ltr'>sententiam</span> <span class='ocrx_word' id='word_1_526' title='bbox 629 2915 819 2952; x_wconf 84' lang='lat' dir='ltr'>sustinuerit,</span> <span class='ocrx_word' id='word_1_527' title='bbox 830 2925 916 2948; x_wconf 89' lang='lat' dir='ltr'>certe</span> 
     </span>
     <span class='ocr_line' id='line_1_69' title="bbox 54 2956 915 2998; baseline -0.003 -6"><span class='ocrx_word' id='word_1_528' title='bbox 54 2968 171 2998; x_wconf 89' lang='lat' dir='ltr'>nemo,</span> <span class='ocrx_word' id='word_1_529' title='bbox 207 2957 261 2998; x_wconf 92' lang='lat' dir='ltr'>qui</span> <span class='ocrx_word' id='word_1_530' title='bbox 286 2956 402 2998; x_wconf 85' lang='lat' dir='ltr'>fingula</span> <span class='ocrx_word' id='word_1_531' title='bbox 422 2956 502 2997; x_wconf 80' lang='lat' dir='ltr'>Juris</span> <span class='ocrx_word' id='word_1_532' title='bbox 518 2958 640 2998; x_wconf 84' lang='lat' dir='ltr'>capita,</span> <span class='ocrx_word' id='word_1_533' title='bbox 664 2967 837 2998; x_wconf 86' lang='lat' dir='ltr'>eorumque</span> <span class='ocrx_word' id='word_1_534' title='bbox 852 2958 915 2989; x_wconf 82' lang='lat' dir='ltr'>Au-</span> 
     </span>
     <span class='ocr_line' id='line_1_70' title="bbox 53 2997 917 3039; baseline -0.003 -6"><span class='ocrx_word' id='word_1_535' title='bbox 53 3001 158 3033; x_wconf 69' lang='lat' dir='ltr'>&amp;ores</span> <span class='ocrx_word' id='word_1_536' title='bbox 179 3008 198 3030; x_wconf 90' lang='lat' dir='ltr'>a</span> <span class='ocrx_word' id='word_1_537' title='bbox 221 2998 482 3030; x_wconf 86' lang='lat' dir='ltr'>contrarietatum</span> <span class='ocrx_word' id='word_1_538' title='bbox 505 2998 535 3030; x_wconf 90' lang='lat'>&amp;</span> <span class='ocrx_word' id='word_1_539' title='bbox 561 3007 702 3031; x_wconf 89' lang='lat' dir='ltr'>errorum</span> <span class='ocrx_word' id='word_1_540' title='bbox 717 2997 917 3039; x_wconf 86' lang='lat' dir='ltr'>blasphemiis</span> 
     </span>
     <span class='ocr_line' id='line_1_71' title="bbox 57 3039 917 3081; baseline -0.002 -7"><span class='ocrx_word' id='word_1_541' title='bbox 57 3049 176 3075; x_wconf 89' lang='lat' dir='ltr'>tuetur.</span> <span class='ocrx_word' id='word_1_542' title='bbox 219 3039 271 3071; x_wconf 84' lang='lat' dir='ltr'>Ex</span> <span class='ocrx_word' id='word_1_543' title='bbox 283 3039 404 3071; x_wconf 87' lang='lat' dir='ltr'>ratione</span> <span class='ocrx_word' id='word_1_544' title='bbox 418 3039 561 3080; x_wconf 88' lang='lat' dir='ltr'>equidem</span> <span class='ocrx_word' id='word_1_545' title='bbox 579 3039 678 3071; x_wconf 88' lang='lat' dir='ltr'>fimile</span> <span class='ocrx_word' id='word_1_546' title='bbox 692 3040 767 3081; x_wconf 89' lang='lat' dir='ltr'>quid</span> <span class='ocrx_word' id='word_1_547' title='bbox 785 3040 917 3072; x_wconf 85' lang='lat' dir='ltr'>tentasse</span> 
     </span>
     <span class='ocr_line' id='line_1_72' title="bbox 56 3078 916 3120; baseline -0.002 -5"><span class='ocrx_word' id='word_1_548' title='bbox 56 3083 206 3116; x_wconf 88' lang='lat' dir='ltr'>videntur</span> <span class='ocrx_word' id='word_1_549' title='bbox 220 3078 329 3112; x_wconf 92' lang='lat' dir='ltr'>Guido</span> <span class='ocrx_word' id='word_1_550' title='bbox 345 3080 492 3112; x_wconf 84' lang='lat' dir='ltr'>Suzarius</span> <span class='ocrx_word' id='word_1_551' title='bbox 508 3080 539 3112; x_wconf 73' lang='grc' dir='ltr'>δι</span> <span class='ocrx_word' id='word_1_552' title='bbox 557 3079 755 3120; x_wconf 81' lang='lat' dir='ltr'>odofredus,</span> <span class='ocrx_word' id='word_1_553' title='bbox 779 3080 831 3113; x_wconf 90' lang='lat' dir='ltr'>sed</span> <span class='ocrx_word' id='word_1_554' title='bbox 841 3081 916 3113; x_wconf 87' lang='lat' dir='ltr'>Pau-</span> 
     </span>
     <span class='ocr_line' id='line_1_73' title="bbox 55 3120 916 3167; baseline -0.005 -9"><span class='ocrx_word' id='word_1_555' title='bbox 55 3126 126 3159; x_wconf 89' lang='lat' dir='ltr'>lum</span> <span class='ocrx_word' id='word_1_556' title='bbox 142 3123 175 3155; x_wconf 87' lang='lat' dir='ltr'>in</span> <span class='ocrx_word' id='word_1_557' title='bbox 196 3122 218 3154; x_wconf 91' lang='lat' dir='ltr'>l.</span> <span class='ocrx_word' id='word_1_558' title='bbox 234 3131 289 3167; x_wconf 62' lang='lat'>405</span> <span class='ocrx_word' id='word_1_559' title='bbox 310 3120 455 3153; x_wconf 88' lang='lat' dir='ltr'>deserunt</span> <span class='ocrx_word' id='word_1_560' title='bbox 464 3143 477 3160; x_wconf 93' lang='lat'>‚</span> <span class='ocrx_word' id='word_1_561' title='bbox 498 3129 534 3153; x_wconf 87' lang='lat' dir='ltr'>ut</span> <span class='ocrx_word' id='word_1_562' title='bbox 550 3121 656 3153; x_wconf 87' lang='lat' dir='ltr'>videre</span> <span class='ocrx_word' id='word_1_563' title='bbox 672 3123 748 3154; x_wconf 89' lang='lat' dir='ltr'>licet</span> <span class='ocrx_word' id='word_1_564' title='bbox 762 3122 843 3163; x_wconf 89' lang='lat' dir='ltr'>apud</span> <span class='ocrx_word' id='word_1_565' title='bbox 859 3123 916 3156; x_wconf 89' lang='lat' dir='ltr'>Za-</span> 
     </span>
     <span class='ocr_line' id='line_1_74' title="bbox 57 3161 917 3206; baseline 0 -10"><span class='ocrx_word' id='word_1_566' title='bbox 57 3166 137 3200; x_wconf 85' lang='lat' dir='ltr'>fium</span> <span class='ocrx_word' id='word_1_567' title='bbox 160 3164 190 3196; x_wconf 86' lang='lat'>&amp;</span> <span class='ocrx_word' id='word_1_568' title='bbox 214 3162 393 3200; x_wconf 88' lang='lat' dir='ltr'>Alciatum‚</span> <span class='ocrx_word' id='word_1_569' title='bbox 421 3161 503 3194; x_wconf 89' lang='lat' dir='ltr'>locis</span> <span class='ocrx_word' id='word_1_570' title='bbox 519 3161 633 3194; x_wconf 90' lang='lat' dir='ltr'>ibidem</span> <span class='ocrx_word' id='word_1_571' title='bbox 649 3164 688 3195; x_wconf 84' lang='lat' dir='ltr'>ad</span> <span class='ocrx_word' id='word_1_572' title='bbox 703 3164 823 3196; x_wconf 89' lang='lat' dir='ltr'>calcem</span> <span class='ocrx_word' id='word_1_573' title='bbox 846 3165 917 3206; x_wconf 86' lang='lat' dir='ltr'>Cap.</span> 
     </span>
     <span class='ocr_line' id='line_1_75' title="bbox 56 3202 920 3251; baseline -0.002 -10"><span class='ocrx_word' id='word_1_574' title='bbox 56 3208 114 3241; x_wconf 75' lang='lat' dir='ltr'>ult.</span> <span class='ocrx_word' id='word_1_575' title='bbox 137 3204 280 3239; x_wconf 87' lang='lat' dir='ltr'>laudatis.</span> <span class='ocrx_word' id='word_1_576' title='bbox 313 3203 401 3251; x_wconf 82' lang='lat' dir='ltr'>Quid</span> <span class='ocrx_word' id='word_1_577' title='bbox 419 3202 590 3238; x_wconf 86' lang='lat' dir='ltr'>moliantur</span> <span class='ocrx_word' id='word_1_578' title='bbox 601 3213 718 3245; x_wconf 86' lang='lat' dir='ltr'>porro,</span> <span class='ocrx_word' id='word_1_579' title='bbox 740 3206 829 3246; x_wconf 82' lang='lat' dir='ltr'>juxta</span> <span class='ocrx_word' id='word_1_580' title='bbox 845 3214 920 3240; x_wconf 89' lang='lat' dir='ltr'>cum</span> 
     </span>
    </p>
   </div>
   <div class='ocr_carea' id='block_1_3' title="bbox 1758 106 1805 144">
    <p class='ocr_par' dir='ltr' id='par_1_9' title="bbox 1758 106 1805 144">
     <span class='ocr_line' id='line_1_76' title="bbox 1758 106 1805 144; baseline 0 0"><span class='ocrx_word' id='word_1_581' title='bbox 1758 106 1805 144; x_wconf 77' lang='lat'>45</span> 
     </span>
    </p>
   </div>
   <div class='ocr_carea' id='block_1_4' title="bbox 936 178 1861 3282">
    <p class='ocr_par' dir='ltr' id='par_1_10' title="bbox 941 178 1810 304">
     <span class='ocr_line' id='line_1_77' title="bbox 942 178 1810 221; baseline 0 -9"><span class='ocrx_word' id='word_1_582' title='bbox 942 179 1194 221; x_wconf 79' lang='lat' dir='ltr'>ignorantiffimis</span> <span class='ocrx_word' id='word_1_583' title='bbox 1217 179 1341 220; x_wconf 83' lang='lat' dir='ltr'>ignoro.</span> <span class='ocrx_word' id='word_1_584' title='bbox 1395 178 1502 211; x_wconf 89' lang='lat' dir='ltr'>Primo</span> <span class='ocrx_word' id='word_1_585' title='bbox 1529 187 1633 212; x_wconf 87' lang='lat' dir='ltr'>autem</span> <span class='ocrx_word' id='word_1_586' title='bbox 1659 190 1716 220; x_wconf 82' lang='lat' dir='ltr'>ca,</span> <span class='ocrx_word' id='word_1_587' title='bbox 1739 189 1810 221; x_wconf 78' lang='lat' dir='ltr'>quae</span> 
     </span>
     <span class='ocr_line' id='line_1_78' title="bbox 941 221 1810 261; baseline 0 -8"><span class='ocrx_word' id='word_1_588' title='bbox 941 223 1101 260; x_wconf 75' lang='lat' dir='ltr'>diximus,</span> <span class='ocrx_word' id='word_1_589' title='bbox 1125 221 1353 252; x_wconf 77' lang='lat' dir='ltr'>vindicabimus</span> <span class='ocrx_word' id='word_1_590' title='bbox 1372 229 1449 261; x_wconf 87' lang='lat' dir='ltr'>pure</span> <span class='ocrx_word' id='word_1_591' title='bbox 1469 222 1498 252; x_wconf 70' lang='grc' dir='ltr'>ἅ</span> <span class='ocrx_word' id='word_1_592' title='bbox 1515 224 1626 253; x_wconf 55' lang='lat' dir='ltr'>ianm:</span> <span class='ocrx_word' id='word_1_593' title='bbox 1651 223 1723 254; x_wconf 84' lang='lat' dir='ltr'>dein</span> <span class='ocrx_word' id='word_1_594' title='bbox 1737 230 1810 254; x_wconf 87' lang='lat' dir='ltr'>cum</span> 
     </span>
     <span class='ocr_line' id='line_1_79' title="bbox 941 261 1680 304; baseline 0 -9"><span class='ocrx_word' id='word_1_595' title='bbox 941 261 1135 295; x_wconf 87' lang='lat' dir='ltr'>Adversariis</span> <span class='ocrx_word' id='word_1_596' title='bbox 1150 271 1291 302; x_wconf 83' lang='lat' dir='ltr'>magnam</span> <span class='ocrx_word' id='word_1_597' title='bbox 1312 262 1519 303; x_wconf 78' lang='lat' dir='ltr'>pugnabimus</span> <span class='ocrx_word' id='word_1_598' title='bbox 1533 271 1680 304; x_wconf 75' lang='lat' dir='ltr'>pugnam.</span> 
     </span>
    </p>

    <p class='ocr_par' dir='ltr' id='par_1_11' title="bbox 936 303 1824 3030">
     <span class='ocr_line' id='line_1_80' title="bbox 984 303 1810 344; baseline 0.001 -9"><span class='ocrx_word' id='word_1_599' title='bbox 984 303 1166 344; x_wconf 83' lang='lat' dir='ltr'>Priusquam</span> <span class='ocrx_word' id='word_1_600' title='bbox 1192 303 1228 334; x_wconf 86' lang='lat' dir='ltr'>ad</span> <span class='ocrx_word' id='word_1_601' title='bbox 1253 312 1290 334; x_wconf 85' lang='lat' dir='ltr'>ea</span> <span class='ocrx_word' id='word_1_602' title='bbox 1305 312 1364 335; x_wconf 83' lang='lat' dir='ltr'>nos</span> <span class='ocrx_word' id='word_1_603' title='bbox 1381 304 1581 344; x_wconf 78' lang='lat' dir='ltr'>accingamus</span> <span class='ocrx_word' id='word_1_604' title='bbox 1594 326 1604 342; x_wconf 86' lang='lat'>,</span> <span class='ocrx_word' id='word_1_605' title='bbox 1629 304 1729 336; x_wconf 84' lang='lat' dir='ltr'>visum</span> <span class='ocrx_word' id='word_1_606' title='bbox 1745 303 1810 342; x_wconf 80' lang='lat' dir='ltr'>cst,</span> 
     </span>
     <span class='ocr_line' id='line_1_81' title="bbox 940 344 1809 386; baseline 0.002 -11"><span class='ocrx_word' id='word_1_607' title='bbox 940 347 990 379; x_wconf 80' lang='lat' dir='ltr'>hoc</span> <span class='ocrx_word' id='word_1_608' title='bbox 1016 346 1118 386; x_wconf 71' lang='lat' dir='ltr'>Capite</span> <span class='ocrx_word' id='word_1_609' title='bbox 1137 344 1332 385; x_wconf 67' lang='lat' dir='ltr'>praeliminari</span> <span class='ocrx_word' id='word_1_610' title='bbox 1353 367 1363 382; x_wconf 90' lang='lat'>,</span> <span class='ocrx_word' id='word_1_611' title='bbox 1395 346 1501 385; x_wconf 81' lang='lat' dir='ltr'>paucis</span> <span class='ocrx_word' id='word_1_612' title='bbox 1532 344 1674 386; x_wconf 80' lang='lat' dir='ltr'>indagare</span> <span class='ocrx_word' id='word_1_613' title='bbox 1694 346 1759 376; x_wconf 72' lang='lat' dir='ltr'>vim</span> <span class='ocrx_word' id='word_1_614' title='bbox 1779 346 1809 377; x_wconf 67' lang='grc' dir='ltr'>ὀί</span> 
     </span>
     <span class='ocr_line' id='line_1_82' title="bbox 940 385 1810 427; baseline -0.002 -8"><span class='ocrx_word' id='word_1_615' title='bbox 940 386 1087 419; x_wconf 65' lang='lat' dir='ltr'>effoetum</span> <span class='ocrx_word' id='word_1_616' title='bbox 1116 386 1137 414; x_wconf 48' lang='grc' dir='ltr'><em>ἢ</em></span> <span class='ocrx_word' id='word_1_617' title='bbox 1164 387 1361 418; x_wconf 76' lang='lat' dir='ltr'>incontinenti</span> <span class='ocrx_word' id='word_1_618' title='bbox 1385 387 1415 418; x_wconf 72' lang='grc' dir='ltr'>δε</span> <span class='ocrx_word' id='word_1_619' title='bbox 1439 385 1544 427; x_wconf 77' lang='lat' dir='ltr'>ineffi2,</span> <span class='ocrx_word' id='word_1_620' title='bbox 1564 395 1634 427; x_wconf 82' lang='lat' dir='ltr'>quae</span> <span class='ocrx_word' id='word_1_621' title='bbox 1655 386 1810 417; x_wconf 64' lang='lat' dir='ltr'>dictiones</span> 
     </span>
     <span class='ocr_line' id='line_1_83' title="bbox 942 426 1808 471; baseline -0.002 -11"><span class='ocrx_word' id='word_1_622' title='bbox 942 428 1046 471; x_wconf 77' lang='lat' dir='ltr'>paffim</span> <span class='ocrx_word' id='word_1_623' title='bbox 1064 427 1155 459; x_wconf 85' lang='lat' dir='ltr'>nobis</span> <span class='ocrx_word' id='word_1_624' title='bbox 1172 436 1265 458; x_wconf 89' lang='lat' dir='ltr'>erunt</span> <span class='ocrx_word' id='word_1_625' title='bbox 1280 428 1394 460; x_wconf 81' lang='lat' dir='ltr'>obviae.</span> <span class='ocrx_word' id='word_1_626' title='bbox 1441 427 1528 470; x_wconf 82' lang='lat' dir='ltr'>Quid</span> <span class='ocrx_word' id='word_1_627' title='bbox 1550 427 1671 459; x_wconf 84' lang='lat' dir='ltr'>Latinis</span> <span class='ocrx_word' id='word_1_628' title='bbox 1689 426 1725 458; x_wconf 88' lang='lat' dir='ltr'>fit</span> <span class='ocrx_word' id='word_1_629' title='bbox 1742 436 1808 458; x_wconf 85' lang='lat' dir='ltr'>con-</span> 
     </span>
     <span class='ocr_line' id='line_1_84' title="bbox 944 467 1813 511; baseline -0.003 -9"><span class='ocrx_word' id='word_1_630' title='bbox 944 472 1042 503; x_wconf 80' lang='lat' dir='ltr'>tinens</span> <span class='ocrx_word' id='word_1_631' title='bbox 1059 469 1156 501; x_wconf 83' lang='lat' dir='ltr'>latere</span> <span class='ocrx_word' id='word_1_632' title='bbox 1174 467 1277 509; x_wconf 89' lang='lat' dir='ltr'>potest</span> <span class='ocrx_word' id='word_1_633' title='bbox 1297 470 1452 501; x_wconf 87' lang='lat' dir='ltr'>neminem</span> <span class='ocrx_word' id='word_1_634' title='bbox 1472 480 1480 500; x_wconf 68' lang='grc' dir='ltr'>ε</span> <span class='ocrx_word' id='word_1_635' title='bbox 1510 468 1585 511; x_wconf 85' lang='lat' dir='ltr'>quid</span> <span class='ocrx_word' id='word_1_636' title='bbox 1605 468 1676 500; x_wconf 85' lang='lat' dir='ltr'>inde</span> <span class='ocrx_word' id='word_1_637' title='bbox 1691 469 1813 499; x_wconf 80' lang='lat' dir='ltr'>deriva-</span> 
     </span>
     <span class='ocr_line' id='line_1_85' title="bbox 936 507 1812 552; baseline -0.006 -8"><span class='ocrx_word' id='word_1_638' title='bbox 936 516 1011 544; x_wconf 78' lang='lat' dir='ltr'>‘tum</span> <span class='ocrx_word' id='word_1_639' title='bbox 1036 512 1232 542; x_wconf 67' lang='lat' dir='ltr'>incontinenti</span> <span class='ocrx_word' id='word_1_640' title='bbox 1259 520 1348 552; x_wconf 83' lang='lat' dir='ltr'>aeque</span> <span class='ocrx_word' id='word_1_641' title='bbox 1363 511 1473 542; x_wconf 85' lang='lat' dir='ltr'>claret.</span> <span class='ocrx_word' id='word_1_642' title='bbox 1517 510 1637 542; x_wconf 67' lang='lat' dir='ltr'>Auctor</span> <span class='ocrx_word' id='word_1_643' title='bbox 1656 507 1812 550; x_wconf 80' lang='lat' dir='ltr'>Defensio-</span> 
     </span>
     <span class='ocr_line' id='line_1_86' title="bbox 944 549 1810 593; baseline -0.005 -8"><span class='ocrx_word' id='word_1_644' title='bbox 944 556 991 585; x_wconf 75' lang='lat' dir='ltr'>nz&#39;s</span> <span class='ocrx_word' id='word_1_645' title='bbox 1006 562 1137 584; x_wconf 74' lang='lat' dir='ltr'>veterum</span> <span class='ocrx_word' id='word_1_646' title='bbox 1167 551 1314 593; x_wconf 72' lang='lat' dir='ltr'>JCturzmi</span> <span class='ocrx_word' id='word_1_647' title='bbox 1338 552 1476 593; x_wconf 79' lang='lat' dir='ltr'>aclveisns</span> <span class='ocrx_word' id='word_1_648' title='bbox 1491 551 1587 583; x_wconf 74' lang='lat' dir='ltr'>Laur.</span> <span class='ocrx_word' id='word_1_649' title='bbox 1607 551 1731 583; x_wconf 72' lang='lat' dir='ltr'>Vallum</span> <span class='ocrx_word' id='word_1_650' title='bbox 1755 549 1810 592; x_wconf 86' lang='lat' dir='ltr'>(fi-</span> 
     </span>
     <span class='ocr_line' id='line_1_87' title="bbox 945 592 1811 633; baseline -0.003 -7"><span class='ocrx_word' id='word_1_651' title='bbox 945 605 985 626; x_wconf 82' lang='lat' dir='ltr'>ve</span> <span class='ocrx_word' id='word_1_652' title='bbox 1014 593 1168 626; x_wconf 80' lang='lat' dir='ltr'>Nicolaus</span> <span class='ocrx_word' id='word_1_653' title='bbox 1192 593 1301 633; x_wconf 81' lang='lat' dir='ltr'>Valla,</span> <span class='ocrx_word' id='word_1_654' title='bbox 1326 593 1347 626; x_wconf 84' lang='lat' dir='ltr'>si</span> <span class='ocrx_word' id='word_1_655' title='bbox 1372 595 1478 626; x_wconf 87' lang='lat' dir='ltr'>credas</span> <span class='ocrx_word' id='word_1_656' title='bbox 1496 593 1671 626; x_wconf 79' lang='lat' dir='ltr'>Mornacio</span> <span class='ocrx_word' id='word_1_657' title='bbox 1689 592 1725 624; x_wconf 86' lang='lat' dir='ltr'>ad</span> <span class='ocrx_word' id='word_1_658' title='bbox 1744 593 1764 624; x_wconf 89' lang='lat' dir='ltr'>l.</span> <span class='ocrx_word' id='word_1_659' title='bbox 1781 601 1811 632; x_wconf 77' lang='lat'>7.</span> 
     </span>
     <span class='ocr_line' id='line_1_88' title="bbox 944 634 1813 708; baseline -0.003 -40"><span class='ocrx_word' id='word_1_660' title='bbox 944 636 972 678; x_wconf 83' lang='lat'>§.</span> <span class='ocrx_word' id='word_1_661' title='bbox 1002 645 1027 667; x_wconf 82' lang='grc' dir='ltr'>ι.</span> <span class='ocrx_word' id='word_1_662' title='bbox 1040 635 1087 708; x_wconf 53' lang='grc' dir='ltr'>ἔ.</span> <span class='ocrx_word' id='word_1_663' title='bbox 1112 636 1149 666; x_wconf 78' lang='lat' dir='ltr'>nd</span> <span class='ocrx_word' id='word_1_664' title='bbox 1168 636 1264 666; x_wconf 76' lang='lat' dir='ltr'>exhib.</span> <span class='ocrx_word' id='word_1_665' title='bbox 1290 635 1351 667; x_wconf 79' lang='lat' dir='ltr'>five</span> <span class='ocrx_word' id='word_1_666' title='bbox 1366 635 1501 675; x_wconf 67' lang='lat' dir='ltr'>Iacobus</span> <span class='ocrx_word' id='word_1_667' title='bbox 1519 634 1813 675; x_wconf 85' lang='lat' dir='ltr'>Capellus,fiLeo-</span> 
     </span>
     <span class='ocr_line' id='line_1_89' title="bbox 944 675 1812 718; baseline -0.005 -8"><span class='ocrx_word' id='word_1_668' title='bbox 944 686 1020 710; x_wconf 88' lang='lat' dir='ltr'>nmo</span> <span class='ocrx_word' id='word_1_669' title='bbox 1073 678 1164 708; x_wconf 75' lang='lat' dir='ltr'>nzend.</span> <span class='ocrx_word' id='word_1_670' title='bbox 1187 676 1211 708; x_wconf 89' lang='lat' dir='ltr'>I.</span> <span class='ocrx_word' id='word_1_671' title='bbox 1228 686 1274 718; x_wconf 85' lang='lat'>13-</span> <span class='ocrx_word' id='word_1_672' title='bbox 1301 677 1331 708; x_wconf 67' lang='grc' dir='ltr'>δε</span> <span class='ocrx_word' id='word_1_673' title='bbox 1356 676 1411 708; x_wconf 83' lang='lat' dir='ltr'>IV.</span> <span class='ocrx_word' id='word_1_674' title='bbox 1441 686 1488 709; x_wconf 89' lang='lat'>10.</span> <span class='ocrx_word' id='word_1_675' title='bbox 1513 677 1543 708; x_wconf 73' lang='lat' dir='ltr'>dt</span> <span class='ocrx_word' id='word_1_676' title='bbox 1566 675 1639 708; x_wconf 85' lang='lat' dir='ltr'>Vll.</span> <span class='ocrx_word' id='word_1_677' title='bbox 1669 675 1738 717; x_wconf 85' lang='lat'>11.)</span> <span class='ocrx_word' id='word_1_678' title='bbox 1754 684 1812 706; x_wconf 94' lang='lat' dir='ltr'>vo-</span> 
     </span>
     <span class='ocr_line' id='line_1_90' title="bbox 943 716 1812 760; baseline -0.005 -9"><span class='ocrx_word' id='word_1_679' title='bbox 943 719 1048 751; x_wconf 81' lang='lat' dir='ltr'>culam</span> <span class='ocrx_word' id='word_1_680' title='bbox 1065 720 1096 749; x_wconf 89' lang='lat' dir='ltr'>in</span> <span class='ocrx_word' id='word_1_681' title='bbox 1114 719 1145 750; x_wconf 84' lang='lat'>&amp;</span> <span class='ocrx_word' id='word_1_682' title='bbox 1161 719 1380 755; x_wconf 72' lang='lat' dir='ltr'>exconcinenti,</span> <span class='ocrx_word' id='word_1_683' title='bbox 1407 726 1553 760; x_wconf 86' lang='lat' dir='ltr'>tanquam</span> <span class='ocrx_word' id='word_1_684' title='bbox 1569 716 1722 758; x_wconf 85' lang='lat' dir='ltr'>JCtorum</span> <span class='ocrx_word' id='word_1_685' title='bbox 1743 726 1812 758; x_wconf 87' lang='lat' dir='ltr'>prc-</span> 
     </span>
     <span class='ocr_line' id='line_1_91' title="bbox 943 757 1813 801; baseline -0.003 -9"><span class='ocrx_word' id='word_1_686' title='bbox 943 761 1041 801; x_wconf 91' lang='lat' dir='ltr'>priam</span> <span class='ocrx_word' id='word_1_687' title='bbox 1072 768 1163 792; x_wconf 83' lang='lat' dir='ltr'>notat</span> <span class='ocrx_word' id='word_1_688' title='bbox 1177 760 1237 800; x_wconf 83' lang='lat' dir='ltr'>sol.</span> <span class='ocrx_word' id='word_1_689' title='bbox 1266 763 1316 791; x_wconf 89' lang='lat'>60.</span> <span class='ocrx_word' id='word_1_690' title='bbox 1345 759 1381 791; x_wconf 87' lang='lat' dir='ltr'>B.</span> <span class='ocrx_word' id='word_1_691' title='bbox 1424 760 1484 792; x_wconf 91' lang='lat' dir='ltr'>Sed</span> <span class='ocrx_word' id='word_1_692' title='bbox 1502 760 1532 791; x_wconf 88' lang='lat' dir='ltr'>id</span> <span class='ocrx_word' id='word_1_693' title='bbox 1550 768 1660 790; x_wconf 88' lang='lat' dir='ltr'>verum</span> <span class='ocrx_word' id='word_1_694' title='bbox 1675 768 1738 790; x_wconf 88' lang='lat' dir='ltr'>non</span> <span class='ocrx_word' id='word_1_695' title='bbox 1756 757 1813 789; x_wconf 86' lang='lat' dir='ltr'>est.</span> 
     </span>
     <span class='ocr_line' id='line_1_92' title="bbox 945 799 1815 840; baseline -0.003 -6"><span class='ocrx_word' id='word_1_696' title='bbox 945 802 1055 834; x_wconf 84' lang='lat' dir='ltr'>Rarius</span> <span class='ocrx_word' id='word_1_697' title='bbox 1074 810 1129 838; x_wconf 83' lang='lat' dir='ltr'>ea,</span> <span class='ocrx_word' id='word_1_698' title='bbox 1148 800 1272 840; x_wconf 88' lang='lat' dir='ltr'>fateor,</span> <span class='ocrx_word' id='word_1_699' title='bbox 1296 801 1439 833; x_wconf 70' lang='lat' dir='ltr'>auctores</span> <span class='ocrx_word' id='word_1_700' title='bbox 1457 801 1578 840; x_wconf 86' lang='lat' dir='ltr'>exteri,</span> <span class='ocrx_word' id='word_1_701' title='bbox 1600 808 1632 832; x_wconf 88' lang='lat' dir='ltr'>at</span> <span class='ocrx_word' id='word_1_702' title='bbox 1655 808 1758 832; x_wconf 84' lang='lat' dir='ltr'>tamen</span> <span class='ocrx_word' id='word_1_703' title='bbox 1771 799 1815 831; x_wconf 74' lang='lat' dir='ltr'>usi</span> 
     </span>
     <span class='ocr_line' id='line_1_93' title="bbox 945 841 1812 884; baseline -0.001 -10"><span class='ocrx_word' id='word_1_704' title='bbox 945 843 1032 875; x_wconf 88' lang='lat' dir='ltr'>sunt:</span> <span class='ocrx_word' id='word_1_705' title='bbox 1058 844 1254 874; x_wconf 76' lang='lat' dir='ltr'>incontinenti</span> <span class='ocrx_word' id='word_1_706' title='bbox 1277 842 1499 874; x_wconf 85' lang='lat' dir='ltr'>Tertullianus</span> <span class='ocrx_word' id='word_1_707' title='bbox 1521 843 1603 874; x_wconf 73' lang='lat' dir='ltr'>dixit</span> <span class='ocrx_word' id='word_1_708' title='bbox 1623 841 1752 884; x_wconf 81' lang='lat' dir='ltr'>Apolog.</span> <span class='ocrx_word' id='word_1_709' title='bbox 1779 841 1812 872; x_wconf 89' lang='lat' dir='ltr'>C.</span> 
     </span>
     <span class='ocr_line' id='line_1_94' title="bbox 944 883 1813 924; baseline -0.003 -7"><span class='ocrx_word' id='word_1_710' title='bbox 944 883 1070 917; x_wconf 86' lang='lat' dir='ltr'>XXIII.</span> <span class='ocrx_word' id='word_1_711' title='bbox 1096 884 1126 915; x_wconf 68' lang='grc' dir='ltr'>ἃ</span> <span class='ocrx_word' id='word_1_712' title='bbox 1148 885 1348 916; x_wconf 74' lang='lat' dir='ltr'>exconn‘nenti·</span> <span class='ocrx_word' id='word_1_713' title='bbox 1366 883 1504 924; x_wconf 80' lang='lat' dir='ltr'>justinus</span> <span class='ocrx_word' id='word_1_714' title='bbox 1527 884 1596 915; x_wconf 83' lang='lat' dir='ltr'>Lib.</span> <span class='ocrx_word' id='word_1_715' title='bbox 1624 883 1646 915; x_wconf 89' lang='lat' dir='ltr'>l.</span> <span class='ocrx_word' id='word_1_716' title='bbox 1674 884 1707 915; x_wconf 90' lang='lat' dir='ltr'>C.</span> <span class='ocrx_word' id='word_1_717' title='bbox 1726 893 1755 922; x_wconf 90' lang='lat'>9.</span> <span class='ocrx_word' id='word_1_718' title='bbox 1781 883 1813 914; x_wconf 82' lang='lat'>&amp;</span> 
     </span>
     <span class='ocr_line' id='line_1_95' title="bbox 945 924 1811 966; baseline -0.001 -9"><span class='ocrx_word' id='word_1_719' title='bbox 945 926 1016 957; x_wconf 78' lang='lat' dir='ltr'>Lib.</span> <span class='ocrx_word' id='word_1_720' title='bbox 1034 924 1094 958; x_wconf 73' lang='lat' dir='ltr'>XI.</span> <span class='ocrx_word' id='word_1_721' title='bbox 1130 925 1158 957; x_wconf 87' lang='lat' dir='ltr'>C.</span> <span class='ocrx_word' id='word_1_722' title='bbox 1182 935 1213 966; x_wconf 87' lang='lat'>4.</span> <span class='ocrx_word' id='word_1_723' title='bbox 1238 925 1268 957; x_wconf 67' lang='grc' dir='ltr'>ὃς</span> <span class='ocrx_word' id='word_1_724' title='bbox 1292 925 1362 956; x_wconf 80' lang='lat' dir='ltr'>Lib.</span> <span class='ocrx_word' id='word_1_725' title='bbox 1391 925 1429 957; x_wconf 80' lang='lat' dir='ltr'>V.</span> <span class='ocrx_word' id='word_1_726' title='bbox 1453 925 1484 958; x_wconf 88' lang='lat'>&amp;</span> <span class='ocrx_word' id='word_1_727' title='bbox 1507 924 1578 957; x_wconf 90' lang='lat' dir='ltr'>VII.</span> <span class='ocrx_word' id='word_1_728' title='bbox 1610 925 1639 957; x_wconf 69' lang='grc' dir='ltr'>ὅ(</span> <span class='ocrx_word' id='word_1_729' title='bbox 1657 924 1722 966; x_wconf 85' lang='lat' dir='ltr'>ipsc</span> <span class='ocrx_word' id='word_1_730' title='bbox 1742 924 1811 956; x_wconf 84' lang='lat' dir='ltr'>Cae-</span> 
     </span>
     <span class='ocr_line' id='line_1_96' title="bbox 944 965 1813 1008; baseline -0.002 -10"><span class='ocrx_word' id='word_1_731' title='bbox 944 967 989 998; x_wconf 81' lang='lat' dir='ltr'>sar</span> <span class='ocrx_word' id='word_1_732' title='bbox 1006 989 1017 1005; x_wconf 90' lang='lat'>,</span> <span class='ocrx_word' id='word_1_733' title='bbox 1047 967 1100 1008; x_wconf 88' lang='lat' dir='ltr'>qui</span> <span class='ocrx_word' id='word_1_734' title='bbox 1125 967 1177 998; x_wconf 87' lang='lat' dir='ltr'>vel</span> <span class='ocrx_word' id='word_1_735' title='bbox 1201 965 1357 1008; x_wconf 70' lang='lat' dir='ltr'>purissime</span> <span class='ocrx_word' id='word_1_736' title='bbox 1385 966 1551 1008; x_wconf 88' lang='lat' dir='ltr'>loquitur,</span> <span class='ocrx_word' id='word_1_737' title='bbox 1595 967 1672 998; x_wconf 84' lang='lat' dir='ltr'>Belli</span> <span class='ocrx_word' id='word_1_738' title='bbox 1697 966 1813 998; x_wconf 76' lang='lat' dir='ltr'>Gallici</span> 
     </span>
     <span class='ocr_line' id='line_1_97' title="bbox 944 1007 1809 1049; baseline -0.002 -9"><span class='ocrx_word' id='word_1_739' title='bbox 944 1008 1015 1041; x_wconf 77' lang='lat' dir='ltr'>Lib.</span> <span class='ocrx_word' id='word_1_740' title='bbox 1031 1008 1070 1040; x_wconf 89' lang='lat' dir='ltr'>V.</span> <span class='ocrx_word' id='word_1_741' title='bbox 1099 1008 1132 1040; x_wconf 90' lang='lat' dir='ltr'>C.</span> <span class='ocrx_word' id='word_1_742' title='bbox 1152 1017 1199 1040; x_wconf 87' lang='lat'>11.</span> <span class='ocrx_word' id='word_1_743' title='bbox 1237 1007 1454 1039; x_wconf 78' lang='lat' dir='ltr'>Excominenn·</span> <span class='ocrx_word' id='word_1_744' title='bbox 1480 1008 1553 1039; x_wconf 84' lang='lat' dir='ltr'>alios</span> <span class='ocrx_word' id='word_1_745' title='bbox 1569 1007 1703 1046; x_wconf 81' lang='lat' dir='ltr'>accerfiri&#39;</span> <span class='ocrx_word' id='word_1_746' title='bbox 1715 1008 1809 1049; x_wconf 68' lang='lat' dir='ltr'>jubet.</span> 
     </span>
     <span class='ocr_line' id='line_1_98' title="bbox 942 1048 1813 1087; baseline -0.002 -5"><span class='ocrx_word' id='word_1_747' title='bbox 942 1049 992 1082; x_wconf 90' lang='lat' dir='ltr'>An</span> <span class='ocrx_word' id='word_1_748' title='bbox 1005 1049 1128 1081; x_wconf 84' lang='lat' dir='ltr'>duobus</span> <span class='ocrx_word' id='word_1_749' title='bbox 1145 1048 1314 1081; x_wconf 71' lang='lat' dir='ltr'>distinctim</span> <span class='ocrx_word' id='word_1_750' title='bbox 1333 1048 1516 1087; x_wconf 86' lang='lat' dir='ltr'>vocabulis,</span> <span class='ocrx_word' id='word_1_751' title='bbox 1540 1059 1578 1081; x_wconf 88' lang='lat' dir='ltr'>an</span> <span class='ocrx_word' id='word_1_752' title='bbox 1598 1050 1699 1081; x_wconf 87' lang='lat' dir='ltr'>altero</span> <span class='ocrx_word' id='word_1_753' title='bbox 1720 1050 1750 1081; x_wconf 91' lang='lat' dir='ltr'>in</span> <span class='ocrx_word' id='word_1_754' title='bbox 1769 1049 1813 1081; x_wconf 87' lang='lat' dir='ltr'>al-</span> 
     </span>
     <span class='ocr_line' id='line_1_99' title="bbox 944 1089 1814 1129; baseline 0 -7"><span class='ocrx_word' id='word_1_755' title='bbox 944 1092 1041 1122; x_wconf 85' lang='lat' dir='ltr'>terius</span> <span class='ocrx_word' id='word_1_756' title='bbox 1071 1091 1251 1122; x_wconf 88' lang='lat' dir='ltr'>continenti</span> <span class='ocrx_word' id='word_1_757' title='bbox 1274 1089 1470 1122; x_wconf 85' lang='lat' dir='ltr'>scribendum</span> <span class='ocrx_word' id='word_1_758' title='bbox 1494 1090 1532 1122; x_wconf 85' lang='lat' dir='ltr'>fit</span> <span class='ocrx_word' id='word_1_759' title='bbox 1547 1111 1559 1129; x_wconf 82' lang='lat'>,</span> <span class='ocrx_word' id='word_1_760' title='bbox 1581 1089 1814 1123; x_wconf 85' lang='lat' dir='ltr'>Grammatico-</span> 
     </span>
     <span class='ocr_line' id='line_1_100' title="bbox 943 1130 1812 1173; baseline 0 -9"><span class='ocrx_word' id='word_1_761' title='bbox 943 1142 1011 1164; x_wconf 89' lang='lat' dir='ltr'>rum</span> <span class='ocrx_word' id='word_1_762' title='bbox 1030 1133 1156 1173; x_wconf 89' lang='lat' dir='ltr'>propria</span> <span class='ocrx_word' id='word_1_763' title='bbox 1170 1130 1215 1163; x_wconf 88' lang='lat' dir='ltr'>est</span> <span class='ocrx_word' id='word_1_764' title='bbox 1233 1131 1335 1164; x_wconf 89' lang='lat' dir='ltr'>notio.</span> <span class='ocrx_word' id='word_1_765' title='bbox 1382 1132 1529 1173; x_wconf 88' lang='lat' dir='ltr'>Utroque</span> <span class='ocrx_word' id='word_1_766' title='bbox 1544 1132 1641 1163; x_wconf 88' lang='lat' dir='ltr'>modo</span> <span class='ocrx_word' id='word_1_767' title='bbox 1657 1133 1812 1164; x_wconf 84' lang='lat' dir='ltr'>occurrit:</span> 
     </span>
     <span class='ocr_line' id='line_1_101' title="bbox 943 1173 1813 1214; baseline 0 -9"><span class='ocrx_word' id='word_1_768' title='bbox 943 1174 1038 1205; x_wconf 88' lang='lat' dir='ltr'>ctiam</span> <span class='ocrx_word' id='word_1_769' title='bbox 1063 1174 1094 1205; x_wconf 91' lang='lat' dir='ltr'>in</span> <span class='ocrx_word' id='word_1_770' title='bbox 1119 1173 1282 1205; x_wconf 73' lang='lat' dir='ltr'>Pandeffls</span> <span class='ocrx_word' id='word_1_771' title='bbox 1308 1173 1521 1212; x_wconf 85' lang='lat' dir='ltr'>Florentinis,</span> <span class='ocrx_word' id='word_1_772' title='bbox 1551 1182 1615 1214; x_wconf 90' lang='lat' dir='ltr'>quo</span> <span class='ocrx_word' id='word_1_773' title='bbox 1636 1173 1675 1204; x_wconf 89' lang='lat' dir='ltr'>de</span> <span class='ocrx_word' id='word_1_774' title='bbox 1693 1173 1764 1204; x_wconf 85' lang='lat' dir='ltr'>vide</span> <span class='ocrx_word' id='word_1_775' title='bbox 1782 1174 1813 1205; x_wconf 73' lang='grc' dir='ltr'>δε</span> 
     </span>
     <span class='ocr_line' id='line_1_102' title="bbox 944 1213 1812 1256; baseline 0.001 -10"><span class='ocrx_word' id='word_1_776' title='bbox 944 1215 1075 1247; x_wconf 85' lang='lat' dir='ltr'>Paulum</span> <span class='ocrx_word' id='word_1_777' title='bbox 1091 1214 1201 1246; x_wconf 86' lang='lat' dir='ltr'>Picum</span> <span class='ocrx_word' id='word_1_778' title='bbox 1219 1215 1250 1246; x_wconf 92' lang='lat' dir='ltr'>in</span> <span class='ocrx_word' id='word_1_779' title='bbox 1270 1215 1428 1247; x_wconf 75' lang='lat' dir='ltr'>Comment.</span> <span class='ocrx_word' id='word_1_780' title='bbox 1453 1215 1491 1247; x_wconf 84' lang='lat' dir='ltr'>ad</span> <span class='ocrx_word' id='word_1_781' title='bbox 1513 1215 1532 1246; x_wconf 89' lang='lat' dir='ltr'>l.</span> <span class='ocrx_word' id='word_1_782' title='bbox 1556 1223 1605 1256; x_wconf 85' lang='lat'>13.</span> <span class='ocrx_word' id='word_1_783' title='bbox 1632 1215 1663 1246; x_wconf 87' lang='lat' dir='ltr'>C.</span> <span class='ocrx_word' id='word_1_784' title='bbox 1676 1216 1710 1246; x_wconf 85' lang='lat' dir='ltr'>de</span> <span class='ocrx_word' id='word_1_785' title='bbox 1724 1213 1812 1247; x_wconf 62' lang='lat' dir='ltr'>Patr.</span> 
     </span>
     <span class='ocr_line' id='line_1_103' title="bbox 944 1255 1815 1297; baseline 0 -9"><span class='ocrx_word' id='word_1_786' title='bbox 944 1256 1004 1289; x_wconf 87' lang='lat' dir='ltr'>Sed</span> <span class='ocrx_word' id='word_1_787' title='bbox 1022 1257 1205 1295; x_wconf 84' lang='lat' dir='ltr'>videamus,</span> <span class='ocrx_word' id='word_1_788' title='bbox 1229 1266 1288 1297; x_wconf 86' lang='lat' dir='ltr'>qua</span> <span class='ocrx_word' id='word_1_789' title='bbox 1305 1257 1472 1295; x_wconf 86' lang='lat' dir='ltr'>latitudine</span> <span class='ocrx_word' id='word_1_790' title='bbox 1498 1255 1605 1288; x_wconf 79' lang='lat' dir='ltr'>isthaec</span> <span class='ocrx_word' id='word_1_791' title='bbox 1634 1255 1758 1288; x_wconf 83' lang='lat' dir='ltr'>locutio</span> <span class='ocrx_word' id='word_1_792' title='bbox 1781 1255 1815 1288; x_wconf 91' lang='lat' dir='ltr'>in</span> 
     </span>
     <span class='ocr_line' id='line_1_104' title="bbox 943 1297 1816 1340; baseline -0.001 -10"><span class='ocrx_word' id='word_1_793' title='bbox 943 1298 1096 1340; x_wconf 82' lang='lat' dir='ltr'>JCtorum</span> <span class='ocrx_word' id='word_1_794' title='bbox 1122 1297 1210 1329; x_wconf 89' lang='lat' dir='ltr'>libris</span> <span class='ocrx_word' id='word_1_795' title='bbox 1234 1298 1406 1339; x_wconf 86' lang='lat' dir='ltr'>accipiatur</span> <span class='ocrx_word' id='word_1_796' title='bbox 1424 1321 1433 1337; x_wconf 92' lang='lat'>,</span> <span class='ocrx_word' id='word_1_797' title='bbox 1472 1297 1518 1330; x_wconf 86' lang='lat' dir='ltr'>est</span> <span class='ocrx_word' id='word_1_798' title='bbox 1542 1297 1625 1330; x_wconf 89' lang='lat' dir='ltr'>enim</span> <span class='ocrx_word' id='word_1_799' title='bbox 1648 1298 1726 1329; x_wconf 88' lang='lat' dir='ltr'>illud</span> <span class='ocrx_word' id='word_1_800' title='bbox 1748 1306 1816 1329; x_wconf 88' lang='lat' dir='ltr'>non</span> 
     </span>
     <span class='ocr_line' id='line_1_105' title="bbox 945 1339 1814 1381; baseline -0.001 -10"><span class='ocrx_word' id='word_1_801' title='bbox 945 1349 1042 1381; x_wconf 88' lang='lat' dir='ltr'>usque</span> <span class='ocrx_word' id='word_1_802' title='bbox 1068 1339 1145 1371; x_wconf 87' lang='lat' dir='ltr'>adeo</span> <span class='ocrx_word' id='word_1_803' title='bbox 1169 1339 1355 1380; x_wconf 84' lang='lat' dir='ltr'>expeditum</span> <span class='ocrx_word' id='word_1_804' title='bbox 1379 1347 1510 1380; x_wconf 88' lang='lat' dir='ltr'>propter</span> <span class='ocrx_word' id='word_1_805' title='bbox 1539 1339 1662 1370; x_wconf 87' lang='lat' dir='ltr'>varium</span> <span class='ocrx_word' id='word_1_806' title='bbox 1687 1339 1753 1380; x_wconf 90' lang='lat' dir='ltr'>ejus</span> <span class='ocrx_word' id='word_1_807' title='bbox 1781 1348 1814 1370; x_wconf 91' lang='lat' dir='ltr'>u-</span> 
     </span>
     <span class='ocr_line' id='line_1_106' title="bbox 944 1379 1815 1423; baseline -0.001 -10"><span class='ocrx_word' id='word_1_808' title='bbox 944 1381 1023 1414; x_wconf 89' lang='lat' dir='ltr'>sum.</span> <span class='ocrx_word' id='word_1_809' title='bbox 1067 1379 1119 1413; x_wconf 91' lang='lat' dir='ltr'>Ne</span> <span class='ocrx_word' id='word_1_810' title='bbox 1147 1390 1252 1413; x_wconf 88' lang='lat' dir='ltr'>autem</span> <span class='ocrx_word' id='word_1_811' title='bbox 1274 1390 1461 1423; x_wconf 83' lang='lat' dir='ltr'>evagemur,</span> <span class='ocrx_word' id='word_1_812' title='bbox 1494 1381 1534 1413; x_wconf 93' lang='lat' dir='ltr'>de</span> <span class='ocrx_word' id='word_1_813' title='bbox 1549 1382 1745 1413; x_wconf 68' lang='lat' dir='ltr'>incontinenti</span> <span class='ocrx_word' id='word_1_814' title='bbox 1762 1389 1815 1422; x_wconf 88' lang='lat' dir='ltr'>pa-</span> 
     </span>
     <span class='ocr_line' id='line_1_107' title="bbox 943 1422 1815 1464; baseline 0 -9"><span class='ocrx_word' id='word_1_815' title='bbox 943 1424 1066 1455; x_wconf 63' lang='lat' dir='ltr'>ctorum</span> <span class='ocrx_word' id='word_1_816' title='bbox 1090 1422 1232 1455; x_wconf 87' lang='lat' dir='ltr'>dicemus</span> <span class='ocrx_word' id='word_1_817' title='bbox 1257 1429 1389 1454; x_wconf 87' lang='lat' dir='ltr'>tantum.</span> <span class='ocrx_word' id='word_1_818' title='bbox 1445 1422 1600 1464; x_wconf 89' lang='lat' dir='ltr'>Ulpianus</span> <span class='ocrx_word' id='word_1_819' title='bbox 1624 1423 1656 1455; x_wconf 92' lang='lat' dir='ltr'>in</span> <span class='ocrx_word' id='word_1_820' title='bbox 1682 1426 1710 1454; x_wconf 81' lang='lat' dir='ltr'>d.</span> <span class='ocrx_word' id='word_1_821' title='bbox 1736 1423 1756 1453; x_wconf 90' lang='lat' dir='ltr'>l.</span> <span class='ocrx_word' id='word_1_822' title='bbox 1783 1431 1815 1463; x_wconf 86' lang='lat'>7.</span> 
     </span>
     <span class='ocr_line' id='line_1_108' title="bbox 943 1463 1816 1507; baseline -0.001 -11"><span class='ocrx_word' id='word_1_823' title='bbox 943 1466 1013 1506; x_wconf 57' lang='lat'>§.,5.</span> <span class='ocrx_word' id='word_1_824' title='bbox 1024 1463 1111 1506; x_wconf 57' lang='lat' dir='ltr'>pacta</span> <span class='ocrx_word' id='word_1_825' title='bbox 1122 1464 1333 1496; x_wconf 86' lang='lat' dir='ltr'>incontinenti</span> <span class='ocrx_word' id='word_1_826' title='bbox 1344 1463 1454 1496; x_wconf 86' lang='lat' dir='ltr'>definit</span> <span class='ocrx_word' id='word_1_827' title='bbox 1466 1486 1477 1503; x_wconf 90' lang='lat'>,</span> <span class='ocrx_word' id='word_1_828' title='bbox 1493 1474 1552 1506; x_wconf 76' lang='lat' dir='ltr'>qziae</span> <span class='ocrx_word' id='word_1_829' title='bbox 1561 1465 1593 1495; x_wconf 90' lang='lat' dir='ltr'>in</span> <span class='ocrx_word' id='word_1_830' title='bbox 1604 1463 1731 1507; x_wconf 78' lang='lat' dir='ltr'>ingreffn</span> <span class='ocrx_word' id='word_1_831' title='bbox 1748 1472 1816 1496; x_wconf 88' lang='lat' dir='ltr'>con-</span> 
     </span>
     <span class='ocr_line' id='line_1_109' title="bbox 945 1504 1817 1547; baseline 0.001 -9"><span class='ocrx_word' id='word_1_832' title='bbox 945 1509 1053 1538; x_wconf 72' lang='lat' dir='ltr'>tractus</span> <span class='ocrx_word' id='word_1_833' title='bbox 1064 1505 1154 1546; x_wconf 65' lang='lat' dir='ltr'>fasta</span> <span class='ocrx_word' id='word_1_834' title='bbox 1162 1506 1261 1547; x_wconf 69' lang='lat' dir='ltr'>simi.-</span> <span class='ocrx_word' id='word_1_835' title='bbox 1285 1506 1316 1538; x_wconf 70' lang='grc' dir='ltr'>ἃ</span> <span class='ocrx_word' id='word_1_836' title='bbox 1332 1506 1444 1537; x_wconf 86' lang='lat' dir='ltr'>eodem</span> <span class='ocrx_word' id='word_1_837' title='bbox 1468 1504 1556 1538; x_wconf 89' lang='lat' dir='ltr'>sensu</span> <span class='ocrx_word' id='word_1_838' title='bbox 1573 1505 1769 1547; x_wconf 86' lang='lat' dir='ltr'>Pomponius</span> <span class='ocrx_word' id='word_1_839' title='bbox 1781 1506 1817 1539; x_wconf 90' lang='lat' dir='ltr'>in</span> 
     </span>
     <span class='ocr_line' id='line_1_110' title="bbox 944 1546 1818 1590; baseline 0 -10"><span class='ocrx_word' id='word_1_840' title='bbox 944 1549 963 1582; x_wconf 87' lang='lat' dir='ltr'>l.</span> <span class='ocrx_word' id='word_1_841' title='bbox 984 1548 1050 1580; x_wconf 84' lang='lat' dir='ltr'>Nec</span> <span class='ocrx_word' id='word_1_842' title='bbox 1066 1557 1103 1579; x_wconf 82' lang='lat' dir='ltr'>ex</span> <span class='ocrx_word' id='word_1_843' title='bbox 1118 1549 1251 1588; x_wconf 68' lang='lat' dir='ltr'>praetorio</span> <span class='ocrx_word' id='word_1_844' title='bbox 1284 1556 1332 1589; x_wconf 82' lang='lat'>27.</span> <span class='ocrx_word' id='word_1_845' title='bbox 1363 1547 1405 1589; x_wconf 93' lang='lat' dir='ltr'>ff.</span> <span class='ocrx_word' id='word_1_846' title='bbox 1428 1549 1462 1579; x_wconf 79' lang='lat' dir='ltr'>de</span> <span class='ocrx_word' id='word_1_847' title='bbox 1487 1547 1526 1579; x_wconf 92' lang='lat' dir='ltr'>R.</span> <span class='ocrx_word' id='word_1_848' title='bbox 1553 1546 1591 1590; x_wconf 81' lang='lat' dir='ltr'>J.</span> <span class='ocrx_word' id='word_1_849' title='bbox 1615 1548 1818 1589; x_wconf 87' lang='lat' dir='ltr'>privatorum</span> 
     </span>
     <span class='ocr_line' id='line_1_111' title="bbox 945 1588 1817 1662; baseline -0.002 -40"><span class='ocrx_word' id='word_1_850' title='bbox 945 1589 1143 1632; x_wconf 67' lang='lat' dir='ltr'>pactionibus</span> <span class='ocrx_word' id='word_1_851' title='bbox 1165 1589 1324 1621; x_wconf 69' lang='lat' dir='ltr'>aetionum</span> <span class='ocrx_word' id='word_1_852' title='bbox 1348 1589 1462 1620; x_wconf 88' lang='lat' dir='ltr'>modos</span> <span class='ocrx_word' id='word_1_853' title='bbox 1478 1588 1627 1630; x_wconf 76' lang='lat' dir='ltr'>infirmari</span> <span class='ocrx_word' id='word_1_854' title='bbox 1647 1589 1700 1621; x_wconf 92' lang='lat' dir='ltr'>vel</span> <span class='ocrx_word' id='word_1_855' title='bbox 1719 1588 1817 1662; x_wconf 47' lang='lat' dir='ltr'>infor-</span> 
     </span>
     <span class='ocr_line' id='line_1_112' title="bbox 945 1630 1818 1670; baseline 0 -7"><span class='ocrx_word' id='word_1_856' title='bbox 945 1633 1021 1663; x_wconf 86' lang='lat' dir='ltr'>mari</span> <span class='ocrx_word' id='word_1_857' title='bbox 1039 1631 1141 1670; x_wconf 84' lang='lat' dir='ltr'>dixit,-</span> <span class='ocrx_word' id='word_1_858' title='bbox 1174 1640 1239 1662; x_wconf 84' lang='lat' dir='ltr'>cum</span> <span class='ocrx_word' id='word_1_859' title='bbox 1267 1631 1421 1662; x_wconf 68' lang='lat' dir='ltr'>incisoainr</span> <span class='ocrx_word' id='word_1_860' title='bbox 1446 1630 1543 1670; x_wconf 60' lang='lat' dir='ltr'>aelio,</span> <span class='ocrx_word' id='word_1_861' title='bbox 1572 1630 1644 1670; x_wconf 91' lang='lat' dir='ltr'>seu,</span> <span class='ocrx_word' id='word_1_862' title='bbox 1667 1638 1703 1662; x_wconf 85' lang='lat' dir='ltr'>ut</span> <span class='ocrx_word' id='word_1_863' title='bbox 1719 1639 1737 1661; x_wconf 90' lang='lat' dir='ltr'>e</span> <span class='ocrx_word' id='word_1_864' title='bbox 1782 1630 1818 1664; x_wconf 86' lang='lat' dir='ltr'>in</span> 
     </span>
     <span class='ocr_line' id='line_1_113' title="bbox 945 1670 1817 1715; baseline -0.002 -11"><span class='ocrx_word' id='word_1_865' title='bbox 945 1673 1129 1715; x_wconf 85' lang='lat' dir='ltr'>quibusdam</span> <span class='ocrx_word' id='word_1_866' title='bbox 1144 1671 1233 1704; x_wconf 83' lang='lat' dir='ltr'>libris</span> <span class='ocrx_word' id='word_1_867' title='bbox 1243 1670 1352 1712; x_wconf 62' lang='lat' dir='ltr'>pastio.</span> <span class='ocrx_word' id='word_1_868' title='bbox 1399 1671 1490 1704; x_wconf 91' lang='lat' dir='ltr'>Unde</span> <span class='ocrx_word' id='word_1_869' title='bbox 1506 1671 1610 1705; x_wconf 86' lang='lat' dir='ltr'>statim</span> <span class='ocrx_word' id='word_1_870' title='bbox 1634 1671 1817 1712; x_wconf 87' lang='lat' dir='ltr'>dubitatio,</span> 
     </span>
     <span class='ocr_line' id='line_1_114' title="bbox 946 1712 1815 1755; baseline -0.003 -8"><span class='ocrx_word' id='word_1_871' title='bbox 946 1724 985 1747; x_wconf 86' lang='lat' dir='ltr'>an</span> <span class='ocrx_word' id='word_1_872' title='bbox 1012 1723 1048 1746; x_wconf 88' lang='lat' dir='ltr'>ea</span> <span class='ocrx_word' id='word_1_873' title='bbox 1070 1713 1269 1746; x_wconf 88' lang='lat' dir='ltr'>solummodo</span> <span class='ocrx_word' id='word_1_874' title='bbox 1292 1713 1504 1746; x_wconf 83' lang='lat' dir='ltr'>incontinenti</span> <span class='ocrx_word' id='word_1_875' title='bbox 1532 1712 1615 1745; x_wconf 63' lang='lat' dir='ltr'>faeta</span> <span class='ocrx_word' id='word_1_876' title='bbox 1635 1713 1815 1755; x_wconf 82' lang='lat' dir='ltr'>intelligan-</span> 
     </span>
     <span class='ocr_line' id='line_1_115' title="bbox 948 1753 1818 1797; baseline -0.002 -9"><span class='ocrx_word' id='word_1_877' title='bbox 948 1763 1017 1795; x_wconf 86' lang='lat' dir='ltr'>tur,</span> <span class='ocrx_word' id='word_1_878' title='bbox 1039 1765 1107 1797; x_wconf 87' lang='lat' dir='ltr'>quae</span> <span class='ocrx_word' id='word_1_879' title='bbox 1148 1755 1311 1786; x_wconf 88' lang='lat' dir='ltr'>Iacuerunt</span> <span class='ocrx_word' id='word_1_880' title='bbox 1335 1756 1367 1786; x_wconf 91' lang='lat' dir='ltr'>in</span> <span class='ocrx_word' id='word_1_881' title='bbox 1396 1753 1464 1796; x_wconf 87' lang='lat' dir='ltr'>ipso</span> <span class='ocrx_word' id='word_1_882' title='bbox 1478 1755 1659 1787; x_wconf 65' lang='lat' dir='ltr'>contractus</span> <span class='ocrx_word' id='word_1_883' title='bbox 1677 1754 1818 1786; x_wconf 66' lang='lat' dir='ltr'>limine?</span> 
     </span>
     <span class='ocr_line' id='line_1_116' title="bbox 947 1794 1817 1830; baseline -0.002 0"><span class='ocrx_word' id='word_1_884' title='bbox 947 1807 1013 1830; x_wconf 92' lang='lat' dir='ltr'>non</span> <span class='ocrx_word' id='word_1_885' title='bbox 1039 1798 1083 1829; x_wconf 84' lang='lat' dir='ltr'>ita</span> <span class='ocrx_word' id='word_1_886' title='bbox 1135 1796 1234 1828; x_wconf 69' lang='lat' dir='ltr'>nete:</span> <span class='ocrx_word' id='word_1_887' title='bbox 1266 1795 1447 1828; x_wconf 88' lang='lat' dir='ltr'>moderatur</span> <span class='ocrx_word' id='word_1_888' title='bbox 1475 1795 1506 1828; x_wconf 88' lang='lat' dir='ltr'>id</span> <span class='ocrx_word' id='word_1_889' title='bbox 1531 1796 1644 1828; x_wconf 83' lang='lat' dir='ltr'>Paulus</span> <span class='ocrx_word' id='word_1_890' title='bbox 1660 1794 1767 1828; x_wconf 88' lang='lat' dir='ltr'>noster</span> <span class='ocrx_word' id='word_1_891' title='bbox 1784 1804 1817 1828; x_wconf 90' lang='lat' dir='ltr'>m</span> 
     </span>
     <span class='ocr_line' id='line_1_117' title="bbox 949 1836 1818 1880; baseline -0.003 -9"><span class='ocrx_word' id='word_1_892' title='bbox 949 1840 969 1871; x_wconf 93' lang='lat' dir='ltr'>l.</span> <span class='ocrx_word' id='word_1_893' title='bbox 998 1848 1024 1871; x_wconf 91' lang='lat'>1.</span> <span class='ocrx_word' id='word_1_894' title='bbox 1049 1838 1077 1880; x_wconf 88' lang='lat'>§.</span> <span class='ocrx_word' id='word_1_895' title='bbox 1103 1843 1132 1873; x_wconf 90' lang='lat'>8.</span> <span class='ocrx_word' id='word_1_896' title='bbox 1154 1836 1194 1879; x_wconf 94' lang='lat' dir='ltr'>ff.</span> <span class='ocrx_word' id='word_1_897' title='bbox 1219 1838 1258 1869; x_wconf 83' lang='lat' dir='ltr'>ad</span> <span class='ocrx_word' id='word_1_898' title='bbox 1282 1837 1323 1869; x_wconf 92' lang='lat' dir='ltr'>L.</span> <span class='ocrx_word' id='word_1_899' title='bbox 1347 1836 1462 1869; x_wconf 83' lang='lat' dir='ltr'>Falcid.</span> <span class='ocrx_word' id='word_1_900' title='bbox 1486 1837 1561 1869; x_wconf 91' lang='lat' dir='ltr'>dum</span> <span class='ocrx_word' id='word_1_901' title='bbox 1581 1851 1608 1865; x_wconf 79' lang='grc' dir='ltr'>το</span> <span class='ocrx_word' id='word_1_902' title='bbox 1632 1838 1818 1869; x_wconf 79' lang='lat' dir='ltr'>incontinen-</span> 
     </span>
     <span class='ocr_line' id='line_1_118' title="bbox 948 1877 1816 1922; baseline -0.002 -10"><span class='ocrx_word' id='word_1_903' title='bbox 948 1882 972 1912; x_wconf 78' lang='lat' dir='ltr'>ti</span> <span class='ocrx_word' id='word_1_904' title='bbox 992 1879 1210 1922; x_wconf 84' lang='lat' dir='ltr'>accipiendum</span> <span class='ocrx_word' id='word_1_905' title='bbox 1226 1878 1288 1911; x_wconf 83' lang='lat' dir='ltr'>effe</span> <span class='ocrx_word' id='word_1_906' title='bbox 1304 1879 1400 1910; x_wconf 93' lang='lat' dir='ltr'>docet</span> <span class='ocrx_word' id='word_1_907' title='bbox 1419 1889 1484 1910; x_wconf 81' lang='lat' dir='ltr'>cuin</span> <span class='ocrx_word' id='word_1_908' title='bbox 1500 1879 1596 1921; x_wconf 85' lang='lat' dir='ltr'>aliquo</span> <span class='ocrx_word' id='word_1_909' title='bbox 1607 1879 1717 1920; x_wconf 71' lang='lat' dir='ltr'>spacio.</span> <span class='ocrx_word' id='word_1_910' title='bbox 1760 1877 1816 1910; x_wconf 91' lang='lat' dir='ltr'>Ci-</span> 
     </span>
     <span class='ocr_line' id='line_1_119' title="bbox 948 1921 1817 1963; baseline -0.002 -10"><span class='ocrx_word' id='word_1_911' title='bbox 948 1922 1058 1954; x_wconf 86' lang='lat' dir='ltr'>viliter</span> <span class='ocrx_word' id='word_1_912' title='bbox 1078 1921 1196 1963; x_wconf 85' lang='lat' dir='ltr'>igitur,</span> <span class='ocrx_word' id='word_1_913' title='bbox 1222 1921 1251 1953; x_wconf 82' lang='lat'>&amp;</span> <span class='ocrx_word' id='word_1_914' title='bbox 1272 1933 1298 1949; x_wconf 75' lang='grc' dir='ltr'><em>ω</em></span> <span class='ocrx_word' id='word_1_915' title='bbox 1313 1921 1406 1953; x_wconf 59' lang='lat' dir='ltr'>arnolti</span> <span class='ocrx_word' id='word_1_916' title='bbox 1417 1930 1425 1952; x_wconf 90' lang='lat'>:</span> <span class='ocrx_word' id='word_1_917' title='bbox 1458 1927 1493 1952; x_wconf 90' lang='lat' dir='ltr'>ut</span> <span class='ocrx_word' id='word_1_918' title='bbox 1510 1930 1574 1952; x_wconf 91' lang='lat' dir='ltr'>non</span> <span class='ocrx_word' id='word_1_919' title='bbox 1591 1930 1626 1951; x_wconf 88' lang='lat' dir='ltr'>ea</span> <span class='ocrx_word' id='word_1_920' title='bbox 1641 1921 1817 1959; x_wconf 85' lang='lat' dir='ltr'>duntaxat,</span> 
     </span>
     <span class='ocr_line' id='line_1_120' title="bbox 949 1960 1814 2003; baseline -0.003 -8"><span class='ocrx_word' id='word_1_921' title='bbox 949 1973 1019 2003; x_wconf 84' lang='lat' dir='ltr'>quae</span> <span class='ocrx_word' id='word_1_922' title='bbox 1044 1962 1076 1994; x_wconf 90' lang='lat' dir='ltr'>in</span> <span class='ocrx_word' id='word_1_923' title='bbox 1101 1962 1257 1999; x_wconf 88' lang='lat' dir='ltr'>introitu,</span> <span class='ocrx_word' id='word_1_924' title='bbox 1289 1960 1340 1993; x_wconf 86' lang='lat' dir='ltr'>sed</span> <span class='ocrx_word' id='word_1_925' title='bbox 1360 1961 1391 1993; x_wconf 86' lang='lat'>&amp;</span> <span class='ocrx_word' id='word_1_926' title='bbox 1414 1970 1484 2002; x_wconf 85' lang='lat' dir='ltr'>quae</span> <span class='ocrx_word' id='word_1_927' title='bbox 1503 1961 1534 1993; x_wconf 91' lang='lat' dir='ltr'>in</span> <span class='ocrx_word' id='word_1_928' title='bbox 1550 1961 1655 1994; x_wconf 85' lang='lat' dir='ltr'>medio</span> <span class='ocrx_word' id='word_1_929' title='bbox 1672 1970 1727 2002; x_wconf 83' lang='lat' dir='ltr'>per</span> <span class='ocrx_word' id='word_1_930' title='bbox 1746 1970 1814 1993; x_wconf 90' lang='lat' dir='ltr'>mo-</span> 
     </span>
     <span class='ocr_line' id='line_1_121' title="bbox 948 2002 1817 2043; baseline -0.003 -7"><span class='ocrx_word' id='word_1_931' title='bbox 948 2004 1023 2036; x_wconf 87' lang='lat' dir='ltr'>dum</span> <span class='ocrx_word' id='word_1_932' title='bbox 1048 2002 1305 2036; x_wconf 88' lang='lat' dir='ltr'>interlocutionis</span> <span class='ocrx_word' id='word_1_933' title='bbox 1324 2024 1335 2040; x_wconf 92' lang='lat'>,</span> <span class='ocrx_word' id='word_1_934' title='bbox 1364 2002 1507 2043; x_wconf 77' lang='lat' dir='ltr'>quinimo</span> <span class='ocrx_word' id='word_1_935' title='bbox 1531 2002 1561 2034; x_wconf 71' lang='grc' dir='ltr'>δε</span> <span class='ocrx_word' id='word_1_936' title='bbox 1586 2004 1618 2035; x_wconf 89' lang='lat' dir='ltr'>in</span> <span class='ocrx_word' id='word_1_937' title='bbox 1639 2003 1752 2041; x_wconf 86' lang='lat' dir='ltr'>exitu,</span> <span class='ocrx_word' id='word_1_938' title='bbox 1776 2010 1817 2034; x_wconf 90' lang='lat' dir='ltr'>ne</span> 
     </span>
     <span class='ocr_line' id='line_1_122' title="bbox 948 2043 1818 2085; baseline -0.002 -8"><span class='ocrx_word' id='word_1_939' title='bbox 948 2046 1051 2077; x_wconf 87' lang='lat' dir='ltr'>dicam</span> <span class='ocrx_word' id='word_1_940' title='bbox 1069 2043 1138 2085; x_wconf 88' lang='lat' dir='ltr'>post</span> <span class='ocrx_word' id='word_1_941' title='bbox 1155 2044 1353 2076; x_wconf 71' lang='lat' dir='ltr'>contraCtum</span> <span class='ocrx_word' id='word_1_942' title='bbox 1368 2044 1429 2084; x_wconf 84' lang='lat' dir='ltr'>jam</span> <span class='ocrx_word' id='word_1_943' title='bbox 1446 2043 1697 2076; x_wconf 82' lang='lat' dir='ltr'>consummatum</span> <span class='ocrx_word' id='word_1_944' title='bbox 1709 2044 1818 2084; x_wconf 82' lang='lat' dir='ltr'>(dum-</span> 
     </span>
     <span class='ocr_line' id='line_1_123' title="bbox 949 2083 1818 2126; baseline -0.001 -8"><span class='ocrx_word' id='word_1_945' title='bbox 949 2087 1046 2118; x_wconf 88' lang='lat' dir='ltr'>modo</span> <span class='ocrx_word' id='word_1_946' title='bbox 1064 2086 1186 2124; x_wconf 88' lang='lat' dir='ltr'>statim,</span> <span class='ocrx_word' id='word_1_947' title='bbox 1210 2085 1240 2117; x_wconf 86' lang='lat'>&amp;</span> <span class='ocrx_word' id='word_1_948' title='bbox 1258 2094 1322 2117; x_wconf 91' lang='lat' dir='ltr'>uno</span> <span class='ocrx_word' id='word_1_949' title='bbox 1339 2084 1421 2126; x_wconf 88' lang='lat' dir='ltr'>quafi</span> <span class='ocrx_word' id='word_1_950' title='bbox 1434 2083 1566 2126; x_wconf 86' lang='lat' dir='ltr'>spiritu)</span> <span class='ocrx_word' id='word_1_951' title='bbox 1587 2095 1604 2116; x_wconf 87' lang='lat' dir='ltr'>a</span> <span class='ocrx_word' id='word_1_952' title='bbox 1620 2084 1818 2117; x_wconf 83' lang='lat' dir='ltr'>Contraben-</span> 
     </span>
     <span class='ocr_line' id='line_1_124' title="bbox 951 2125 1818 2168; baseline -0.003 -8"><span class='ocrx_word' id='word_1_953' title='bbox 951 2129 1035 2160; x_wconf 84' lang='lat' dir='ltr'>tibus</span> <span class='ocrx_word' id='word_1_954' title='bbox 1063 2128 1130 2160; x_wconf 68' lang='lat' dir='ltr'>aeta</span> <span class='ocrx_word' id='word_1_955' title='bbox 1150 2125 1234 2168; x_wconf 85' lang='lat' dir='ltr'>gesta</span> <span class='ocrx_word' id='word_1_956' title='bbox 1261 2125 1351 2164; x_wconf 87' lang='lat' dir='ltr'>sunt,</span> <span class='ocrx_word' id='word_1_957' title='bbox 1382 2126 1414 2158; x_wconf 88' lang='lat' dir='ltr'>in</span> <span class='ocrx_word' id='word_1_958' title='bbox 1439 2127 1619 2158; x_wconf 88' lang='lat' dir='ltr'>continenti</span> <span class='ocrx_word' id='word_1_959' title='bbox 1633 2126 1716 2158; x_wconf 68' lang='lat' dir='ltr'>faeta</span> <span class='ocrx_word' id='word_1_960' title='bbox 1733 2126 1818 2157; x_wconf 68' lang='lat' dir='ltr'>rede</span> 
     </span>
     <span class='ocr_line' id='line_1_125' title="bbox 949 2166 1819 2213; baseline -0.002 -12"><span class='ocrx_word' id='word_1_961' title='bbox 949 2170 1104 2201; x_wconf 83' lang='lat' dir='ltr'>dicantur.</span> <span class='ocrx_word' id='word_1_962' title='bbox 1158 2168 1266 2213; x_wconf 86' lang='lat' dir='ltr'>Quare</span> <span class='ocrx_word' id='word_1_963' title='bbox 1294 2167 1376 2199; x_wconf 89' lang='lat' dir='ltr'>idem</span> <span class='ocrx_word' id='word_1_964' title='bbox 1401 2166 1556 2208; x_wconf 89' lang='lat' dir='ltr'>Ulpianus</span> <span class='ocrx_word' id='word_1_965' title='bbox 1572 2191 1584 2207; x_wconf 92' lang='lat'>,</span> <span class='ocrx_word' id='word_1_966' title='bbox 1613 2168 1666 2209; x_wconf 86' lang='lat' dir='ltr'>qui</span> <span class='ocrx_word' id='word_1_967' title='bbox 1693 2168 1761 2200; x_wconf 85' lang='lat' dir='ltr'>haec</span> <span class='ocrx_word' id='word_1_968' title='bbox 1784 2169 1819 2199; x_wconf 87' lang='lat' dir='ltr'>de</span> 
     </span>
     <span class='ocr_line' id='line_1_126' title="bbox 949 2208 1820 2254; baseline -0.002 -12"><span class='ocrx_word' id='word_1_969' title='bbox 949 2210 1077 2254; x_wconf 73' lang='lat' dir='ltr'>ingreffii</span> <span class='ocrx_word' id='word_1_970' title='bbox 1094 2209 1187 2242; x_wconf 88' lang='lat' dir='ltr'>nobis</span> <span class='ocrx_word' id='word_1_971' title='bbox 1204 2216 1307 2241; x_wconf 84' lang='lat' dir='ltr'>narrat</span> <span class='ocrx_word' id='word_1_972' title='bbox 1326 2209 1359 2240; x_wconf 88' lang='lat' dir='ltr'>in</span> <span class='ocrx_word' id='word_1_973' title='bbox 1381 2210 1411 2241; x_wconf 88' lang='lat' dir='ltr'>d.</span> <span class='ocrx_word' id='word_1_974' title='bbox 1431 2209 1451 2240; x_wconf 86' lang='lat' dir='ltr'>l.</span> <span class='ocrx_word' id='word_1_975' title='bbox 1477 2218 1506 2250; x_wconf 83' lang='lat'>7.</span> <span class='ocrx_word' id='word_1_976' title='bbox 1533 2208 1562 2251; x_wconf 86' lang='lat'>§.</span> <span class='ocrx_word' id='word_1_977' title='bbox 1584 2219 1616 2250; x_wconf 87' lang='lat'>5.</span> <span class='ocrx_word' id='word_1_978' title='bbox 1640 2209 1752 2241; x_wconf 91' lang='lat' dir='ltr'>eodem</span> <span class='ocrx_word' id='word_1_979' title='bbox 1772 2209 1820 2240; x_wconf 92' lang='lat' dir='ltr'>lo-</span> 
     </span>
     <span class='ocr_line' id='line_1_127' title="bbox 950 2250 1820 2294; baseline -0.003 -10"><span class='ocrx_word' id='word_1_980' title='bbox 950 2262 990 2284; x_wconf 93' lang='lat' dir='ltr'>co</span> <span class='ocrx_word' id='word_1_981' title='bbox 1009 2252 1171 2294; x_wconf 67' lang='lat' dir='ltr'>paetorum</span> <span class='ocrx_word' id='word_1_982' title='bbox 1190 2251 1333 2282; x_wconf 86' lang='lat' dir='ltr'>meminit</span> <span class='ocrx_word' id='word_1_983' title='bbox 1349 2272 1361 2289; x_wconf 93' lang='lat'>,</span> <span class='ocrx_word' id='word_1_984' title='bbox 1390 2259 1460 2292; x_wconf 86' lang='lat' dir='ltr'>quae</span> <span class='ocrx_word' id='word_1_985' title='bbox 1476 2260 1517 2282; x_wconf 83' lang='lat' dir='ltr'>ex</span> <span class='ocrx_word' id='word_1_986' title='bbox 1534 2251 1712 2283; x_wconf 88' lang='lat' dir='ltr'>continenti</span> <span class='ocrx_word' id='word_1_987' title='bbox 1721 2250 1820 2291; x_wconf 74' lang='lat' dir='ltr'>snbst-</span> 
     </span>
     <span class='ocr_line' id='line_1_128' title="bbox 950 2291 1819 2335; baseline -0.002 -10"><span class='ocrx_word' id='word_1_988' title='bbox 950 2293 1110 2335; x_wconf 75' lang='lat' dir='ltr'>cutasnnt.</span> <span class='ocrx_word' id='word_1_989' title='bbox 1157 2292 1200 2324; x_wconf 89' lang='lat' dir='ltr'>Et</span> <span class='ocrx_word' id='word_1_990' title='bbox 1219 2292 1342 2333; x_wconf 67' lang='lat' dir='ltr'>pastum</span> <span class='ocrx_word' id='word_1_991' title='bbox 1361 2291 1393 2324; x_wconf 88' lang='lat' dir='ltr'>in</span> <span class='ocrx_word' id='word_1_992' title='bbox 1416 2291 1437 2323; x_wconf 89' lang='lat' dir='ltr'>l.</span> <span class='ocrx_word' id='word_1_993' title='bbox 1454 2302 1505 2332; x_wconf 84' lang='lat'>40.</span> <span class='ocrx_word' id='word_1_994' title='bbox 1525 2292 1568 2334; x_wconf 90' lang='lat' dir='ltr'>ff.</span> <span class='ocrx_word' id='word_1_995' title='bbox 1591 2293 1625 2323; x_wconf 88' lang='lat' dir='ltr'>de</span> <span class='ocrx_word' id='word_1_996' title='bbox 1648 2292 1690 2323; x_wconf 89' lang='lat' dir='ltr'>R.</span> <span class='ocrx_word' id='word_1_997' title='bbox 1715 2292 1746 2323; x_wconf 87' lang='lat' dir='ltr'>C.</span> <span class='ocrx_word' id='word_1_998' title='bbox 1773 2293 1819 2323; x_wconf 87' lang='lat' dir='ltr'>in-</span> 
     </span>
     <span class='ocr_line' id='line_1_129' title="bbox 950 2331 1820 2375; baseline -0.006 -7"><span class='ocrx_word' id='word_1_999' title='bbox 950 2335 1127 2368; x_wconf 89' lang='lat' dir='ltr'>continenti</span> <span class='ocrx_word' id='word_1_1000' title='bbox 1139 2333 1258 2366; x_wconf 72' lang='lat' dir='ltr'>faCtum</span> <span class='ocrx_word' id='word_1_1001' title='bbox 1274 2341 1490 2372; x_wconf 86' lang='lat' dir='ltr'>memoratur,</span> <span class='ocrx_word' id='word_1_1002' title='bbox 1511 2343 1607 2375; x_wconf 90' lang='lat' dir='ltr'>quum</span> <span class='ocrx_word' id='word_1_1003' title='bbox 1624 2341 1727 2364; x_wconf 89' lang='lat' dir='ltr'>tamen</span> <span class='ocrx_word' id='word_1_1004' title='bbox 1737 2331 1820 2364; x_wconf 86' lang='lat' dir='ltr'>haud</span> 
     </span>
     <span class='ocr_line' id='line_1_130' title="bbox 950 2372 1818 2418; baseline -0.006 -9"><span class='ocrx_word' id='word_1_1005' title='bbox 950 2377 1045 2409; x_wconf 88' lang='lat' dir='ltr'>dubie</span> <span class='ocrx_word' id='word_1_1006' title='bbox 1069 2375 1140 2418; x_wconf 90' lang='lat' dir='ltr'>post</span> <span class='ocrx_word' id='word_1_1007' title='bbox 1164 2373 1383 2416; x_wconf 87' lang='lat' dir='ltr'>stipulationes</span> <span class='ocrx_word' id='word_1_1008' title='bbox 1409 2374 1555 2407; x_wconf 91' lang='lat' dir='ltr'>omnibus</span> <span class='ocrx_word' id='word_1_1009' title='bbox 1579 2372 1738 2406; x_wconf 87' lang='lat' dir='ltr'>absolutas</span> <span class='ocrx_word' id='word_1_1010' title='bbox 1762 2382 1818 2405; x_wconf 90' lang='lat' dir='ltr'>nu-</span> 
     </span>
     <span class='ocr_line' id='line_1_131' title="bbox 951 2414 1822 2457; baseline -0.006 -7"><span class='ocrx_word' id='word_1_1011' title='bbox 951 2419 1045 2450; x_wconf 87' lang='lat' dir='ltr'>meris</span> <span class='ocrx_word' id='word_1_1012' title='bbox 1071 2417 1170 2449; x_wconf 90' lang='lat' dir='ltr'>fuerit</span> <span class='ocrx_word' id='word_1_1013' title='bbox 1193 2415 1377 2457; x_wconf 81' lang='lat' dir='ltr'>adpositum.</span> <span class='ocrx_word' id='word_1_1014' title='bbox 1431 2415 1537 2455; x_wconf 90' lang='lat' dir='ltr'>Adde,</span> <span class='ocrx_word' id='word_1_1015' title='bbox 1571 2425 1640 2457; x_wconf 85' lang='lat' dir='ltr'>quae</span> <span class='ocrx_word' id='word_1_1016' title='bbox 1657 2414 1710 2446; x_wconf 90' lang='lat' dir='ltr'>alii</span> <span class='ocrx_word' id='word_1_1017' title='bbox 1731 2422 1822 2446; x_wconf 84' lang='lat' dir='ltr'>nota-</span> 
     </span>
     <span class='ocr_line' id='line_1_132' title="bbox 951 2455 1820 2502; baseline -0.006 -10"><span class='ocrx_word' id='word_1_1018' title='bbox 951 2468 1026 2492; x_wconf 92' lang='lat' dir='ltr'>runt</span> <span class='ocrx_word' id='word_1_1019' title='bbox 1042 2468 1083 2491; x_wconf 83' lang='lat' dir='ltr'>ex</span> <span class='ocrx_word' id='word_1_1020' title='bbox 1103 2459 1123 2490; x_wconf 89' lang='lat' dir='ltr'>l.</span> <span class='ocrx_word' id='word_1_1021' title='bbox 1141 2468 1170 2500; x_wconf 82' lang='lat'>3.</span> <span class='ocrx_word' id='word_1_1022' title='bbox 1199 2457 1230 2488; x_wconf 93' lang='lat' dir='ltr'>C.</span> <span class='ocrx_word' id='word_1_1023' title='bbox 1256 2459 1289 2488; x_wconf 85' lang='lat' dir='ltr'>de</span> <span class='ocrx_word' id='word_1_1024' title='bbox 1309 2456 1408 2490; x_wconf 82' lang='lat' dir='ltr'>AEdil.</span> <span class='ocrx_word' id='word_1_1025' title='bbox 1432 2456 1490 2489; x_wconf 70' lang='grc' dir='ltr'>αὲῗ.</span> <span class='ocrx_word' id='word_1_1026' title='bbox 1536 2456 1624 2502; x_wconf 89' lang='lat' dir='ltr'>Quid</span> <span class='ocrx_word' id='word_1_1027' title='bbox 1640 2463 1746 2488; x_wconf 87' lang='lat' dir='ltr'>autem</span> <span class='ocrx_word' id='word_1_1028' title='bbox 1763 2455 1820 2487; x_wconf 84' lang='lat' dir='ltr'>fibi</span> 
     </span>
     <span class='ocr_line' id='line_1_133' title="bbox 952 2496 1819 2542; baseline -0.006 -9"><span class='ocrx_word' id='word_1_1029' title='bbox 952 2501 1033 2533; x_wconf 90' lang='lat' dir='ltr'>velit</span> <span class='ocrx_word' id='word_1_1030' title='bbox 1050 2504 1078 2532; x_wconf 62' lang='grc' dir='ltr'>,ὁ</span> <span class='ocrx_word' id='word_1_1031' title='bbox 1094 2498 1235 2542; x_wconf 83' lang='lat' dir='ltr'>ingreffns</span> <span class='ocrx_word' id='word_1_1032' title='bbox 1250 2499 1282 2530; x_wconf 91' lang='lat' dir='ltr'>in</span> <span class='ocrx_word' id='word_1_1033' title='bbox 1305 2500 1334 2530; x_wconf 84' lang='lat' dir='ltr'>d.</span> <span class='ocrx_word' id='word_1_1034' title='bbox 1356 2498 1375 2530; x_wconf 89' lang='lat' dir='ltr'>l.</span> <span class='ocrx_word' id='word_1_1035' title='bbox 1400 2508 1428 2539; x_wconf 87' lang='lat'>7.</span> <span class='ocrx_word' id='word_1_1036' title='bbox 1454 2497 1483 2539; x_wconf 55' lang='grc' dir='ltr'>ὃ.</span> <span class='ocrx_word' id='word_1_1037' title='bbox 1507 2507 1538 2539; x_wconf 88' lang='lat'>5.</span> <span class='ocrx_word' id='word_1_1038' title='bbox 1565 2498 1596 2530; x_wconf 76' lang='lat' dir='ltr'>dc</span> <span class='ocrx_word' id='word_1_1039' title='bbox 1616 2506 1688 2539; x_wconf 83' lang='lat' dir='ltr'>quae</span> <span class='ocrx_word' id='word_1_1040' title='bbox 1707 2496 1744 2530; x_wconf 84' lang='lat' dir='ltr'>sit</span> <span class='ocrx_word' id='word_1_1041' title='bbox 1762 2496 1819 2528; x_wconf 90' lang='lat' dir='ltr'>hu-</span> 
     </span>
     <span class='ocr_line' id='line_1_134' title="bbox 951 2537 1820 2583; baseline -0.005 -9"><span class='ocrx_word' id='word_1_1042' title='bbox 951 2543 1001 2583; x_wconf 84' lang='lat' dir='ltr'>jus</span> <span class='ocrx_word' id='word_1_1043' title='bbox 1018 2540 1168 2574; x_wconf 83' lang='lat' dir='ltr'>vocabuli</span> <span class='ocrx_word' id='word_1_1044' title='bbox 1185 2539 1338 2579; x_wconf 88' lang='lat' dir='ltr'>latitudo,</span> <span class='ocrx_word' id='word_1_1045' title='bbox 1363 2540 1532 2581; x_wconf 89' lang='lat' dir='ltr'>probatum</span> <span class='ocrx_word' id='word_1_1046' title='bbox 1545 2538 1619 2571; x_wconf 88' lang='lat' dir='ltr'>vide</span> <span class='ocrx_word' id='word_1_1047' title='bbox 1635 2539 1716 2580; x_wconf 88' lang='lat' dir='ltr'>apud</span> <span class='ocrx_word' id='word_1_1048' title='bbox 1735 2537 1820 2570; x_wconf 90' lang='lat' dir='ltr'>Con-</span> 
     </span>
     <span class='ocr_line' id='line_1_135' title="bbox 953 2579 1817 2622; baseline -0.007 -6"><span class='ocrx_word' id='word_1_1049' title='bbox 953 2593 1067 2616; x_wconf 87' lang='lat' dir='ltr'>nanum</span> <span class='ocrx_word' id='word_1_1050' title='bbox 1092 2583 1247 2614; x_wconf 74' lang='lat' dir='ltr'>Commeni.</span> <span class='ocrx_word' id='word_1_1051' title='bbox 1269 2580 1305 2622; x_wconf 79' lang='lat' dir='ltr'>J.</span> <span class='ocrx_word' id='word_1_1052' title='bbox 1329 2581 1360 2613; x_wconf 61' lang='lat' dir='ltr'>C,</span> <span class='ocrx_word' id='word_1_1053' title='bbox 1391 2581 1463 2613; x_wconf 87' lang='lat' dir='ltr'>Lib.</span> <span class='ocrx_word' id='word_1_1054' title='bbox 1484 2580 1523 2613; x_wconf 90' lang='lat' dir='ltr'>V.</span> <span class='ocrx_word' id='word_1_1055' title='bbox 1558 2581 1590 2612; x_wconf 91' lang='lat' dir='ltr'>C.</span> <span class='ocrx_word' id='word_1_1056' title='bbox 1610 2590 1638 2612; x_wconf 84' lang='lat'>2.</span> <span class='ocrx_word' id='word_1_1057' title='bbox 1658 2584 1687 2614; x_wconf 92' lang='lat'>8.</span> <span class='ocrx_word' id='word_1_1058' title='bbox 1714 2579 1744 2612; x_wconf 89' lang='lat'>&amp;</span> <span class='ocrx_word' id='word_1_1059' title='bbox 1760 2579 1817 2610; x_wconf 64' lang='grc' dir='ltr'>ΙΕ-</span> 
     </span>
     <span class='ocr_line' id='line_1_136' title="bbox 954 2621 1821 2664; baseline -0.007 -7"><span class='ocrx_word' id='word_1_1060' title='bbox 954 2625 1020 2657; x_wconf 90' lang='lat' dir='ltr'>mil.</span> <span class='ocrx_word' id='word_1_1061' title='bbox 1039 2625 1217 2656; x_wconf 77' lang='lat' dir='ltr'>Feri-ectum</span> <span class='ocrx_word' id='word_1_1062' title='bbox 1235 2623 1273 2654; x_wconf 87' lang='lat' dir='ltr'>ad</span> <span class='ocrx_word' id='word_1_1063' title='bbox 1295 2624 1323 2655; x_wconf 79' lang='lat' dir='ltr'>cl.</span> <span class='ocrx_word' id='word_1_1064' title='bbox 1342 2621 1372 2664; x_wconf 61' lang='grc' dir='ltr'>ἓ.</span> <span class='ocrx_word' id='word_1_1065' title='bbox 1385 2632 1416 2654; x_wconf 89' lang='lat' dir='ltr'>n.</span> <span class='ocrx_word' id='word_1_1066' title='bbox 1436 2627 1483 2657; x_wconf 91' lang='lat'>18.</span> <span class='ocrx_word' id='word_1_1067' title='bbox 1508 2622 1582 2654; x_wconf 89' lang='lat' dir='ltr'>dum</span> <span class='ocrx_word' id='word_1_1068' title='bbox 1598 2621 1737 2663; x_wconf 84' lang='lat' dir='ltr'>graditur</span> <span class='ocrx_word' id='word_1_1069' title='bbox 1747 2629 1821 2651; x_wconf 86' lang='lat' dir='ltr'>con·</span> 
     </span>
     <span class='ocr_line' id='line_1_137' title="bbox 955 2661 1823 2707; baseline -0.009 -8"><span class='ocrx_word' id='word_1_1070' title='bbox 955 2666 1072 2700; x_wconf 68' lang='lat' dir='ltr'>trastus</span> <span class='ocrx_word' id='word_1_1071' title='bbox 1089 2688 1100 2704; x_wconf 92' lang='lat'>,</span> <span class='ocrx_word' id='word_1_1072' title='bbox 1132 2664 1277 2707; x_wconf 83' lang='lat' dir='ltr'>ingreffu,</span> <span class='ocrx_word' id='word_1_1073' title='bbox 1309 2664 1470 2705; x_wconf 89' lang='lat' dir='ltr'>quomodo</span> <span class='ocrx_word' id='word_1_1074' title='bbox 1487 2663 1510 2696; x_wconf 84' lang='lat' dir='ltr'><strong>fi</strong></span> <span class='ocrx_word' id='word_1_1075' title='bbox 1528 2664 1599 2705; x_wconf 88' lang='lat' dir='ltr'>quis</span> <span class='ocrx_word' id='word_1_1076' title='bbox 1617 2662 1721 2703; x_wconf 87' lang='lat' dir='ltr'>legere</span> <span class='ocrx_word' id='word_1_1077' title='bbox 1740 2661 1823 2692; x_wconf 84' lang='lat' dir='ltr'>velit</span> 
     </span>
     <span class='ocr_line' id='line_1_138' title="bbox 955 2702 1821 2755; baseline -0.008 -16"><span class='ocrx_word' id='word_1_1078' title='bbox 955 2709 988 2740; x_wconf 89' lang='lat' dir='ltr'>in</span> <span class='ocrx_word' id='word_1_1079' title='bbox 1008 2707 1036 2749; x_wconf 68' lang='grc' dir='ltr'>ξ).</span> <span class='ocrx_word' id='word_1_1080' title='bbox 1062 2707 1203 2755; x_wconf 69' lang='lat' dir='ltr'>Qninimo</span> <span class='ocrx_word' id='word_1_1081' title='bbox 1219 2716 1251 2746; x_wconf 86' lang='lat'>5.</span> <span class='ocrx_word' id='word_1_1082' title='bbox 1274 2705 1360 2738; x_wconf 93' lang='lat' dir='ltr'>dicat</span> <span class='ocrx_word' id='word_1_1083' title='bbox 1383 2719 1407 2733; x_wconf 75' lang='lat' dir='ltr'>ro</span> <span class='ocrx_word' id='word_1_1084' title='bbox 1420 2706 1452 2736; x_wconf 91' lang='lat' dir='ltr'>in</span> <span class='ocrx_word' id='word_1_1085' title='bbox 1472 2703 1642 2745; x_wconf 71' lang='lat' dir='ltr'>maiuscule</span> <span class='ocrx_word' id='word_1_1086' title='bbox 1659 2702 1821 2743; x_wconf 81' lang='lat' dir='ltr'>scriptum,</span> 
     </span>
     <span class='ocr_line' id='line_1_139' title="bbox 957 2742 1822 2789; baseline -0.01 -6"><span class='ocrx_word' id='word_1_1087' title='bbox 957 2751 988 2782; x_wconf 66' lang='grc' dir='ltr'>ἃ.</span> <span class='ocrx_word' id='word_1_1088' title='bbox 1014 2751 1095 2782; x_wconf 82' lang='lat' dir='ltr'>male</span> <span class='ocrx_word' id='word_1_1089' title='bbox 1122 2747 1315 2789; x_wconf 79' lang='lat' dir='ltr'>geminatum</span> <span class='ocrx_word' id='word_1_1090' title='bbox 1344 2746 1423 2778; x_wconf 86' lang='lat' dir='ltr'>effe:</span> <span class='ocrx_word' id='word_1_1091' title='bbox 1447 2755 1506 2778; x_wconf 91' lang='lat' dir='ltr'>nec</span> <span class='ocrx_word' id='word_1_1092' title='bbox 1522 2745 1614 2777; x_wconf 88' lang='lat' dir='ltr'>valde</span> <span class='ocrx_word' id='word_1_1093' title='bbox 1628 2742 1822 2785; x_wconf 83' lang='lat' dir='ltr'>repugnabo.</span> 
     </span>
     <span class='ocr_line' id='line_1_140' title="bbox 957 2784 1821 2831; baseline -0.01 -8"><span class='ocrx_word' id='word_1_1094' title='bbox 957 2790 1019 2823; x_wconf 88' lang='lat' dir='ltr'>His</span> <span class='ocrx_word' id='word_1_1095' title='bbox 1044 2789 1183 2831; x_wconf 86' lang='lat' dir='ltr'>cognitis</span> <span class='ocrx_word' id='word_1_1096' title='bbox 1200 2811 1212 2828; x_wconf 83' lang='lat'>,</span> <span class='ocrx_word' id='word_1_1097' title='bbox 1243 2788 1366 2821; x_wconf 85' lang='lat' dir='ltr'>videbis</span> <span class='ocrx_word' id='word_1_1098' title='bbox 1392 2789 1515 2829; x_wconf 86' lang='lat' dir='ltr'>placere</span> <span class='ocrx_word' id='word_1_1099' title='bbox 1535 2796 1598 2819; x_wconf 92' lang='lat' dir='ltr'>non</span> <span class='ocrx_word' id='word_1_1100' title='bbox 1621 2784 1728 2826; x_wconf 86' lang='lat' dir='ltr'>posse,</span> <span class='ocrx_word' id='word_1_1101' title='bbox 1750 2793 1821 2829; x_wconf 80' lang='lat' dir='ltr'>quae</span> 
     </span>
     <span class='ocr_line' id='line_1_141' title="bbox 957 2824 1819 2871; baseline -0.01 -7"><span class='ocrx_word' id='word_1_1102' title='bbox 957 2833 1101 2865; x_wconf 87' lang='lat' dir='ltr'>Alciatus</span> <span class='ocrx_word' id='word_1_1103' title='bbox 1120 2830 1189 2862; x_wconf 81' lang='lat' dir='ltr'>Lib.</span> <span class='ocrx_word' id='word_1_1104' title='bbox 1214 2830 1254 2862; x_wconf 89' lang='lat' dir='ltr'>II.</span> <span class='ocrx_word' id='word_1_1105' title='bbox 1279 2830 1405 2871; x_wconf 78' lang='lat' dir='ltr'>Parerg.</span> <span class='ocrx_word' id='word_1_1106' title='bbox 1440 2829 1471 2860; x_wconf 94' lang='lat' dir='ltr'>C.</span> <span class='ocrx_word' id='word_1_1107' title='bbox 1490 2838 1543 2869; x_wconf 83' lang='lat'>34.</span> <span class='ocrx_word' id='word_1_1108' title='bbox 1565 2827 1604 2858; x_wconf 92' lang='lat' dir='ltr'>de</span> <span class='ocrx_word' id='word_1_1109' title='bbox 1620 2824 1819 2865; x_wconf 76' lang='lat' dir='ltr'>significatio-</span> 
     </span>
     <span class='ocr_line' id='line_1_142' title="bbox 957 2866 1822 2914; baseline -0.01 -9"><span class='ocrx_word' id='word_1_1110' title='bbox 957 2883 997 2906; x_wconf 90' lang='lat' dir='ltr'>ne</span> <span class='ocrx_word' id='word_1_1111' title='bbox 1023 2873 1110 2904; x_wconf 82' lang='lat' dir='ltr'>verbi</span> <span class='ocrx_word' id='word_1_1112' title='bbox 1141 2871 1282 2914; x_wconf 68' lang='lat' dir='ltr'>ingr-effus</span> <span class='ocrx_word' id='word_1_1113' title='bbox 1300 2893 1311 2909; x_wconf 85' lang='lat'>‚</span> <span class='ocrx_word' id='word_1_1114' title='bbox 1341 2871 1404 2901; x_wconf 87' lang='lat' dir='ltr'>hoc</span> <span class='ocrx_word' id='word_1_1115' title='bbox 1427 2870 1552 2910; x_wconf 87' lang='lat' dir='ltr'>quidem</span> <span class='ocrx_word' id='word_1_1116' title='bbox 1576 2869 1673 2906; x_wconf 87' lang='lat' dir='ltr'>loco,</span> <span class='ocrx_word' id='word_1_1117' title='bbox 1703 2866 1822 2911; x_wconf 82' lang='lat' dir='ltr'>fingere</span> 
     </span>
     <span class='ocr_line' id='line_1_143' title="bbox 957 2908 1824 2948; baseline -0.012 -1"><span class='ocrx_word' id='word_1_1118' title='bbox 957 2925 1021 2948; x_wconf 88' lang='lat' dir='ltr'>non</span> <span class='ocrx_word' id='word_1_1119' title='bbox 1036 2915 1206 2946; x_wconf 87' lang='lat' dir='ltr'>dubitavit.</span> <span class='ocrx_word' id='word_1_1120' title='bbox 1251 2910 1355 2944; x_wconf 82' lang='lat' dir='ltr'>Posset</span> <span class='ocrx_word' id='word_1_1121' title='bbox 1372 2911 1402 2942; x_wconf 71' lang='grc' dir='ltr'>ἂ</span> <span class='ocrx_word' id='word_1_1122' title='bbox 1428 2919 1463 2941; x_wconf 84' lang='lat' dir='ltr'>ea</span> <span class='ocrx_word' id='word_1_1123' title='bbox 1484 2919 1533 2941; x_wconf 90' lang='lat' dir='ltr'>res</span> <span class='ocrx_word' id='word_1_1124' title='bbox 1550 2908 1642 2940; x_wconf 89' lang='lat' dir='ltr'>aliter</span> <span class='ocrx_word' id='word_1_1125' title='bbox 1659 2909 1824 2947; x_wconf 84' lang='lat' dir='ltr'>expediri,</span> 
     </span>
     <span class='ocr_line' id='line_1_144' title="bbox 957 2948 1824 2992; baseline -0.01 -4"><span class='ocrx_word' id='word_1_1126' title='bbox 957 2965 1069 2988; x_wconf 89' lang='lat' dir='ltr'>verum</span> <span class='ocrx_word' id='word_1_1127' title='bbox 1095 2955 1176 2987; x_wconf 88' lang='lat' dir='ltr'>tanti</span> <span class='ocrx_word' id='word_1_1128' title='bbox 1206 2963 1271 2986; x_wconf 91' lang='lat' dir='ltr'>non</span> <span class='ocrx_word' id='word_1_1129' title='bbox 1286 2952 1350 2992; x_wconf 87' lang='lat' dir='ltr'>est,</span> <span class='ocrx_word' id='word_1_1130' title='bbox 1373 2958 1409 2982; x_wconf 89' lang='lat' dir='ltr'>ut</span> <span class='ocrx_word' id='word_1_1131' title='bbox 1424 2950 1526 2982; x_wconf 89' lang='lat' dir='ltr'>eidem</span> <span class='ocrx_word' id='word_1_1132' title='bbox 1540 2948 1659 2981; x_wconf 88' lang='lat' dir='ltr'>diutius</span> <span class='ocrx_word' id='word_1_1133' title='bbox 1675 2949 1824 2980; x_wconf 88' lang='lat' dir='ltr'>immore-</span> 
     </span>
     <span class='ocr_line' id='line_1_145' title="bbox 958 3007 1038 3030; baseline -0.025 0"><span class='ocrx_word' id='word_1_1134' title='bbox 958 3007 1038 3030; x_wconf 87' lang='lat' dir='ltr'>mur.</span> 
     </span>
    </p>

    <p class='ocr_par' dir='ltr' id='par_1_12' title="bbox 956 3028 1861 3247">
     <span class='ocr_line' id='line_1_146' title="bbox 1002 3028 1826 3078; baseline -0.012 -7"><span class='ocrx_word' id='word_1_1135' title='bbox 1002 3038 1133 3071; x_wconf 84' lang='lat' dir='ltr'>Interim</span> <span class='ocrx_word' id='word_1_1136' title='bbox 1157 3036 1247 3078; x_wconf 77' lang='lat' dir='ltr'>paCta</span> <span class='ocrx_word' id='word_1_1137' title='bbox 1268 3034 1414 3067; x_wconf 86' lang='lat' dir='ltr'>absoluto</span> <span class='ocrx_word' id='word_1_1138' title='bbox 1428 3032 1502 3073; x_wconf 77' lang='lat' dir='ltr'>&#39;jam</span> <span class='ocrx_word' id='word_1_1139' title='bbox 1519 3030 1696 3064; x_wconf 66' lang='lat' dir='ltr'>contractui</span> <span class='ocrx_word' id='word_1_1140' title='bbox 1725 3028 1826 3071; x_wconf 67' lang='lat' dir='ltr'>subie-</span> 
     </span>
     <span class='ocr_line' id='line_1_147' title="bbox 960 3070 1828 3120; baseline -0.013 -7"><span class='ocrx_word' id='word_1_1141' title='bbox 960 3080 1028 3118; x_wconf 65' lang='lat' dir='ltr'>cta,</span> <span class='ocrx_word' id='word_1_1142' title='bbox 1050 3086 1180 3120; x_wconf 84' lang='lat' dir='ltr'>oportet</span> <span class='ocrx_word' id='word_1_1143' title='bbox 1195 3077 1272 3110; x_wconf 90' lang='lat' dir='ltr'>fiant</span> <span class='ocrx_word' id='word_1_1144' title='bbox 1289 3076 1411 3107; x_wconf 86' lang='lat' dir='ltr'>calente</span> <span class='ocrx_word' id='word_1_1145' title='bbox 1429 3074 1577 3116; x_wconf 80' lang='lat' dir='ltr'>negotio,</span> <span class='ocrx_word' id='word_1_1146' title='bbox 1602 3072 1781 3114; x_wconf 89' lang='lat' dir='ltr'>priusquam</span> <span class='ocrx_word' id='word_1_1147' title='bbox 1790 3070 1828 3103; x_wconf 90' lang='lat' dir='ltr'>ad</span> 
     </span>
     <span class='ocr_line' id='line_1_148' title="bbox 960 3116 1827 3162; baseline -0.008 -9"><span class='ocrx_word' id='word_1_1148' title='bbox 960 3123 1021 3154; x_wconf 85' lang='lat' dir='ltr'>alia</span> <span class='ocrx_word' id='word_1_1149' title='bbox 1037 3128 1141 3162; x_wconf 87' lang='lat' dir='ltr'>partes</span> <span class='ocrx_word' id='word_1_1150' title='bbox 1156 3119 1335 3157; x_wconf 87' lang='lat' dir='ltr'>divertant,</span> <span class='ocrx_word' id='word_1_1151' title='bbox 1362 3116 1507 3154; x_wconf 50' lang='lat' dir='ltr'>ammaim</span> <span class='ocrx_word' id='word_1_1152' title='bbox 1526 3116 1557 3152; x_wconf 68' lang='grc' dir='ltr'>τῇ</span> <span class='ocrx_word' id='word_1_1153' title='bbox 1575 3116 1670 3146; x_wconf 56' lang='grc' dir='ltr'>σι’ςατό</span> <span class='ocrx_word' id='word_1_1154' title='bbox 1687 3117 1721 3145; x_wconf 67' lang='grc' dir='ltr'>τῦ</span> <span class='ocrx_word' id='word_1_1155' title='bbox 1739 3122 1827 3141; x_wconf 56' lang='lat' dir='ltr'>mma-</span> 
     </span>
     <span class='ocr_line' id='line_1_149' title="bbox 963 3153 1829 3200; baseline -0.007 -9"><span class='ocrx_word' id='word_1_1156' title='bbox 963 3166 1118 3200; x_wconf 62' lang='lat' dir='ltr'>247uam,</span> <span class='ocrx_word' id='word_1_1157' title='bbox 1143 3167 1177 3192; x_wconf 89' lang='lat' dir='ltr'>ut</span> <span class='ocrx_word' id='word_1_1158' title='bbox 1193 3159 1299 3190; x_wconf 83' lang='lat' dir='ltr'>Graeci</span> <span class='ocrx_word' id='word_1_1159' title='bbox 1314 3182 1324 3198; x_wconf 88' lang='lat'>,</span> <span class='ocrx_word' id='word_1_1160' title='bbox 1358 3158 1379 3189; x_wconf 91' lang='lat' dir='ltr'>i.</span> <span class='ocrx_word' id='word_1_1161' title='bbox 1404 3166 1431 3188; x_wconf 91' lang='lat' dir='ltr'>e.</span> <span class='ocrx_word' id='word_1_1162' title='bbox 1453 3163 1539 3198; x_wconf 82' lang='lat' dir='ltr'>prope</span> <span class='ocrx_word' id='word_1_1163' title='bbox 1556 3155 1646 3197; x_wconf 77' lang='lat' dir='ltr'>ipsun</span> <span class='ocrx_word' id='word_1_1164' title='bbox 1664 3153 1829 3186; x_wconf 56' lang='lat' dir='ltr'>contrarius</span> 
     </span>
     <span class='ocr_line' id='line_1_150' title="bbox 956 3196 1861 3247; baseline -0.014 -9"><span class='ocrx_word' id='word_1_1165' title='bbox 956 3205 1135 3247; x_wconf 79' lang='lat' dir='ltr'>fundamen.</span> <span class='ocrx_word' id='word_1_1166' title='bbox 1205 3200 1369 3246; x_wconf 88' lang='lat' dir='ltr'>Quantum</span> <span class='ocrx_word' id='word_1_1167' title='bbox 1392 3207 1470 3232; x_wconf 87' lang='lat' dir='ltr'>vero</span> <span class='ocrx_word' id='word_1_1168' title='bbox 1497 3197 1649 3238; x_wconf 84' lang='lat' dir='ltr'>temporis</span> <span class='ocrx_word' id='word_1_1169' title='bbox 1672 3196 1829 3230; x_wconf 84' lang='lat' dir='ltr'>laxamen-</span> <span class='ocrx_word' id='word_1_1170' title='bbox 1856 3219 1861 3221; x_wconf 93' lang='lat'>.</span> 
     </span>
    </p>

    <p class='ocr_par' dir='ltr' id='par_1_13' title="bbox 1244 3243 1832 3282">
     <span class='ocr_line' id='line_1_151' title="bbox 1244 3243 1832 3282; baseline -0.002 -9"><span class='ocrx_word' id='word_1_1171' title='bbox 1244 3243 1268 3273; x_wconf 61' lang='grc' dir='ltr'>η’</span> <span class='ocrx_word' id='word_1_1172' title='bbox 1293 3251 1312 3282; x_wconf 85' lang='grc'>3</span> <span class='ocrx_word' id='word_1_1173' title='bbox 1763 3243 1832 3272; x_wconf 77' lang='lat' dir='ltr'>tum</span> 
     </span>
    </p>
   </div>
  </div>
 </body>
</html>
