2008 3436
424 123 823 163 CORNELII
895 133 1005 159 VAN

191 132 261 172 284

186 209 268 239 inter
287 205 336 245 se,
358 206 411 239 vel
429 206 483 247 ipsi
504 203 782 239 Ommelandenses
797 203 878 234 inter
895 201 926 234 se
939 201 1050 234 dissen-

185 249 290 285 tiant,
316 248 409 280 nullae
431 249 521 289 plane
536 256 639 290 partes
657 253 747 279 erunt
770 244 924 290 Ordinum
947 241 1052 288 Gene-

182 290 295 321 ralium
309 311 319 327 ,
341 288 397 321 nisi
412 289 498 322 forte
516 299 556 321 ex
583 299 670 321 novo
694 285 935 326 compromiffo,
958 285 996 315 de
1015 284 1050 316 11-

182 330 224 362 113
242 330 465 362 controverfiis
488 340 564 362 tunc
579 327 773 370 interposito,
821 325 903 358 Cum
921 326 1050 358 0311116-

182 371 342 404 landenses
369 371 527 412 saepiffime
552 372 689 402 invicem
713 369 772 401 1131
793 367 995 406 tumultuati,
1020 367 1051 398 ὃς

184 413 286 446 adbuc
304 414 551 449 tumultuentur,
576 421 614 445 ex
629 419 738 442 eorum
755 409 943 450 praecedcnti
962 417 1049 439 corn-

185 453 336 494 promisso
367 453 525 495 saepiffime
550 454 644 484 etiarn
670 452 716 492 jus
739 450 888 482 dixerunt
916 449 1050 495 Ordines

184 493 355 527 Generales
375 518 385 531 ,
425 493 474 525 scd
501 494 522 525 11
562 494 681 525 nullutn
709 491 746 524 fit
773 489 1051 533 compromissum,

183 536 268 576 quod
287 537 318 567 in
330 536 453 576 lingulis
468 535 562 567 caulis
573 535 739 576 diligenter
751 532 977 564 observandum
987 529 1048 569 est,

183 576 313 608 ceffabit
335 577 436 608 onmis
461 585 571 608 eorum
594 575 789 616 jurisdiCtiO,
820 574 851 606 ὅτ.
875 574 965 605 106113
988 572 1050 603 erit

183 619 323 659 regulae,
347 618 433 658 quod
449 617 488 648 ad
511 627 619 649 omnes
643 615 830 648 Provincias
857 612 1048 656 praescriptae

185 659 216 690 in
239 660 268 690 d.
291 658 318 699 ᾗ.
348 668 375 690 1.
400 657 484 689 Foed.
509 659 653 690 Uti-eclit.

227 700 313 743 Quid
336 708 441 730 autem
459 698 503 730 est
515 723 524 738 ‚
548 699 631 740 quod
648 698 782 731 Ordines
808 697 978 730 Generales
997 705 1049 727 eo-

185 751 295 772 rumve
312 739 456 781 Delegati
475 740 642 780 aliquando
659 740 753 772 etiam
777 747 889 771 contra
915 737 1049 770 Utrech-

186 791 276 814 tanos
304 782 472 813 nonnullos
491 781 697 821 judicarunt?
720 781 759 812 de
781 781 839 812 illo
856 780 976 820 judicio
994 787 1048 809 ex-

185 823 244 855 stat
260 823 389 864 epistula
419 832 466 862 17.
487 823 586 855 Mart.
614 826 703 855 1610.
728 821 787 864 (7)
810 823 840 854 ἃ
859 831 898 852 60
924 829 1049 861 quoque

185 865 333 895 videntur
352 862 512 895 referenda
529 864 656 902 Ecffia,
673 872 734 895 tam
753 874 770 895 a
786 862 977 895 Consiliariis
989 861 1048 893 Or·

184 906 293 937 diuum
314 904 514 936 Gener-alium
530 906 586 937 ult.
606 905 685 946 Maj.
702 908 792 937 1610.
816 913 908 945 quam
927 901 1050 944 ab.ipfis

186 947 357 978 Ordinibus
371 945 578 978 Generalibus
588 947 785 987 promulgata
805 945 943 986 15.Aug.
959 947 1050 975 1612.

185 987 253 1028 (8).
280 987 463 1028 Perperam,
484 988 622 1027 inquies,
646 987 844 1028 judicarunt,
869 995 941 1018 113111
960 994 1001 1016 ex
1020 985 1048 1016 d.

185 1028 214 1070 §.
246 1039 271 1061 1.
307 1029 492 1069 singularum
516 1029 753 1060 Provinciarum
772 1052 781 1067 ‚
813 1036 960 1059 earumve
983 1035 1049 1067 par-

184 1071 264 1102 tium
282 1070 489 1111 qucelliones,
511 1070 565 1102 11111
585 1070 624 1102 (16
646 1070 682 1101 113
700 1069 902 1109 0331133131,
932 1076 986 1099 3111
1011 1066 1050 1098 ad

186 1111 377 1143 ordinarium
394 1111 552 1151 judicem,
577 1120 632 1143 aut
654 1111 691 1142 ad
710 1111 845 1142 arbitros
871 1107 1049 1140 deferendae

184 1151 264 1184 sunt.
311 1152 380 1184 Imo
400 1162 464 1184 3011
483 1162 644 1193 perperam
657 1176 666 1191 ,
690 1161 753 1184 non
773 1151 858 1193 quod
882 1151 914 1182 in
931 1159 966 1181 61
986 1149 1051 1190 spe-

186 1194 335 1225 61610611,κ
359 1193 456 1225 suerit
470 1194 672 1233 exceptioni,
696 1203 788 1233 quam
811 1191 905 1224 habet
921 1192 948 1223 d.
970 1190 998 1232 §.
1021 1200 1049 1222 1.

185 1235 314 1267 excludi
334 1235 455 1268 scilicet
481 1235 614 1266 Ordines
638 1233 809 1266 Generales
826 1257 836 1273 ,
868 1233 925 1271 nisi
947 1237 1050 1273 partes

184 1278 279 1308 nolint
296 1277 331 1317 st?
342 1277 454 1317 judicio
469 1275 661 1316 submittere,
692 1273 800 1306 nescio
823 1274 928 1312 enim,
953 1283 992 1305 an
1017 1271 1049 1303 id

183 1326 259 1350 tunc
284 1318 481 1354 obtinuerit,
505 1316 555 1347 sed
578 1315 661 1356 quod
684 1325 724 1348 ex
751 1315 937 1347 auetoritate
957 1313 1049 1346 Ordi-

183 1369 257 1391 num
281 1358 548 1390 Utrecbtunorum
584 1356 772 1388 censendum
806 1356 844 1389 fit
867 1355 946 1388 illud
967 1355 1046 1395 judi-

184 1411 279 1432 cium.

186 1441 344 1474 sciendum
360 1439 404 1472 est
421 1440 489 1472 illas
509 1439 695 1477 sententias,
717 1449 792 1481 quas
818 1438 966 1479 Delegati
990 1438 1049 1469 Or-

184 1484 290 1514 dinurn
310 1481 511 1513 Generalium
531 1490 613 1513 anno
633 1485 725 1513 1611.
748 1490 862 1512 contra
883 1477 1050 1512 seditiosos

184 1524 333 1565 quosdam
352 1522 564 1555 Utrecbtanos
579 1522 745 1559 dixerunt,
765 1521 827 1553 esse
840 1521 936 1553 (116133
951 1526 984 1561 op
1001 1530 1052 1551 cm-

184 1566 331 1606 toorlstztie
349 1575 412 1596 van
425 1565 459 1594 cie
476 1563 594 1595 Heeren
617 1564 721 1595 scaren
750 1565 771 1594 ’s
791 1563 896 1595 Lands
920 1572 982 1593 van
1009 1561 1051 1592 U-

185 1610 297 1644 trecor,
320 1617 355 1638 en
382 1608 437 1637 den
460 1606 535 1637 Gere
561 1612 587 1637 ce
610 1606 660 1636 der
685 1605 759 1636 stad
785 1604 927 1642 Uincla,
951 1610 987 1634 ut
1004 1602 1049 1634 di-

182 1648 245 1680 dici
263 1657 304 1680 ex
322 1646 512 1680 Praefatione
531 1615 561 1679 ἔ
582 1646 685 1678 Ediffl
708 1655 756 1687 15.
774 1646 852 1687 Aug.
877 1648 970 1677 1612.
993 1644 1048 1675 At-

184 1700 245 1731 que
263 1690 303 1722 ita
328 1690 410 1721 16616
433 1688 632 1729 judicarunt,
664 1687 718 1729 qui
742 1686 883 1728 alioquin
910 1685 1049 1726 iudicare

183 1740 247 1764 non
266 1739 421 1772 poterant.

223 1772 333 1816 Quum
353 1777 384 1806 8.
407 1771 479 1812 Apr.
509 1775 598 1812 1654.
623 1770 727 1812 magni
753 1777 859 1803 motus
881 1769 964 1801 inter
990 1768 1048 1801 Or-

181 1814 269 1846 dines
295 1812 534 1845 Transisulaniae
558 1812 656 1845 effent
681 1812 834 1847 excitati.
867 1811 921 1852 qui
949 1817 1049 1842 totam

181 1855 268 1888 illam
300 1854 499 1886 Provinciam
528 1853 778 1892 concusserunt,
809 1852 944 1885 Ordines
969 1849 1051 1883 Hol—

182 1896 294 1929 landiae
316 1901 362 1931 18.
388 1895 474 1936 Sept.
504 1898 595 1936 1654.
618 1895 825 1927 decreverunt
845 1894 884 1935 (9
913 1917 922 1932 ,
948 1901 1050 1933 agere·

181 1946 233 1970 tur
249 1937 331 1978 apud
348 1937 483 1969 Ordines
503 1935 675 1969 Generales
689 1959 699 1974 ‚
719 1945 782 1977 quo
798 1944 869 1967 man
892 1941 978 1966 arent
993 1933 1050 1966 mi-

182 1979 311 2018 litibus,
335 1978 388 2019 qui
407 1984 497 2010 erant
518 1979 551 2011 in
578 1977 824 2017 Tranfisulania,
849 1986 889 2008 ne
911 1976 961 2007 cui
980 1983 1048 2016 par-

181 2020 261 2052 tium
276 2026 444 2061 parerent,
466 2019 639 2051 dummodo
658 2019 689 2051 id
708 2026 889 2059 paterentur
901 2014 1050 2049 Tanfisu-

181 2062 264 2099 1331,
286 2060 325 2092 ad
339 2059 481 2092 Comitia
504 2060 659 2093 Ordinum
675 2059 879 2092 Generalium
903 2057 1047 2098 delegati.

181 2102 246 2147 Qui
268 2100 289 2133 fi
303 2101 334 2132 id
350 2102 491 2140 nollent,
516 2100 546 2132 se
566 2101 596 2133 id
616 2101 678 2134 suis
697 2100 869 2140 militibus,
888 2100 942 2141 qui
960 2106 1050 2130 erant

179 2144 211 2176 in
233 2141 476 2181 Transisulania,
500 2143 722 2181 mandaturos,
745 2150 842 2183 usque
859 2141 934 2173 dum
954 2139 1049 2172 ceffa-

181 2191 253 2217 rent
268 2184 330 2216 illae
348 2183 547 2223 seceffiones,
571 2193 608 2215 36
625 2191 700 2215 11136
716 2182 819 2216 rursus
833 2181 951 2215 milites
965 2189 1051 2222 pare-

181 2224 278 2264 rent,
320 2233 356 2256 ut
393 2224 573 2264 juraverant
602 2224 633 2257 se
664 2224 837 2266 parituros,
881 2222 1050 2255 Ordinibus

182 2265 431 2300 Tranfisulaniae.
462 2266 536 2298 18611
554 2275 626 2298 cum
642 2275 678 2298 63
695 2265 775 2307 apud
790 2265 927 2298 Ordines
945 2262 1049 2295 Gene-

181 2309 261 2340 rales
301 2315 550 2348 roponerentur,
580 2306 842 2339 contradixerunt
856 2304 1049 2338 Tranfisula-

183 2350 244 2382 niae
298 2349 430 2389 elegati,
455 2358 549 2389 atque
566 2349 610 2380 ita
624 2348 704 2380 nihil
722 2349 888 2390 quicquam
904 2346 1051 2378 decreve-

184 2398 258 2422 runt
276 2390 410 2422 Ordines
427 2388 605 2422 GeneraleS.
630 2389 776 2422 Tandem
791 2389 831 2421 de
848 2389 887 2421 iis
903 2387 1050 2429 (111161110-

184 2431 296 2469 nibus,
326 2431 455 2463 tentatis
477 2430 592 2462 frustra
617 2430 894 2469 transactionibus,
918 2429 1053 2461 Ordines

183 2472 422 2505 Transisulaniae
439 2472 723 2514 compromiserunt
741 2472 774 2504 in
796 2471 941 2503 Arbitros
960 2479 1052 2510 quos-

183 2513 273 2552 dam,
329 2515 359 2545 ui
379 2523 430 2545 633
453 2513 607 2545 sententia
631 2513 683 2545 sua
701 2513 868 2546 definirent
896 2512 1053 2544 Ordinum

184 2554 305 2587 Hollan
330 2555 368 2586 iae
386 2555 533 2593 nomine3
555 2564 626 2596 quae
642 2554 796 2587 sententia
813 2554 909 2586 etiam
923 2552 1053 2594 sequuta

183 2595 230 2628 est
253 2605 302 2627 20.
327 2595 407 2636 Aug.
441 2599 529 2635 1657.
562 2595 821 2636 quemadmodum
846 2595 913 2627 haec
945 2595 1053 2626 omnia

186 2637 343 2668 uberrime
358 2635 481 2668 exstant
498 2636 528 2667 in
545 2636 700 2668 Ordinum
725 2635 906 2668 Hollandiae
929 2635 1051 2667 Decre-

186 2685 223 2709 10
251 2687 302 2710 21.
325 2678 412 2718 Sept.
447 2680 538 2717 1657.
571 2676 652 2749 (102
681 2677 769 2716 quus
801 2677 862 2708 alia
887 2676 1051 2708 occasione

187 2719 283 2750 etiam
304 2718 392 2760 supra
409 2719 536 2750 memini
552 2718 602 2750 hoc
650 2719 711 2749 z'bro
734 2718 766 2749 C.
784 2727 816 2758 3.

229 2760 382 2800 Exceptis
409 2760 417 2791 i
443 2759 503 2790 itur
526 2758 749 2791 controversiis
766 2759 848 2790 inter
872 2756 1049 2805 Groninga-

188 2810 246 2832 nos
264 2802 293 2833 &
314 2802 428 2833 Ommc
442 2800 658 2840 andenses,de
673 2799 761 2838 aliis,
784 2800 816 2831 in
831 2799 899 2833 aliis
917 2798 1048 2832 Provm-

188 2842 248 2874 ciis
270 2843 408 2882 exortis,
442 2841 577 2876 Ordines
604 2840 794 2881 Generales,
824 2840 910 2882 quod
934 2839 1049 2880 sciam,

226 2940 284 2978 (7)
307 2939 438 2976 Repertor.
459 2939 592 2969 Ordinum
605 2939 773 2968 Generatim
787 2947 814 2977 p.
836 2945 880 2967 20.
899 2937 932 2965 Β.

229 2980 286 3015 (8)
308 2979 383 3007 Prae.
405 2980 426 3007 1.
449 2987 474 3007 1.
498 2986 541 3013 17.
564 2977 651 3007 Edift.
671 2978 739 3007 Ord.
761 2978 857 3006 Gener.
879 2983 906 3003 n.
928 2977 955 3004 6.
977 2974 1003 3004 δι
1025 2982 1050 3010 7.

227 3018 287 3052 (9)
308 3017 456 3052 Resolutien
476 3026 531 3045 van
544 3016 717 3055 Corfidi-’ratic
730 3022 774 3046 tm
794 3016 853 3054 »με
873 3022 928 3045 van
941 3013 973 3042 de
992 3014 1051 3044 Wit

185 3066 215 3095 p.
237 3059 300 3085 216.
324 3056 349 3083 ἃ
365 3055 438 3092 seqq.

227 3095 306 3131 (10)
327 3093 427 3122 Ibidem
448 3102 476 3129 p.
498 3095 631 3129 381-421.

222 3134 256 3171 (1
263 3139 274 3161 1
285 3130 300 3170 )
320 3131 491 3171 Hollaridsche
499 3132 657 3164 Mercurius
669 3135 751 3167 1668.
757 3141 788 3172 p.
796 3136 903 3171 43-46.
914 3132 941 3165 &
950 3132 1047 3167 Αἰπε-

325 1399 376 1432 Ν6
403 1399 499 1439 igitur
521 1408 557 1429 63
583 1397 673 1430 causa
696 1398 764 1430 aliis
784 1397 968 1439 praejudicio
992 1396 1050 1436 111,
1070 1413 1072 1416 >

1081 116 1678 156 BYNKERSHOEK

1091 210 1248 242 nunquam
1270 199 1446 245 judicarunt
1463 220 1472 236 ,
1505 196 1562 229 3111
1580 206 1640 237 qua
1659 195 1776 229 Arbitri
1801 206 1842 230 cx
1866 208 1949 234 com·
1990 211 2001 223 ν’

1091 241 1240 284 promiss‘o
1265 249 1424 282 paruum,
1461 238 1513 269 vel
1542 247 1580 270 ex
1607 237 1829 279 delegatione,
1862 249 1951 282 atque
1986 231 2002 263 ι’

1091 284 1168 315 adeo
1196 293 1237 315 ex
1267 282 1451 313 auctoritate
1481 279 1490 311 i
1515 279 1626 325 sorum
1650 278 1815 312 Ordinum.
1866 282 1951 324 Saepe

1091 326 1235 364 quidem,
1258 324 1351 355 missis
1365 323 1461 354 etiam
1517 321 1643 362 elegatis
1655 320 1734 360 suis,
1760 324 1865 355 conati
1885 323 1953 357 sunt,

1092 366 1227 405 fluetus,
1262 364 1314 396 hic
1349 365 1414 397 illic
1437 371 1562 401 motos,
1591 371 1804 403 componere,
1832 364 1900 403 sed,
1930 365 1952 399 fi

1094 406 1258 439 transactio
1269 415 1333 438 non
1351 404 1491 438 succeffit
1503 428 1513 444 ,
1537 413 1554 435 a
1568 403 1736 444 judicando
1756 405 1846 445 plane
1864 405 1951 438 absti-
1994 443 1995 446 Ἴ

1092 456 1238 480 nuerunt.
1262 446 1386 495 'Quum
1403 456 1484 479 anno
1508 449 1597 480 1668.
1623 445 1706 477 inter
1724 444 1874 478 Proceres
1887 445 1950 479 Fri-

1093 489 1144 522 s1ae
1165 498 1285 530 magnls
1310 489 1420 520 animis
1448 486 1660 529 disputaretur
1690 486 1729 518 de
1757 487 1952 528 quibusdam,
1992 488 1995 506 ¹

1116 540 1163 562 uae
1184 531 1226 562 ibi
1247 531 1440 567 inciderant,
1474 529 1505 561 ὅ(
1527 529 1616 560 forte
1638 527 1774 560 adessent
1799 528 1950 562 Ordinum
1994 544 1995 561 1

2001 262 2006 283 ³

1125 571 1293 605 eneralium
1308 570 1476 612 Delegati,
1501 570 1562 602 alia
1582 569 1745 601 occasione
1767 569 1866 609 miffi,
1885 580 1951 612 pass
1994 584 1996 588 ’

1091 612 1223 646 inferior
1237 613 1317 654 apud
1333 621 1388 644 eos
1402 611 1525 653 prolixe
1538 611 1644 653 questa
1658 610 1702 643 cst
1717 611 1756 643 de
1768 611 1897 654 injuria,
1917 614 1952 647 fi-

1090 656 1122 687 bi
1141 653 1232 686 faeta.
1278 653 1424 700 Delegati
1447 652 1499 684 has
1519 653 1658 694 querelas
1677 653 1714 684 ad
1736 653 1872 686 Ordines
1892 655 1951 688 Ge.

1091 696 1213 728 nerales
1244 693 1503 735 transcripserunt
1530 704 1579 735 24.
1608 695 1639 727 δε
1668 703 1718 734 25.
1744 693 1836 727 Febr.
1864 701 1951 734 1668.
2004 694 2005 728 l

1091 737 1183 778 (11).
1228 736 1305 780 Quo
1320 735 1482 768 intellecto
1501 734 1656 776 Deputati
1674 735 1828 768 Ordinum
1850 736 1952 772 Frifiae

1093 780 1122 811 ὅ(
1136 777 1190 819 ipsi
1208 778 1313 810 literas
1328 777 1483 809 dederunt.
1503 776 1541 808 ad
1559 776 1696 808 Ordines
1715 776 1884 812 Generales
1905 790 1952 818 29.
2004 772 2005 815 J

1091 820 1184 852 Febr.
1210 823 1301 854 1668.
1325 818 1406 859 (12)
1428 817 1521 849 enixe
1536 826 1700 858 rogantes,
1731 828 1770 850 ne
1793 819 1840 851 illi
1864 821 1952 855 Ordi-

1092 871 1148 893 nes
1165 859 1227 892 sese
1247 859 1422 892 immiscere
1438 859 1560 891 vellent
1579 859 1645 899 rei,
1669 859 1707 891 ad
1730 860 1761 892 se
1779 870 1843 892 non
1859 864 1952 903 perti-

1093 902 1200 940 nenti,
1224 900 1255 933 se
1271 901 1334 941 jam
1348 901 1387 932 de
1405 900 1648 938 controversiis,
1671 901 1752 941 apud
1771 900 1802 933 se
1817 905 1954 945 exortis,

1091 942 1260 985 judicass'e,
1284 942 1315 974 &
1341 941 1396 974 fibi
1413 940 1487 975 solis
1510 941 1550 973 de
1571 941 1619 973 his
1635 942 1794 982 judicandi
1819 943 1867 983 jus
1883 945 1955 980 effe.

1093 985 1167 1026 Qua
1186 984 1214 1017 E
1237 983 1326 1016 istula
1345 985 1426 1015 moti
1443 983 1580 1015 Ordines
1597 982 1767 1016 Generales
1782 985 1954 1028 nihilquic-

1092 1035 1185 1067 quarn
1202 993 1256 1058 11111
1276 1024 1460 1066 adrogat-unt
1478 1024 1496 1064 (
1502 1024 1568 1066 13).

1135 1067 1291 1114 Quamvis
1306 1074 1412 1097 autem
1424 1065 1501 1097 mihi
1521 1075 1586 1097 non
1602 1065 1761 1099 succurrat
1777 1070 1957 1111 exemplum

1092 1109 1137 1140 rei
1165 1107 1245 1149 apud
1270 1107 1405 1139 Ordines
1428 1105 1620 1146 Generales‚
1650 1107 1713 1139 sine
1735 1111 1958 1151 compromisso

1092 1150 1145 1181 vel
1157 1149 1372 1190 delegatione,
1380 1148 1526 1188 judicatae
1541 1149 1624 1180 inter
1641 1149 1853 1184 dissentientes
1870 1153 1959 1186 unius

1093 1190 1291 1231 ejusdemque
1322 1189 1500 1220 Provinciae
1527 1198 1630 1229 partes
1649 1213 1660 1228 ,
1687 1191 1826 1231 judicare
1854 1201 1960 1226 tamen

1091 1230 1240 1272 possunt,
1263 1229 1285 1262 11
1300 1236 1405 1271 partes
1419 1230 1539 1269 judicio
1558 1230 1589 1261 se
1606 1230 1786 1264 subtrahant
1797 1256 1809 1272 ,
1826 1242 1862 1265 ut
1879 1233 1960 1276 saepe

1093 1272 1124 1305 se
1139 1272 1367 1305 subtraxerunt.
1412 1268 1548 1302 Exstant
1564 1272 1597 1302 in
1611 1271 1782 1305 Annalibus
1798 1276 1959 1317 exempla,

1093 1314 1124 1346 ὅ(
1149 1322 1219 1345 mea
1240 1321 1369 1354 quoque
1389 1312 1542 1343 memoria
1560 1310 1774 1352 exstiterunt,
1805 1324 1845 1346 eo
1865 1325 1960 1358 usque

1092 1354 1174 1396 saepe
1192 1354 1223 1386 in
1242 1352 1405 1386 nonnullis
1428 1352 1605 1386 Provinciis
1628 1353 1690 1384 ess'e
1715 1355 1893 1397 turbatum,
1925 1366 1960 1390 ut

1091 1403 1196 1438 partes
1208 1404 1273 1427 non
1291 1402 1412 1426 tanturn
1429 1394 1466 1426 ad
1482 1403 1586 1433 arma,
1608 1392 1659 1426 sed
1680 1395 1710 1427 &
1732 1396 1770 1427 ad
1787 1398 1903 1430 caedem
1929 1399 1960 1433 ὅ(

1093 1437 1273 1479 sanguinem
1288 1436 1435 1467 venerint
1446 1459 1455 1475 ‚
1481 1443 1577 1476 utque
1593 1435 1630 1467 ad
1646 1435 1815 1477 perfectam
1833 1441 1959 1479 α’,αςχιίο

1093 1480 1173 1512 nibil
1183 1477 1251 1510 fere
1264 1476 1363 1509 fuerit
1375 1477 1542 1518 reliquum.
1574 1477 1620 1509 Ut
1631 1477 1808 1519 antiquiora
1820 1488 1880 1512 tem
1905 1491 1960 1515 ora.

1093 1529 1296 1563 praeteream,
1319 1528 1401 1550 anno
1426 1528 1515 1559 1702.
1541 1518 1572 1550 &
1595 1519 1718 1591 alicquot
1742 1518 1881 1562 sequenti
1906 1532 1958 1564 us,

1092 1562 1163 1605 post
1190 1568 1326 1592 mortem
1353 1560 1504 1592 Wilelmi
1538 1559 1593 1591 III.
1660 1561 1734 1592 elria
1757 1561 1787 1593 &
1815 1563 1959 1598 zelandia

1093 1605 1172 1637 adeo
1193 1603 1224 1634 in
1242 1601 1412 1634 contrarias
1428 1601 1582 1634 factiones
1597 1600 1726 1634 fuerunt
1743 1601 1860 1643 scissae,
1882 1605 1959 1640 utin

1092 1646 1140 1678 his
1160 1644 1301 1678 siluerint
1319 1643 1403 1684 leges
1418 1642 1448 1675 &
1462 1642 1589 1683 judicia.
1633 1643 1771 1676 simulac
1791 1654 1862 1686 pars
1880 1645 1957 1680 infe-

1091 1688 1157 1719 rior
1176 1685 1333 1727 judicem,
1356 1684 1411 1725 qui
1437 1693 1616 1716 neutrarum
1633 1684 1770 1725 partium
1792 1694 1875 1727 erat,
1898 1687 1964 1720 adi-i

1091 1736 1161 1768 ret,
1183 1736 1260 1759 mox
1284 1725 1423 1767 superior
1443 1725 1631 1757 auetoritate
1649 1724 1700 1757 sua
1715 1727 1883 1761 interceffit
1896 1751 1907 1768 ,
1925 1729 1959 1763 &
2006 1749 2008 1766 1

1094 1769 1239 1808 curavit,
1262 1776 1297 1799 ut
1314 1767 1466 1808 judicium
1488 1766 1540 1798 vel
1560 1766 1797 1807 suspenderetur
1811 1769 1861 1801 vel
1883 1770 1956 1803 abo-

1094 1813 1219 1845 leretur.
1264 1809 1307 1841 Et
1323 1818 1362 1840 ne
1381 1808 1422 1841 fic
1438 1808 1561 1849 quidem
1574 1808 1710 1841 Ordines
1723 1808 1889 1843 Generales
1904 1811 1958 1845 vel
2007 1830 2008 1834 =

1093 1852 1278 1895 singularum
1298 1849 1535 1883 Provinciarum
1555 1858 1660 1890 partes
1681 1849 1748 1883 suas
1768 1851 1956 1893 interposue·
2007 1856 2008 1860 ’

1092 1902 1167 1926 runt
1185 1892 1240 1925 nisi
1255 1901 1311 1933 per
1327 1891 1458 1923 modum
1478 1891 1709 1930 transactionis,
1732 1892 1860 1925 minime
1879 1903 1956 1926 vero
2007 1896 2008 1899 ’

1092 1945 1148 1978 per
1173 1933 1301 1967 modum
1325 1932 1445 1973 judicii.
1498 1932 1599 1972 Scin',
1631 1933 1706 1975 quid
1735 1933 1957 1974 impediverit?

1094 1977 1198 2015 solus,
1226 1975 1261 2007 ni
1279 1973 1394 2012 fallor,
1417 1980 1541 2012 metus,
1578 1984 1638 2013 ne,
1659 1983 1723 2014 quo
1749 1975 1816 2016 jure
1836 1975 1867 2008 in
1888 1975 1956 2009 aliis

1092 2016 1273 2051 Provinciis
1287 2015 1331 2048 1111
1343 2013 1475 2047 fuissent
1491 2014 1627 2047 Ordines
1645 2015 1828 2055 Gener-ales,
1852 2016 1883 2049 in
1899 2026 1955 2058 po-

1093 2059 1208 2092 sterum
1227 2057 1259 2089 in
1275 2056 1335 2089 suis
1353 2065 1478 2097 quoque
1494 2064 1675 2097 uterentur3
1698 2057 1779 2098 quod
1792 2066 1831 2090 ne
1844 2057 1956 2098 fieret,

1092 2100 1277 2142 fingularurn
1292 2097 1532 2130 Provinciarum
1551 2108 1640 2139 aeque
1656 2099 1814 2131 intererat.

1133 2138 1217 2181 Sed,
1247 2140 1334 2181 aJes,
1365 2148 1428 2171 nun
1455 2147 1566 2171 uamne
1590 2140 1723 2172 Ordines
1749 2139 1792 2172 ufi
1824 2139 1894 2172 sunt
1917 2149 1958 2173 eo
2007 2163 2008 2168 ,

1092 2184 1180 2225 jure,
1203 2181 1287 2223 quod
1307 2180 1377 2222 ipfis
1392 2180 1431 2212 de
1455 2180 1480 2211 it
1498 2181 1649 2222 exceptio
1670 2181 1702 2214 13
1718 2181 1745 2212 d.
1766 2180 1796 2222 §.
1818 2190 1845 2214 1.
1868 2181 1957 2215 Foed.

1094 2223 1273 2258 Utrecht.?
1295 2220 1506 2255 meministine
1532 2231 1684 2254 annorum
1707 2226 1798 2258 1618.
1814 2224 1844 2255 ὅ(
1866 2226 1957 2261 1619.

1094 2265 1208 2308 quibus
1224 2263 1380 2297 Ordinum
1396 2261 1599 2296 Generalium
1616 2264 1751 2305 delegati
1762 2263 1884 2305 Judices
1893 2263 1958 2296 sen-

1094 2307 1226 2345 tentiam
1242 2306 1394 2338 dixerunt
1409 2304 1449 2336 de
1467 2305 1572 2346 capite
1590 2306 1620 2338 &
1645 2305 1737 2337 bonis
1753 2308 1879 2344 eorum,

1093 2356 1170 2381 tunc
1197 2346 1344 2379 sedebant
1365 2345 1402 2378 ad
1428 2344 1556 2378 clavum
1575 2345 1776 2387 Reipublicae·
1791 2344 1907 2377 Hollan
1931 2345 1955 2376 i-

1924 2305 2008 2337 ui'

1093 2389 1169 2422 cae‘?
1190 2388 1294 2421 Probe
1311 2387 1460 2425 memini;
1490 2386 1542 2419 sed
1566 2396 1643 2419 cave
1665 2395 1772 2428 putes,
1794 2394 1859 2417 eam
1882 2395 1953 2418 cau-
2007 2386 2008 2420 ζ

1092 2430 1155 2466 sam
1173 2429 1317 2462 incidisse
1339 2429 1372 2461 in
1390 2428 1611 2468 exceptionem
1638 2428 1665 2459 d.
1690 2426 1716 2468 §.
1745 2435 1770 2458 1.
1795 2425 1955 2468 Exceptio

1094 2473 1139 2505 ait
1151 2494 1163 2511 ,
1184 2470 1242 2511 mfi
1252 2477 1353 2512 partes
1362 2470 1397 2512 st
1417 2470 1530 2513 judicio
1549 2479 1605 2500 non
1614 2468 1809 2509 submittant,
1832 2474 1956 2500 tanturn

1094 2522 1200 2546 autem
1223 2512 1326 2552 abest,
1351 2521 1406 2550 ut,
1428 2510 1481 2552 qui
1499 2517 1574 2542 tunc
1590 2508 1717 2555 judicati
1741 2507 1829 2548 sunt,
1853 2508 1956 2549 Judici

1095 2554 1150 2587 suo
1172 2554 1203 2588 se
1220 2553 1447 2591 subtraxerint,
1476 2558 1511 2582 ut
1529 2556 1650 2590 potlus,
1674 2549 1801 2582 simulac
1824 2549 1957 2582 obtorto

1095 2597 1183 2629 collo
1207 2595 1246 2627 ad
1266 2595 1391 2636 Judices
1416 2592 1486 2624 dele
1508 2598 1576 2622 atos
1600 2590 1679 2631 rapti
1703 2588 1819 2630 essent,
1841 2600 1956 2638 magno

1093 2637 1241 2670 convitio
1262 2636 1300 2668 ad
1326 2634 1464 2676 Judicem
1497 2634 1569 2662 uum
1588 2631 1851 2672 provocaverint,
1874 2641 1954 2672 ejus-

1092 2688 1153 2719 que
1169 2677 1354 2710 sententiam
1373 2683 1434 2707 nec
1454 2670 1714 2719 ffibteisugerint,
1736 2681 1796 2704 nec
1812 2671 1955 2706 reformi-
2007 2703 2008 2707 ,

1091 2719 1243 2764 daverint5
1289 2717 1320 2749 Si
1336 2724 1477 2761 quaeras,
1499 2721 1562 2783 guo
1588 2722 1682 2755 igitur
1707 2714 1775 2754 Jure
1799 2714 1954 2747 Ordinum

1093 2759 1295 2793 Generalium
1315 2756 1447 2796 delegati
1463 2755 1499 2795 Ju

1093 2843 1153 2875 tibi
1166 2842 1279 2875 dicam.

1093 2949 1140 2970 ma
1154 2940 1189 2970 L.
1210 2938 1343 2969 XLVIII.
1364 2946 1392 2976 p.
1415 2945 1478 2967 211.
1499 2937 1524 2967 ὁ(
1541 2938 1617 2976 seqq.

1130 2978 1212 3016 (12)
1232 2977 1404 3015 Hollandsche
1426 2977 1581 3005 Mercurius
1603 2976 1629 3006 d.
1648 2983 1676 3013 p.
1698 2977 1744 3010 46.
1770 2973 1797 3003 &
1825 2974 1954 3005 Aitzemt

1092 3018 1119 3047 d.
1139 3017 1174 3046 L.
1195 3016 1328 3045 XLVIII.
1349 3024 1376 3052 p.
1400 3023 1466 3043 222.

1130 3055 1211 3093 (13)
1230 3053 1403 3093 Hanandsche
1423 3053 1581 3082 Mercurius
1597 3053 1622 3082 d.
1647 3053 1726 3082 1668.
1741 3060 1768 3089 p.
1792 3060 1840 3086 49·
1853 3051 1879 3081 ὅ(
1893 3051 1952 3082 Ait-

1092 3102 1172 3126 zema
1181 3094 1209 3125 d.
1229 3093 1265 3124 L.
1285 3092 1418 3126 XLVIII.
1437 3101 1466 3131 p.
1487 3100 1553 3123 220.
1573 3091 1599 3122 &
1612 3101 1640 3130 p.
1662 3098 1727 3126 273.
1748 3089 1775 3119 ὅ(
1788 3098 1854 3127 274.

1864 3233 1946 3272 CA-

1494 2793 1503 2798 ,
1523 2754 1585 2787 iccs
1605 2757 1636 2787 in
1663 2764 1699 2787 63
1725 2754 1814 2788 causa
1838 2755 1954 2796 iudica·
2006 2774 2008 2783 .

1092 2803 1215 2840 verint,
1240 2798 1406 2841 peritiores
1421 2795 1571 2836 contule,
1593 2805 1664 2829 nam
1681 2795 1819 2836 nonest,
1843 2803 1878 2828 ut
1893 2805 1954 2838 ego
