2008 3436
459 103 853 141 CORNELII

207 191 273 229 tii,
303 198 337 222 ut
362 191 493 223 omnino
516 193 618 234 vergit
647 192 695 233 jus
725 193 831 223 tacita:
864 191 1062 232 hypothccae.

206 232 284 264 lnde
299 232 424 271 efficio,
449 233 534 274 quod
549 234 750 275 privilegium
771 232 905 264 Ordines
933 232 1065 264 Hollan-

208 273 267 305 diae
296 273 447 305 dederunt
473 283 535 307 non
567 275 725 315 pertinere
749 273 803 305 nisi
830 273 868 304 ad
888 272 1065 310 Domania,

209 324 278 363 quaa
304 315 336 346 in
361 314 530 347 Hollandia
556 316 610 348 fita
637 314 708 346 sunt
725 337 736 352 ,
769 314 799 345 ὅτ.
825 315 909 355 quod
933 313 1067 346 Ordines

208 356 380 387 benerales
405 365 467 388 non
490 357 646 397 pertinere
664 355 718 387 nili
736 355 774 386 ad
796 354 972 394 Domania,
997 363 1066 394 quae

207 397 240 428 in
264 396 396 428 Ditione
413 407 522 429 eorum
541 397 695 429 Ordinum
712 395 783 428 sunt
797 396 870 432 sita,
894 397 925 428 ἀ
948 395 1066 428 utrobi-

207 447 267 478 que
285 438 329 469 ibi
347 438 607 470 administrantur.
652 437 713 469 Sed
729 437 877 478 quosdam
902 438 1068 469 Senatores

207 480 261 511 vel
277 480 410 512 maxime
427 487 538 510 contra
564 486 702 519 paratam
719 478 941 510 executionem
956 486 1066 508 move-

208 520 263 551 bat
281 543 291 558 ,
329 520 413 561 quod
438 529 493 560 per
528 519 696 560 Succeffores
721 519 752 551 in
782 519 813 551 d.
859 518 974 551 Edicta
1003 527 1066 550 non

207 562 261 593 alii
279 561 443 592 videantur
461 561 673 602 intelligendi,
698 569 791 600 quam
831 560 861 591 ui
881 560 919 591 ab
938 559 1064 591 Ordini-

205 603 263 634 bus
291 601 471 634 Hollandiae
486 601 538 632 vel
559 603 596 633 ab
615 601 786 633 Ordinibus
825 600 1007 633 *eneralibus
1033 601 1066 632 in

206 644 379 674 eorundem
401 642 536 683 Imperio
563 642 684 674 easdem
707 642 876 684 dignitates
899 641 1063 683 gerebant,

207 693 282 725 quas
299 683 471 715 XVilclmus
486 683 540 715 ΙΙΙ.
565 684 692 725 gerebat
708 693 747 714 eo
764 693 845 715 anno
867 687 955 724 1679.
980 683 1066 720 ideo,

207 734 308 766 neque
331 724 393 755 ulla
416 724 474 756 alia
506 725 627 756 ratione
643 747 654 762 ,
681 724 761 765 apud
787 723 870 765 ipsos
895 723 1064 766 gratiosus:

205 776 277 797 nam
291 765 312 797 fi
327 764 507 806 simpliciter
522 765 650 797 heredes
667 766 824 807 legitimos
839 766 890 798 vel
906 765 1067 797 testamen-

207 807 303 838 tarios
322 806 495 848 intelligas,
521 808 552 838 id
568 807 769 849 privilegium
792 807 888 838 etiam
908 806 994 838 dabis
1010 805 1064 837 Pa-

206 857 254 888 pae
272 847 435 885 Romano,
456 857 510 879 aut
533 848 585 880 alii
603 849 633 880 in
659 847 769 886 Italia,
793 847 897 879 Gallia
909 847 962 879 vel
985 846 1064 878 Ger-

208 889 311 920 mania
326 888 462 931 Principi
479 913 488 927 ,
513 889 566 930 qui
583 890 613 921 in
636 897 704 920 tota
715 888 889 920 hereditate
907 888 1066 920 wilelmo

206 929 262 961 III.
287 929 448 968 succedit,
464 930 505 962 lic
521 939 630 971 putat,
652 931 704 971 qui
723 931 803 962 haud
819 931 862 961 ita
876 930 995 971 pridem
1012 939 1067 961 no-

208 980 255 1002 tas
281 970 401 1012 scripsit
423 971 461 1002 ad
482 972 618 1003 Merulae
647 972 742 1003 Prax.
778 972 818 1003 L.
844 971 899 1003 IV.
945 971 1005 1003 Tit.
1032 972 1064 1002 C.

209 1013 242 1043 C.
269 1011 292 1043 1.
319 1012 365 1044 lit.
391 1011 432 1043 A.
456 1013 527 1053 quia
551 1012 708 1044 Domania
731 1013 768 1044 ad
798 1013 955 1054 privatum
973 1013 1065 1054 patri-

206 1053 348 1094 monium
367 1075 378 1091 ‚
416 1062 479 1085 non
516 1054 553 1085 ad
587 1054 755 1096 dignitates
785 1053 946 1085 referenda
982 1053 1064 1085 sunt.

202 1094 290 1166 ,ἔξω
305 1094 386 1127 ratio
401 1103 440 1126 an
454 1095 596 1128 omnibus
610 1095 762 1137 placitura
778 1094 814 1128 fit
827 1117 839 1135 ,
856 1094 900 1127 est
909 1117 919 1135 ‚
938 1104 995 1127 cur
1009 1095 1063 1127 du-

230 1144 315 1168 item.

247 1178 308 1209 Sed
330 1188 406 1211 vero
426 1179 549 1218 plurimi
567 1179 731 1211 Senatores
752 1178 989 1216 existimabant,
1011 1187 1063 1209 ne-

205 1218 288 1250 ceffe
311 1229 374 1251 non
391 1220 468 1259 effe,
490 1229 525 1251 ut
545 1221 624 1251 hanc
639 1219 842 1260 quaestionem
865 1220 918 1251 hic
938 1218 1064 1250 definia-

203 1269 293 1298 mus,
314 1260 475 1299 sufficere,
500 1261 520 1293 si
547 1261 702 1299 dicamus,
726 1260 830 1298 hunc,
853 1260 891 1291 de
917 1269 978 1302 quo
1003 1259 1064 1300 agi-

204 1310 291 1339 mus,
309 1301 507 1347 Quaestorem
519 1301 579 1332 effe
597 1302 729 1333 citatum
747 1311 828 1333 anno
850 1311 936 1342 1704.
955 1300 1064 1332 defun-

205 1343 257 1373 ‹fio
273 1343 334 1381 jam
357 1342 513 1374 Wsselmo
540 1341 596 1373 ΙΙΙ.
621 1342 650 1373 ei
673 1342 777 1374 datam
809 1341 870 1374 ess'e
897 1342 1068 1374 formulam

205 1383 326 1420 officii,
350 1383 379 1414 in
398 1393 489 1424 quam
504 1383 637 1423 juravit,
661 1384 691 1415 ὃς
711 1393 745 1415 ea
761 1383 898 1415 formula
920 1383 982 1416 sese
1000 1382 1068 1414 sub-

204 1423 314 1456 mififfe
329 1432 442 1465 paratae
463 1424 644 1456 executioni
663 1424 877 1457 Rationalium
890 1448 900 1463 ,
924 1434 1026 1465 neque
1037 1434 1066 1455 a·

203 1465 264 1495 deo
283 1465 349 1505 ejus
367 1464 448 1504 effe,
478 1475 562 1498 nunc
579 1464 734 1507 disputare
757 1474 866 1498 contra
885 1466 998 1504 fidem,
1022 1465 1067 1505 J'u·

203 1506 369 1546 rejurando
391 1506 506 1539 datam.
563 1507 605 1538 At
621 1507 853 1547 objiciebatur,
885 1507 931 1547 jus
953 1516 1066 1548 paratae

203 1547 401 1579 executionis
418 1548 509 1589 pasto
527 1548 645 1589 acquiri
670 1558 734 1580 non
752 1548 858 1590 poffe,
889 1549 919 1580 ἀ
936 1549 968 1580 in
987 1547 1067 1580 hanc

201 1598 271 1620 rem
290 1588 411 1621 exstare
426 1590 542 1622 multas
565 1589 783 1628 auctoritates,
806 1599 882 1631 quas
899 1590 961 1630 jam
982 1596 1065 1621 attu-

202 1630 235 1662 li.
280 1630 313 1662 Si
328 1630 367 1662 de
384 1630 452 1670 Jure
470 1631 574 1663 tacitae
591 1631 781 1673 hypotheca:
798 1631 897 1663 sermo
913 1630 1008 1669 esset,
1023 1631 1067 1662 in-

202 1671 400 1712 telligerem,
422 1681 524 1713 neque
541 1672 627 1704 enim
648 1673 756 1704 valent
780 1672 868 1713 paCta
882 1695 891 1711 ‚
916 1681 984 1713 quae
1006 1679 1066 1702 ter-

201 1712 250 1743 tio
267 1713 316 1753 jus
331 1713 494 1754 quaefitum
512 1712 677 1752 auferunt,
702 1713 753 1745 sed
769 1714 852 1746 aliud
871 1713 916 1747 est
930 1715 960 1744 in
973 1713 1064 1753 patro

202 1761 317 1793 paratae
347 1755 556 1787 executionis.
620 1754 869 1787 Auctoritatibus
892 1753 1065 1786 refutandis

199 1795 263 1834 jam
286 1794 412 1828 functus
436 1795 510 1829 sum.
558 1796 644 1843 Quid
667 1795 796 1828 Curiam
821 1796 982 1833 moverit,
1011 1804 1062 1827 ne-

199 1835 265 1869 scio
275 1859 286 1875 ,
310 1836 362 1869 sed
375 1836 529 1879 postrema
548 1837 629 1869 ratio
646 1837 800 1878 plurimos
814 1837 978 1869 Senatores
987 1836 1063 1878 apud

200 1879 379 1950 noshrnovit
391 1901 402 1917 ,
427 1886 461 1910 ut
481 1878 659 1911 mandatum
678 1878 895 1920 appellationis
915 1885 1063 1920 negarent

201 1928 231 1959 7.
290 1928 344 1952 ον.
373 1929 384 1951 1
416 1930 464 1957 19.
506 1930 524 1958 9
549 1945 556 1953 .

241 1960 301 1992 Sed
318 1930 409 2002 quiaz
433 1920 549 2003 ansgui:
568 1962 659 2003 pasto
678 1961 699 1994 fi
719 1960 843 2000 fuisset,
869 1970 933 1993 non
955 1968 1064 1992 omnes

201 2001 368 2035 Senatores
380 2002 563 2036 sententiam
576 2002 855 2044 dixe1·ant,accipe
871 2011 970 2040 nunc,
989 2001 1064 2042 quid

201 2042 334 2074 Senatus
350 2044 382 2076 in
397 2044 457 2076 alia
472 2044 562 2076 causa
587 2045 711 2086 paribus
733 2042 885 2085 suffragiis
903 2043 1062 2083 'judicave-

199 2083 253 2114 rit.
300 2083 412 2124 CaJ'us,
436 2086 490 2126 qui
508 2095 567 2126 qua
587 2085 734 2129 Quaestor
755 2085 837 2116 bona
861 2084 1003 2126 quaedam
1022 2093 1063 2116 ex

199 2124 377 2157 hereditate
396 2126 614 2159 WilelmiIll.
645 2125 940 2163 administraverat,
970 2125 1062 2156 dece-

200 2165 249 2196 dit
267 2166 371 2199 ἑέπομος.
416 2166 490 2207 Ejus
506 2167 598 2199 vidua
615 2168 645 2200 &
661 2167 751 2198 heres
767 2166 822 2198 sub
842 2166 997 2198 beneficio
1017 2165 1064 2198 In-

200 2207 335 2239 ventarii
360 2207 445 2239 bona
465 2208 570 2239 mariti
596 2217 696 2249 nuper
714 2208 758 2240 sui
783 2206 944 2245 distrahit,
967 2207 1062 2239 inter-

200 2257 262 2288 quc
281 2250 317 2279 ea
334 2248 486 2289 praedium
497 2271 508 2288 ‚
535 2249 620 2290 quod
640 2249 770 2281 maritus
788 2249 975 2290 Sempronio
999 2247 1065 2290 spe-

199 2289 272 2320 ciali
289 2289 482 2330 hypothecae
500 2290 626 2322 dederat
645 2299 702 2331 pro
718 2288 799 2322 sorte
815 2300 909 2330 4000.
925 2289 1060 2321 floreno-

198 2339 280 2361 rum.
303 2330 405 2361 Vidua
422 2340 462 2362 ex
481 2332 586 2372 pretio
605 2331 740 2363 distracti
758 2331 867 2371 praedii
884 2331 979 2361 etiam
1003 2329 1062 2362 sol-

199 2371 250 2402 vit
275 2371 463 2412 Sempronio
487 2372 559 2404 illos
578 2382 671 2412 4000.
696 2372 853 2411 florenos,
875 2372 946 2403 data
968 2371 1007 2402 ab
1022 2380 1061 2402 eo

198 2411 280 2452 fide,
306 2420 340 2444 ut
363 2412 505 2445 redderet
524 2413 611 2447 illam
628 2414 792 2455 pecuniam
805 2436 816 2452 ‚
848 2412 869 2445 fi
888 2413 921 2445 in
943 2412 1063 2453 judicio

772 2504 1046 2541 CAPU

204 108 272 148 368
929 114 987 140 vri
1012 113 1035 139 N

665 2593 899 2639 Stipulationcs
919 2593 1059 2640 poenales

294 2698 311 2720 e
335 2687 487 2721 Clausulis
505 2688 700 2729 poenalibus,
724 2699 794 2730 quae
814 2689 1008 2721 testamentis
1032 2690 1062 2722 &

310 2730 525 2762 contractibus
547 2729 758 2769 adjiciuntur,
783 2740 819 2762 ut
840 2731 925 2772 quod
940 2730 1063 2771 agitur,

195 2774 296 2814 magis
317 2772 420 2804 valeat
433 2794 444 2811 ,
483 2771 575 2803 valde
602 2771 832 2803 tumultuantur
855 2771 1060 2812 interpretes,

198 2823 321 2845 veteres
344 2813 501 2856 novique,
526 2812 557 2845 ὅ(
583 2812 696 2844 dubito
720 2822 758 2844 an
785 2812 840 2852 fit,
871 2812 923 2854 qui
949 2821 1059 2843 verum

193 2854 320 2886 dixerit.
366 2853 443 2886 Non
463 2853 613 2895 quicquid
640 2853 767 2886 nomine
789 2862 889 2895 poenae
916 2852 972 2891 fit,
1006 2853 1059 2886 vel

196 2895 391 2937 probandum
409 2896 461 2929 vel
479 2895 718 2936 improbandum
736 2893 788 2926 est.
833 2895 912 2927 Sane
927 2903 997 2935 quae
1024 2895 1057 2924 cle

198 2937 328 2979 Legatis
339 2943 429 2977 poenae
439 2937 552 2968 nomine
569 2934 683 2977 scripta
698 2936 784 2975 vidi,
809 2936 888 2967 adeo
905 2934 982 2967 mihi
997 2933 1055 2965 dis-

194 2979 397 3018 plicuerunt,
430 2986 465 3010 ut
482 2975 669 3012 extorserint
686 2976 881 3024 Opusculum
899 2977 933 3008 de
954 2975 1055 3016 Lega-

196 3020 235 3048 tir
246 3024 336 3059 poenoe
351 3020 465 3050 nomine
478 3040 488 3056 ,
512 3018 596 3059 quod
615 3018 697 3050 edidi
717 3026 799 3050 inter
821 3017 969 3060 opuscula
991 3017 1055 3048 Va-

196 3060 236 3089 rii
255 3061 432 3101 argmnenti.
478 3059 565 3105 Quid
589 3060 622 3092 in
642 3058 852 3093 contractibus
876 3059 969 3091 liceat
990 3066 1055 3100 poe-

227 3182 281 3221 (9)
308 3183 445 3222 Observac.
467 3184 585 3219 Tumulc.
609 3185 682 3219 Tem.
704 3187 769 3220 VII.
789 3195 816 3217 n.
838 3192 921 3221 1572-

1111 103 1714 142 BYNKERSHOEK

1107 191 1297 233 praelationis
1313 192 1351 223 ab
1368 191 1437 223 aliis
1462 192 1653 224 vinceretur.
1697 192 1875 225 Rationales
1900 194 1965 227 Do-

1108 234 1303 272 maniorum‚
1327 235 1388 264 hoc
1408 233 1590 272 intelleetQ
1611 234 1808 274 Sempronii,
1833 235 1892 274 jam
1915 236 1966 268 de-

1108 274 1227 312 functi,
1250 274 1394 306 heredem
1416 274 1446 305 in
1460 274 1508 314 jus
1526 283 1644 307 vocant
1661 275 1743 315 apud
1760 274 1885 307 Curiam
1896 299 1905 315 ,
1920 287 1965 308 re-

1109 322 1282 355 petuntque
1302 316 1387 348 illam
1403 315 1589 356 pecuniam,
1611 323 1704 356 atque
1721 315 1741 347 fi
1757 316 1804 356 J'us
1821 317 1966 350 haberent

1110 355 1300 396 hypothecae
1318 357 1426 388 taeitae
1443 365 1484 388 ex
1498 365 1581 388 anno
1601 366 1691 397 1712.
1713 357 1761 397 jus
1778 357 1898 389 scilieet
1916 368 1965 390 an-

1111 397 1244 437 tiquius,
1276 407 1367 438 quam
1392 397 1551 435 creditor,
1574 398 1626 429 cui
1652 397 1762 430 deinde
1789 398 1966 440 hypotheca

1109 436 1235 478 speciali
1252 446 1377 470 cautum
1393 447 1469 471 erat.
1514 438 1616 471 Heres
1637 439 1812 479 Sempronii
1835 440 1919 471 varie
1938 440 1967 472 se

1107 478 1269 515 defendit,
1300 479 1330 511 &
1352 487 1470 512 tantum
1489 480 1554 520 ejus
1577 479 1716 511 rationes
1738 480 1818 520 apud
1841 480 1967 514 Curiam

1107 519 1290 558 valuerunt,
1316 528 1350 552 ut
1366 530 1415 561 27.
1433 520 1526 553 Febr.
1548 531 1639 562 1733-
1678 520 1860 552 Rationales
1878 531 1965 563 repu-

1107 560 1180 592 lerit
1195 583 1205 595 .
1230 561 1259 592 &
1274 561 1369 593 etiarn
1384 562 1416 594 in
1436 562 1587 603 expensas
1610 561 1816 594 damnaverit.
1861 561 1965 606 Quum

1106 601 1296 642 appellatum
1315 601 1411 641 esset,
1434 603 1567 635 Senatus
1583 604 1729 643 putavit,
1753 612 1816 635 non
1833 602 1892 635 ess'e
1914 614 1965 636 ne-

1109 642 1289 682 cessarium,
1321 651 1357 674 ut
1374 643 1558 675 sententiam
1584 643 1668 676 suam
1694 644 1866 684 explicaret
1883 645 1964 686 quod

1109 684 1146 715 ad
1163 693 1271 716 omnes
1286 684 1407 716 heredis
1421 684 1634 724 defensiones,
1647 695 1717 717 nam
1736 685 1789 716 vel
1807 694 1895 717 unam
1908 685 1967 719 suf-

1108 724 1203 756 ficere
1221 725 1258 756 ad
1272 726 1468 766 repellendos
1484 725 1626 758 ACtores.
1671 726 1753 758 Cum
1770 726 1902 758 maxime
1915 736 1965 760 au-

1110 773 1175 797 tem
1200 766 1325 798 dicebat
1350 767 1456 805 heres,
1497 777 1543 798 uae
1563 768 1593 799 ὅ(
1617 768 1759 799 omnium
1783 767 1965 802 Senatorum

1109 805 1262 839 sententia
1284 806 1369 846 fuit,
1394 817 1448 848 per
1475 828 1482 839 .
1497 808 1645 849 ‘iccceffores
1664 809 1694 840 in
1717 810 1744 839 cl.
1767 807 1902 840 Decretis
1922 809 1965 842 in-

1110 848 1210 890 telligi
1234 858 1297 880 non
1315 848 1401 889 poffe
1416 858 1545 887 omnes,
1568 850 1621 889 qui
1639 850 1825 890 quandoque
1841 849 1872 881 in
1888 849 1967 883 bona

1109 888 1259 922 Wilelmi
1277 889 1331 921 III.
1356 890 1454 922 essent
1472 890 1635 922 successuri
1651 900 1841 931 quocunque
1856 891 1967 930 titulo,

1110 931 1185 972 quin
1203 940 1261 962 nec
1276 930 1440 969 heredem,
1461 931 1482 963 fi
1498 931 1583 963 forte
1608 932 1766 973 privatum
1793 932 1968 972 quempiam

1110 972 1162 1004 vel
1182 972 1274 1003 etiarn
1293 980 1433 1005 exterum
1459 972 1657 1011 instituisset,
1683 973 1786 1004 multo
1803 973 1902 1005 minus
1926 974 1967 1005 le—

1110 1014 1281 1053 gatarium,
1305 1022 1497 1054 emptorem,
1522 1014 1640 1047 aliosve
1660 1012 1849 1046 successores
1871 1013 1968 1056 fingu-

1108 1055 1204 1091 lares,
1228 1054 1269 1085 sic
1287 1055 1369 1086 enim
1394 1055 1487 1086 verba
1510 1055 1664 1087 Ordinum
1689 1055 1827 1096 captari,
1857 1064 1916 1086 nec
1941 1065 1970 1087 a-

1107 1095 1294 1127 nimadverti
1307 1119 1315 1133 ‚
1340 1105 1399 1136 qua
1416 1103 1521 1127 mente
1541 1096 1615 1136 quid
1631 1096 1763 1128 dicatur.
1810 1095 1969 1138 Intellige-

1107 1136 1182 1168 bant
1199 1136 1296 1176 igitur
1314 1137 1365 1167 vel
1381 1136 1575 1169 Success'ores
1591 1138 1624 1169 in
1639 1137 1792 1178 dignitate
1811 1135 1971 1180 Guberna-

1108 1177 1221 1215 tionis,
1247 1186 1339 1216 quam
1358 1177 1387 1208 in
1404 1177 1574 1209 Hollandia
1586 1178 1733 1219 gerebat,
1757 1179 1826 1217 vel,
1851 1186 1884 1210 ut
1901 1179 1970 1210 aliis

1107 1217 1212 1257 potius
1232 1217 1412 1256 videbatur,
1446 1218 1630 1258 simpliciter
1648 1219 1845 1260 descendentes
1868 1219 1898 1251 δε
1917 1225 1968 1260 po-

1101 1257 1212 1299 steros,
1237 1258 1308 1297 quia
1327 1257 1358 1289 in
1384 1266 1518 1298 utroque
1535 1258 1676 1290 Decreto
1699 1260 1784 1291 nulla
1809 1260 1970 1308 dignitatis

1109 1299 1230 1331 mentio
1246 1298 1328 1329 facta
1344 1306 1430 1337 erat,
1456 1300 1485 1330 <St
1502 1299 1571 1340 quia
1589 1299 1626 1330 ab
1645 1300 1816 1332 Ordinibus
1831 1300 1968 1333 benera-

1109 1340 1191 1372 libus
1223 1339 1320 1371 fimile
1345 1339 1545 1381 privilegium
1570 1348 1753 1382 acceperat,
1784 1341 1816 1372 in
1836 1350 1970 1382 quorum

1111 1390 1213 1413 tamen
1240 1380 1376 1421 Imperio
1406 1382 1493 1413 nulla
1520 1381 1649 1422 Orangii
1681 1381 1865 1423 praefettura
1895 1381 1967 1415 fuit.

1109 1422 1169 1454 Sed
1180 1421 1465 1464 quomodocunque
1474 1422 1631 1463 intelligas
1640 1446 1649 1461 ‚
1661 1430 1788 1463 apparet
1796 1432 1836 1454 ex
1843 1423 1969 1464 privile-

1111 1464 1187 1504 giis,
1211 1463 1293 1503 quod
1309 1473 1373 1495 non
1391 1473 1485 1496 nemo
1501 1463 1593 1495 valde
1609 1464 1737 1505 urgebat
1749 1487 1760 1502 ,
1780 1465 1970 1498 Wilelrnum

1111 1505 1166 1537 ΠΙ.
1192 1504 1363 1536 Ordinibus
1383 1504 1577 1545 persuasisse,
1608 1504 1766 1547 sesteosque
1789 1505 1970 1547 anteceffines

1111 1547 1203 1578 etiarn
1222 1545 1394 1586 privilegiis
1412 1545 1504 1578 fuiffe
1522 1545 1605 1578 usos.
1651 1547 1683 1578 Si
1695 1547 1817 1588 capias,
1839 1549 1890 1588 qui
1901 1546 1969 1580 fue-¹

1109 1588 1172 1620 rint
1189 1585 1388 1627 anteceffores,
1413 1588 1516 1629 capies
1532 1597 1678 1629 quoque,
1701 1588 1754 1628 qui
1776 1588 1844 1621 sunt
1856 1587 1969 1630 βείω-ἐ

1100 1629 1198 1670 fines,
1221 1637 1276 1668 per
1295 1628 1477 1669 anteceffiires
1491 1636 1595 1660 autem
1606 1629 1675 1669 ficos
1692 1638 1756 1661 non
1772 1630 1851 1662 alios
1862 1630 1969 1671 potuit

1109 1669 1304 1711 intelligere,
1327 1678 1419 1711 quarn
1437 1670 1489 1702 vel
1507 1669 1691 1711 simpliciter
1707 1670 1922 1703 Adscendentes
1939 1669 1972 1703 δέ

1110 1711 1242 1753 Major-es
1259 1711 1310 1742 vel
1331 1711 1425 1742 etiam
1438 1734 1448 1750 ,
1472 1711 1524 1752 qui
1549 1720 1620 1743 eum
1636 1711 1859 1744 antecesserant
1871 1712 1902 1744 in
1920 1721 1969 1744 ea-

1107 1754 1179 1785 dem
1203 1751 1375 1793 dignitate:
1409 1761 1510 1794 neque
1533 1753 1616 1785 enim
1635 1762 1691 1793 per
1718 1753 1899 1794 anteceffores
1922 1752 1970 1786 in-'

1109 1794 1235 1826 tellexit
1254 1802 1363 1825 omnes
1381 1793 1451 1826 illos
1463 1817 1472 1833 ,
1497 1803 1513 1824 a
1531 1794 1642 1834 quibus
1656 1794 1736 1826 bona
1752 1795 1789 1826 ad
1805 1804 1875 1826 eum
1887 1804 1968 1836 ,qua

1107 1835 1273 1872 heredem,
1293 1843 1522 1875 provenerant,
1553 1835 1583 1866 ἃ
1607 1835 1708 1866 minus
1731 1835 1909 1868 venditores
1936 1836 1967 1868 &

1107 1877 1248 1908 auetores
1263 1875 1445 1917 singulares,
1458 1886 1475 1907 a
1492 1876 1604 1917 quibus
1623 1875 1709 1908 forte
1726 1877 1966 1918 quaedamcom-

1106 1925 1291 1956 paraverat,
1326 1917 1378 1949 vel
1403 1917 1497 1958 legati
1523 1917 1619 1949 titulo
1643 1926 1817 1958 acceperat.
1861 1917 1968 1962 Quare

1106 1958 1337 2000 pei-succeſjbres
1351 1968 1415 1990 non
1435 1959 1514 1990 alios
1534 1958 1626 1990 ctiam
1643 1959 1966 2000 intelligimus,quam

1107 1999 1172 2040 ipse
1187 2000 1386 2032 intellexerat
1395 2006 1451 2040 per
1466 1999 1650 2039 anteceſjbres
1663 2022 1674 2038 ,
1697 2001 1727 2032 &
1743 2009 1826 2032 mera
1843 2000 1890 2032 vis
1902 1998 1965 2040 est,

1105 2042 1127 2074 fi
1144 2042 1237 2073 aliter
1253 2041 1479 2081 interpreteris.
1491 2039 1544 2072 De
1559 2049 1664 2081 parata
1682 2041 1870 2073 executione
1885 2040 1967 2074 idem

1104 2082 1272 2114 dicendum
1297 2080 1364 2120 est,
1418 2082 1481 2114 uod
1507 2081 1546 2112 de
1570 2082 1668 2113 tacita
1690 2081 1887 2124 hypotheca,
1910 2082 1967 2115 nisi

1104 2133 1143 2157 ex
1162 2123 1253 2164 patto
1279 2122 1389 2155 descen
1412 2132 1463 2162 at,
1495 2131 1530 2155 ut
1546 2121 1731 2155 descendere
1751 2121 1854 2164 potest
1871 2144 1882 2161 ,
1915 2122 1967 2155 sed

1105 2165 1139 2197 in
1161 2164 1380 2205 praejudicium
1406 2164 1494 2196 tertii
1519 2164 1613 2205 paeto
1640 2164 1786 2196 inducere
1811 2164 1830 2195 h
1847 2167 1965 2205 'pothe-

1105 2215 1175 2238 cam
1193 2205 1319 2237 tacitam
1331 2227 1342 2243 ,
1363 2205 1452 2237 nullo
1468 2205 1536 2245 Jure
1552 2205 1631 2237 licet
1643 2228 1654 2244 ,
1675 2203 1719 2236 est
1737 2205 1820 2237 enim
1859 2214 1904 2236 aec
1923 2213 1965 2237 ex

1105 2247 1169 2279 sola
1194 2247 1273 2288 lege.
1325 2245 1403 2279 Non
1431 2255 1536 2279 tamen
1561 2246 1639 2278 adeo
1663 2255 1780 2278 temere
1803 2246 1967 2287 litigabant

1104 2288 1307 2326 Rationales‚
1331 2294 1366 2318 ut
1384 2287 1465 2329 apud
1486 2287 1614 2320 Curiam
1628 2288 1659 2319 in
1677 2285 1828 2328 expensas
1839 2287 1962 2319 damna-

1104 2330 1130 2360 ri
1145 2327 1337 2367 debuissent,
1362 2329 1399 2360 iis
1415 2329 1511 2370 igitur
1528 2328 1737 2370 compensatis
1763 2327 1880 2368 reliqua
1904 2327 1965 2361 sen-

1104 2370 1203 2402 tentia
1217 2370 1348 2412 probata
1368 2369 1432 2402 fuit
1449 2379 1499 2410 25.
1515 2369 1602 2401 Nov.
1631 2379 1719 2412 1733.
1746 2367 1833 2408 (10).

1095 2504 1130 2539 T

1081 2603 1124 2627 an
1151 2589 1192 2632 &²
1215 2599 1369 2638 quatenus
1394 2590 1517 2625 licite?

1229 2504 1376 2540 XIV.

1105 2699 1154 2721 nae
1183 2688 1312 2720 nomine
1335 2685 1490 2728 stipulari,
1523 2683 1598 2725 quid
1622 2694 1685 2717 non
1709 2685 1803 2717 liceat
1820 2707 1830 2722 ‚
1860 2686 1964 2727 paucis

1105 2738 1187 2762 nunc
1234 2729 1353 2769 accipe.
1414 2726 1448 2758 ld
1478 2726 1564 2766 quod
1603 2725 1727 2759 interest
1767 2725 1870 2758 nostra
1910 2728 1964 2764 ali-,

1104 2770 1176 2812 quid
1194 2769 1258 2801 dari
1279 2769 1329 2800 vel
1348 2778 1409 2800 non
1432 2767 1515 2806 dari,
1540 2766 1605 2798 ficri
1626 2769 1675 2799 vel
1701 2777 1765 2799 non
1790 2767 1876 2807 fieri,
1901 2769 1962 2800 uti-

1101 2820 1162 2852 que
1180 2810 1256 2842 licet
1273 2810 1303 2841 ὅ(
1319 2809 1437 2849 semper
1451 2807 1542 2839 licuit
1560 2809 1590 2839 in
1617 2807 1846 2849 stipulationem
1869 2809 1963 2841 dedu-

1102 2860 1192 2891 cere,
1218 2849 1269 2882 sed
1285 2849 1306 2882 si
1328 2848 1490 2881 commissa
1505 2848 1582 2881 essct
1606 2849 1786 2890 stipulatio,
1813 2851 1962 2882 acerrime

1100 2893 1182 2924 inter
1202 2899 1323 2923 veteres
1336 2890 1435 2931 JCtos
1458 2889 1620 2931 quaefitum
1639 2889 1701 2930 est,
1724 2899 1883 2931 quousque
1901 2892 1931 2922 id
1950 2913 1961 2930 ,

1099 2934 1171 2974 quod
1190 2930 1326 2972 interest,
1352 2932 1586 2973 porrigeretur?
1609 2932 1637 2963 ἃ
1655 2941 1694 2963 nc
1714 2931 1744 2962 in
1761 2931 1914 2963 infinitum
1931 2933 1961 2964 id

1103 2973 1343 3014 porrigeretur,
1373 2972 1560 3013 Justinianus
1590 2972 1698 3004 effecit
1726 2971 1960 3005 Constitutione

1102 3014 1174 3054 sua,
1198 3024 1268 3054 quae
1286 3013 1387 3045 exstat
1404 3014 1434 3045 in
1453 3014 1472 3044 l.
1497 3023 1544 3045 zm.
1574 3014 1606 3045 C.
1628 3016 1662 3045 tle
1688 3013 1820 3044 Sentent.
1843 3021 1959 3055 quit-pro

1099 3066 1127 3088 eo
1145 3057 1217 3098 quod
1232 3055 1370 3096 interest,
1390 3054 1501 3096 profer.
1557 3055 1603 3087 lbi
1628 3054 1751 3096 quidem
1777 3055 1893 3094 judicis
1913 3065 1956 3128 ἓτ-

1934 3105 1955 3127 1-

1134 3182 1204 3220 (ιο)
1238 3181 1375 3221 observat.
1404 3179 1521 3211 Tumuic.
1546 3180 1616 3211 Tom.
1633 3180 1699 3211 xli.
1719 3188 1745 3208 η.
1762 3180 1844 3214 2798.
