2008 3436
175 114 456 166 QUAEsm

41 207 66 230 1.
98 198 169 238 Apr.
202 201 291 229 1622.
339 195 510 240 Quumque
531 191 561 224 id
575 191 721 223 Edictum
736 189 818 236 ratio
829 189 906 222 belli

37 247 181 276 tueatur,
194 240 224 270 <Sc
241 247 304 269 non
321 236 357 268 fit
372 236 421 276 jus
437 234 715 278 aliquod-novum,
737 231 905 278 dicendum

36 279 99 318 est,
124 279 211 311 illam
232 277 546 318 interpretationem,
571 283 630 316 qua
652 283 737 320 prior
754 282 820 313 ejus
840 273 904 305 scn-

37 321 135 354 tentia
154 328 275 351 mutata
295 318 339 350 est
353 343 363 357 ‚
388 327 448 359 pro
464 325 570 348 eri-ore
591 324 709 356 magis,
734 324 826 361 quam
849 324 905 355 pro

36 363 103 404 jure
118 361 180 392 ess'e
195 360 376 392 habendam.
422 357 520 405 Quod
537 357 576 389 de
595 365 687 397 poena
703 356 844 388 additum
861 355 906 389 est

36 405 69 436 in
85 402 198 435 Edicto
210 426 219 441 ,
233 401 317 433 reete
340 401 378 432 ad
395 399 559 437 futurum,
578 407 626 430 res
643 397 727 439 ipsa,
750 407 790 430 ex
809 398 904 445 inter-

59 445 231 482 retatione,
254 453 317 475 non
346 442 430 474 recle
447 441 484 472 ad
507 439 651 471 futurum
669 439 823 478 refertur,
850 439 904 472 nisi

35 455 121 520 porte
136 486 293 523 dicamus,
315 484 394 516 adeo
413 491 506 515 antea
532 480 695 513 hostilium
713 491 815 513 rei-um
829 481 904 513 asse-

35 528 216 560 curationes
241 525 425 563 invaluiss'c,
448 532 484 555 ut
507 522 752 564 praecedentium
781 531 902 564 tempo-

34 579 105 602 rum
121 567 191 600 usus
210 575 378 609 perpetuus
394 575 445 598 eas
462 564 626 606 receperit.
672 564 714 596 Et
735 572 857 604 tamen,
882 564 904 596 fi

34 611 87 642 vel
103 610 235 651 plurima
251 618 355 640 rei-um
376 607 537 640 hostilium
548 630 557 646 ,
583 615 651 654 quae
667 605 846 652 assecuratae
857 616 902 639 es-

34 651 102 686 sent
110 673 122 690 ,
139 649 327 682 exstitiss'ent
341 649 487 691 exempla
496 671 506 688 ,
525 658 564 680 ne
579 650 621 680 iic
635 647 762 688 quidem
774 647 903 695 consue·

35 693 190 731 tudinem,
211 702 281 733 qua:
297 693 345 731 jus
363 691 481 728 faeiat,
503 690 575 722 inde
590 689 766 727 efficerem,
790 691 844 736 nili
859 699 903 720 re-

33 743 103 767 rum
120 742 275 775 pei-petuo
291 734 517 773 judicatarum,
542 741 611 773 quae
633 740 684 764 cas
702 731 879 773 probassent
892 753 903 769 ,

33 775 199 810 accederet
215 775 396 807 auctoritas.

33 833 39 837 -
76 816 374 858 Igitur.secundiiiii
396 816 444 857 jus
467 816 540 848 belli
566 814 630 853 est,
654 815 737 855 quod
767 815 901 847 Ordines

34 857 206 891 Generales
221 868 273 900 31.
299 857 380 890 Dec.
409 861 497 899 1657.
523 857 582 898 (4)
597 857 782 895 edixerunt,
801 866 840 902 ne
855 866 899 888 as-

34 899 253 932 securarcntur
277 910 325 932 res
352 899 572 942 Lyfitanorum
590 921 600 936 ,
634 906 709 944 tunc
733 897 869 929 hostium
891 922 900 937 ‚

32 940 85 975 sed
101 941 234 980 dubito,
259 951 297 973 an
323 940 491 972 secundum
508 941 554 981 jus
572 940 647 971 belli
669 939 704 972 (it
716 961 726 977 ,
749 939 833 980 quod
849 948 901 980 ge-

31 982 183 1014 neraliter
199 982 333 1021 addunt,
358 991 397 1013 ne
422 991 491 1022 quae
517 981 611 1011 etiam
633 990 680 1012 res
695 980 902 1012 all'ecuiaren—

32 1032 104 1062 tur,
129 1032 199 1063 quae
216 1024 253 1054 ad
275 1023 455 1065 Lyl'itanos,
481 1032 550 1063 quae
574 1030 612 1052 ue
627 1031 666 1053 ex
684 1020 901 1062 Lyfitaniave-

32 1065 200 1102 hereum,
225 1073 295 1096 nam
315 1063 336 1096 fi
353 1064 417 1095 illae
435 1072 483 1095 res
507 1063 544 1094 ad
575 1062 702 1094 ubditos
722 1062 898 1102 Ordinum‚

33 1106 87 1138 vel
103 1105 140 1137 ad
158 1114 287 1136 exteros
305 1105 500 1145 pertineant,
525 1104 611 1136 nulla
638 1104 719 1136 ratio
736 1103 781 1136 est
793 1128 802 1143 ,
827 1114 898 1145 quae

31 1147 136 1180 'earum
150 1145 410 1178 allec-arationem
428 1146 618 1187 impediret,
640 1146 711 1187 quia
729 1155 768 1177 eo
787 1145 900 1177 Edicto

32 1187 164 1223 subditis
181 1186 296 1220 nostris
311 1197 375 1220 non
389 1188 589 1219 interdicitur
614 1187 808 1219 commercio
827 1197 899 1218 cum

33 1229 207 1272 Lysitanis,
230 1229 280 1261 sed
301 1229 332 1260 in
354 1228 381 1270 §.
407 1239 434 1260 2.
461 1229 613 1260 duntaxat
637 1234 686 1260 τοῖς
705 1229 901 1260 coiitrahande

32 1271 130 1313 iuvari
147 1279 311 1309 vetantur,
338 1280 410 1301 cum
433 1280 451 1301 a
467 1269 581 1302 nostris
589 1292 600 1309 ,
627 1278 692 1303 tum
718 1270 755 1301 ab
773 1270 898 1303 exteris.

31 1313 62 1346 si
77 1312 115 1344 acl
131 1311 259 1344 alterius
277 1311 432 1352 Principis
458 1310 598 1344 subditos
627 1322 674 1344 res
697 1312 898 1353 pertineant,

30 1354 132 1387 multo
149 1354 246 1395 magis
260 1353 420 1392 dicemus,
446 1362 462 1384 a
480 1352 594 1384 nostris
611 1353 774 1385 affecurari
800 1353 899 1394 pofl'e,

30 1395 102 1437 quia
123 1396 244 1427 exteris
272 1395 382 1435 utique
402 1404 465 1427 non
487 1394 565 1425 licet
594 1396 681 1426 omni
704 1395 898 1426 commercio

29 1446 102 1470 cum
130 1435 272 1468 hostibus
300 1436 416 1468 nostris
432 1435 630 1468 interdicere.
678 1436 786 1483 Quare
807 1436 845 1468 ad
866 1438 898 1464 m*

27 1479 249 1517 ιοητναὺαηιία,
283 1487 355 1509 cum
380 1476 559 1509 nostrorum
576 1500 585 1515 ‚
622 1486 686 1510 tum
714 1487 898 1510 exterorum

29 1519 220 1561 oportuiss'et
235 1517 421 1560 restringere
438 1518 524 1551 illam
544 1520 808 1552 interdictionem.
841 1520 897 1552 At:-

28 1569 134 1595 tamen
165 1561 377 1602 generaliter,
400 1560 510 1592 iisdem
535 1571 614 1603 pene
638 1561 765 1600 verbis,
790 1561 897 1594 similis

27 1601 208 1634 interdictio
231 1602 268 1634 ad
296 1602 416 1644 Anglos
433 1624 444 1640 ,
479 1611 557 1633 tunc
585 1602 689 1635 hostes
707 1626 717 1642 ,
748 1604 777 1635 ἂ
802 1612 896 1635 naves

26 1652 229 1684 mercesque,
254 1644 291 1675 ad
310 1653 365 1676 eos
381 1651 512 1681 euntes,
534 1644 586 1676 vel
604 1644 642 1675 ab
660 1645 696 1677 iis
711 1645 878 1676 redeuntes
885 1666 896 1684 ‚

25 1684 170 1727 porrecta
186 1684 231 1717 est
239 1684 354 1716 Edic'to
371 1685 526 1717 Ordinum
538 1684 686 1718 Generali
692 1696 741 1717 um
751 1697 783 1724 9.
797 1686 897 1718 Mart.

26 1729 109 1767 '3⁶⁶5
125 1726 211 1767 (5).
244 1725 279 1758 In
297 1726 326 1766 ᾗ.
357 1736 404 1769 13.
436 1726 557 1766 Edisti,
583 1736 647 1768 quo
666 1727 784 1759 bellum
802 1726 897 1758 Fran-

25 1767 72 1800 cis
90 1768 273 1800 indixerunt
289 1768 424 1800 Ordines
444 1766 514 1799 Gen
523 1769 619 1800 erales
632 1778 664 1806 9.
683 1769 782 1801 Mart.
807 1772 897 1805 1689.

25 1807 100 1850 (6)
122 1818 187 1841 non
216 1817 339 1842 tantum
367 1819 462 1841 naves
486 1819 672 1851 mercesque
700 1810 897 1842 Francorum

25 1849 191 1881 ass'ecurari
210 1850 499 1890 prohibentur‚sed
517 1851 681 1883 &additur
689 1852 796 1883 eadem
806 1860 897 1892 gene-

26 1891 103 1925 ralis
118 1892 316 1932 interdictio,
342 1901 410 1933 quae
427 1892 557 1933 utique,
581 1893 656 1934 quia
670 1893 824 1934 generalis
838 1891 896 1932 est,

582 2002 946 2039 CAPUT

516 110 744 160 JURIS
801 107 1150 152 PUBLICI,
1203 108 1666 153 Liss.1.c.xxi.xxii.

1744 127 1810 163 231

949 190 1044 222 etiam
1061 188 1099 220 ad
1125 196 1252 222 exteros
1277 189 1433 230 pertinet,
1459 192 1488 223 ὅ(
1515 193 1550 224 ad
1568 194 1655 227 licita
1682 206 1744 228 ram
1763 206 1814 228 ec-

950 240 1039 269 rum,
1062 240 1155 272 quam
1181 230 1359 263 nostrorum
1386 235 1587 265 commercia.
1633 238 1683 268 Si:
1713 237 1816 270 solt-:it

950 272 1080 308 Edicta,
1105 272 1164 304 alia
1190 282 1230 305 ex
1252 273 1341 312 aliis,
1366 273 1565 314 transscribi,
1592 277 1620 308 ὅ(
1645 279 1695 309 uhi
1723 279 1817 311 semei

948 323 1037 346 error
1052 322 1165 346 contra
1184 314 1238 354 Jus
1256 313 1410 347 Gentium
1437 315 1574 357 iri-epist,
1599 321 1752 351 continuo
1769 330 1815 351 rc-

949 355 1084 398 petitur‚
1108 365 1168 388 nec
1184 356 1223 387 de
1240 365 1280 388 eo
1295 356 1489 389 emendando
1507 357 1662 391 sollicitus
1680 360 1722 392 est
1735 362 1815 402 quis-

970 406 1051 429 uam.

948 407 967 439 q
990 439 1113 471 Interea
1127 448 1274 481 apparet,
1300 440 1394 473 ctiam
1420 451 1461 474 eir
1477 441 1703 484 posterioribus
1723 443 1815 475 Ordi-

947 490 1020 513 num
1036 479 1236 514 Generaliuin
1256 481 1394 522 Edistis,
1417 493 1464 516 res
1489 483 1530 516 ho
1547 484 1623 515 .*iuiii
1642 484 1814 515 ali'ecurare

947 532 1011 554 non
1029 523 1141 562 licere,
1155 526 1181 554 ἀ
1193 546 1204 562 ,
1217 523 1288 564 quia
1303 532 1350 555 res
1366 524 1451 557 usum
1470 526 1689 566 quotidianum
1710 525 1815 564 habet,

947 563 1064 596 vellem
1077 564 1108 596 id
1125 574 1252 607 quoque
1269 564 1345 596 ess'et
1363 565 1512 598 insertum
1531 567 1667 609 Legibus
1684 577 1746 598 tani
1766 577 1817 608 ge-

946 605 1127 645 neralibus,
1152 616 1243 647 quani
1269 605 1477 647 specialibus,
1509 619 1583 648 quas
1609 609 1715 649 sscigae
1743 609 1815 639 huie

946 647 1122 679 contractui
1149 648 1244 680 variis
1265 650 1460 689 temporibus
1485 649 1762 691 prasci-ipserum,
1786 652 1817 683 ἃ

945 689 1084 727 vellem,
1107 698 1146 720 ne
1167 689 1316 727 Stracha,
1339 691 1506 731 Santcriia‚
1531 694 1646 733 aliique
1671 691 1815 723 semibar-

945 730 1029 770 bari,
1053 731 1104 771 qui
1123 732 1156 762 de
1176 729 1444 771 Affecurationllms
1461 733 1669 775 scripserunt,
1694 734 1755 765 hoc
1767 743 1813 764 ar-

944 780 1129 813 gumentum
1147 773 1239 813 plane
1258 773 1408 805 intactum
1426 775 1710 815 praeteriiiifiss'ent‚
1740 795 1744 803 .
1759 785 1814 807 on—

946 814 1027 846 tenti
1046 813 1218 854 monuiss'e,
1241 824 1361 846 merces
1381 816 1528 856 illicitas,
1553 826 1627 857 puta
1643 818 1816 848 contraban-

944 856 1013 894 das,
1038 854 1201 887 ass'ecurari
1220 866 1283 887 non
1299 855 1393 897 posse.
1428 856 1497 890 Nos
1517 859 1560 890 ita
1575 858 1812 891 constituamus:

945 906 1042 928 naves
1067 906 1250 939 mercesque
1266 920 1277 936 ,
1310 907 1384 939 quas
1406 899 1473 939 jure
1499 899 1573 932 belli
1599 910 1756 941 occupare
1784 900 1815 932 ἅτ

946 938 1103 978 publicare
1126 939 1219 977 licet,
1245 949 1441 981 quaecunque
1467 940 1595 973 deinum
1610 941 1745 981 fuerint,
1771 951 1815 973 as-

948 978 1090 1010 securare
1107 989 1169 1011 non
1186 981 1262 1012 licet
1273 1004 1283 1019 ,
1311 981 1352 1012 liii
1379 990 1482 1012 autem
1499 991 1600 1024 occup
1608 993 1651 1014 ire
1670 983 1700 1015 ἃ
1714 983 1813 1024 publi-

946 1029 1017 1051 care
1037 1030 1099 1051 non
1122 1021 1234 1060 liceat,
1259 1031 1323 1054 non
1338 1023 1555 1054 animadverto
1569 1034 1625 1055 cur
1641 1026 1679 1056 de
1694 1025 1731 1057 iis
1741 1034 1814 1066 pro-

945 1061 1047 1093 hibita
1062 1062 1202 1095 dicamus
1218 1063 1249 1090 m*
1267 1071 1432 1095 ωσφκλισιωι
1454 1078 1480 1097 α.

986 1102 1157 1136 Audiamus
1172 1105 1202 1137 δε
1216 1105 1290 1146 quid
1306 1105 1448 1138 homines
1465 1107 1590 1147 quidam
1612 1107 1708 1139 nostri
1725 1108 1812 1140 dixe-

944 1145 1008 1177 rint
1031 1145 1070 1176 de
1088 1145 1198 1184 rebus,
1222 1156 1297 1187 quas
1324 1156 1481 1188 occupare
1497 1149 1526 1182 ὅ(
1547 1149 1704 1189 publicare
1725 1150 1812 1182 licet.

945 1186 1009 1233 Qui
1029 1187 1175 1228 ignorans
1190 1187 1376 1220 ass‘ecuravit
1392 1196 1425 1230 op
1439 1192 1633 1222 contraumde
1645 1214 1654 1229 ‚
1677 1191 1716 1222 de
1730 1191 1814 1223 dam-

943 1238 984 1259 no
1007 1238 1071 1260 non
1096 1230 1216 1268 teneri,
1243 1229 1377 1262 Grotius
1400 1230 1562 1272 respondit
1592 1231 1692 1271 Coiifil.
1727 1232 1810 1264 Holl.

947 1269 982 1301 T.
1008 1269 1061 1302 ΠΙ.
1091 1270 1171 1311 Confi
1201 1281 1269 1313 175.
1315 1271 1376 1311 Et,
1399 1273 1451 1313 qui
1468 1273 1654 1306 assecuravit
1672 1275 1722 1312 ei,
1745 1275 1814 1316 qui-

943 1321 1068 1353 cunque
1088 1312 1236 1344 dominus
1262 1312 1297 1345 sit
1324 1323 1426 1345 rerum
1443 1337 1454 1353 ,
1485 1315 1524 1346 de
1548 1316 1661 1357 quibus
1687 1317 1810 1356 agitur,

943 1352 1024 1391 five,
1046 1361 1079 1386 ut
1092 1352 1233 1386 formula
1248 1355 1330 1395 juris
1348 1355 1482 1388 Romani
1501 1365 1587 1395 utar,
1606 1358 1654 1395 ei,
1677 1359 1815 1399 adquem

941 1403 977 1425 ea
993 1404 1041 1427 res
1067 1395 1223 1436 pertinet,
1250 1397 1339 1437 isque
1364 1396 1462 1430 hostis
1480 1397 1537 1437 fit,
1560 1398 1666 1430 verbis
1685 1399 1745 1431 illis
1764 1409 1814 1439 ge-

940 1436 1099 1468 neralibus
1114 1436 1218 1469 holles
1237 1446 1302 1470 non
1317 1439 1475 1471 contineri
1489 1464 1499 1479 ,
1524 1449 1627 1480 neque
1644 1440 1722 1472 adeo
1739 1441 1812 1473 affe-

941 1485 1120 1510 curatoi·em
1136 1478 1313 1520 obligatum
1329 1479 1411 1519 effe,
1422 1480 1591 1514 secundum
1601 1491 1814 1514 mercatorum

942 1519 1136 1559 quorundam
1157 1519 1431 1562 Antverpienliurn
1444 1523 1475 1555 ἃ.
1489 1523 1526 1555 M
1532 1523 1817 1565 {ducibui-gentium

943 1560 1131 1594 sententiam
1155 1562 1219 1593 duo
1245 1562 1433 1604 Pragmatici
1462 1563 1688 1605 responderunt
1709 1564 1814 1604 Confil.

941 1602 1027 1634 Holl.
1055 1602 1090 1635 T.
1114 1602 1154 1635 ΙΙ.
1181 1603 1285 1643 Confil.
1311 1615 1385 1646 322.
1410 1605 1481 1646 Ego
1510 1607 1677 1646 adderem,
1711 1609 1729 1639 ii
1763 1608 1813 1639 vel

940 1644 1130 1677 nominatim
1151 1645 1325 1686 expressum
1338 1646 1397 1685 sit,
1421 1652 1452 1675 w·
1467 1650 1668 1680 conti-eihandei
1694 1649 1744 1680 vel
1765 1658 1813 1681 res

942 1684 1069 1718 hostiles
1091 1685 1275 1726 affeemari,
1298 1697 1338 1719 ne
1360 1687 1401 1720 fic
1425 1689 1552 1730 quidem
1567 1690 1813 1723 ass'ecuratorem

942 1727 1064 1767 teneri,
1098 1728 1171 1769 quia
1192 1729 1299 1761 nullus
1322 1728 1367 1761 est
1393 1731 1594 1771 contractus,
1628 1733 1657 1764 ἃ
1684 1739 1810 1764 contra-

942 1768 1026 1800 Ctum
1038 1791 1050 1807 ,
1071 1770 1255 1810 quiknullus
1270 1768 1335 1807 est,
1360 1771 1492 1813 implere
1516 1773 1566 1805 vel
1597 1783 1661 1805 non
1679 1773 1811 1812 implere

936 1810 1055 1852 vpendet
1070 1819 1088 1841 a
1104 1820 1190 1843 mera
1209 1812 1378 1844 voluntate
1401 1814 1666 1847 contrahentium.
1714 1814 1813 1889 (guod

940 1859 1046 1898 autem
1068 1861 1165 1884 inerae
1195 1853 1373 1887 voluntatis
1398 1853 1466 1894 est,
1489 1855 1522 1888 in
1540 1856 1660 1896 judicio
1684 1856 1723 1888 de
1741 1856 1813 1889 endi

939 1900 1059 1935 nequit.
1628 1902 1630 1906 ’

1045 2003 1229 2040 ΧΧΙΙ.

385 2090 438 2124 An
467 2089 562 2125 liceat
591 2090 728 2126 militem
754 2091 925 2128 conducere
950 2092 985 2127 in
1011 2093 1125 2129 amicae
1153 2093 1272 2128 Gentis
1297 2092 1449 2140 Populo?

135 2236 205 2258 nam
215 2227 353 2267 Europae
389 2234 487 2259 artem
507 2229 705 2268 turbavit,&
720 2230 823 2263 adhuc
832 2239 895 2263 tur-

24 2288 27 2290 -
133 2267 196 2300 bat.
242 2267 302 2300 Sed
322 2276 364 2298 no
380 2268 387 2299 i
407 2267 602 2309 existimare,
627 2270 648 2303 fi
664 2271 716 2303 vel
732 2271 844 2304 liceret
862 2274 893 2305 in

21 2309 182 2350 Principis
199 2309 291 2342 amici
308 2307 447 2350 Imperio
465 2311 599 2343 militem
617 2312 812 2353 conducere,
823 2314 896 2346 ideo

24 2352 56 2389 ἐξ
77 2352 175 2384 licere
198 2350 356 2389 militem,
382 2351 435 2392 qui
459 2351 596 2393 Principi
623 2354 726 2385 amico
754 2355 894 2395 militat,

23 2392 77 2426 ''v'el
95 2401 190 2435 prece
207 2392 260 2423 vel
277 2392 383 2432 pretio
399 2393 437 2424 ad
455 2392 655 2425 deserendam
675 2394 831 2437 Principis
849 2395 895 2429 sui

22 2434 177 2468 militiam
195 2433 368 2465 sollicitare
378 2456 389 2472 ,
399 2434 429 2466 &
445 2435 478 2466 in
495 2434 630 2466 nostram
642 2435 788 2468 militiam
798 2445 895 2470 trans-

21 2474 171 2508 ¹scribere.
200 2474 335 2507 Militiae
349 2474 529 2508 desei-endae
544 2476 684 2509 auctores
702 2486 765 2509 non
788 2478 895 2511 minus

23 2518 219 2563 puniuntur,
231 2525 326 2558 quam
339 2516 396 2558 ipsi
410 2516 605 2557 desertores,
628 2518 657 2550 &
675 2517 745 2550 sunt
762 2517 895 2560 Gentes,

68 2568 94 2590 ae
109 2558 141 2590 id
159 2558 280 2589 crimen
295 2557 411 2591 habent
429 2567 486 2599 pro
505 2559 638 2591 crimine
656 2559 895 2600 Majestatislae-

38 2609 82 2639 τε,
106 2598 158 2631 sed
174 2599 236 2630 alia
249 2599 280 2630 &
294 2597 437 2631 diffine‘ta
453 2599 586 2641 quaestio
602 2600 664 2639 est,
689 2610 727 2632 an
744 2601 895 2644 Princeps

25 2641 147 2673 amicus
167 2640 198 2671 in
214 2639 352 2680 Imperio
366 2639 480 2681 Populi
505 2642 618 2681 amici,
641 2651 714 2680 eos,
739 2645 792 2684 qui
810 2645 893 2675 mili-

18 2689 73 2719 {tes
92 2691 156 2713 non
174 2680 262 2720 sunt,
287 2680 378 2721 poffit
394 2682 592 2723 conducere,
618 2683 648 2715 ἅ
668 2693 779 2715 eorum
797 2694 895 2726 opera

23 2722 56 2756 iti
74 2722 162 2754 bello
181 2722 228 2753 uti
257 2720 404 2753 adversus
422 2722 525 2755 hostes
554 2723 651 2757 suos?
675 2725 757 2757 Sane
774 2725 795 2758 fi
822 2727 893 2767 quis

23 2763 172 2805 Princeps
196 2762 414 2798 subditis-suis
438 2764 626 2805 interdicat,
649 2776 690 2803 ne
717 2765 893 2800 Civitatem

23 2812 164 2844 mutent,
189 2813 278 2849 neve·
288 2802 342 2834 sub
362 2803 429 2835 aliis
445 2804 643 2848 Principibus
658 2807 819 2847 militent,
841 2819 893 2841 ne-

24 2855 86 2888 que
102 2846 157 2883 alii
173 2845 336 2885 Principes
356 2844 440 2876 reete
455 2855 510 2878 eos
531 2846 672 2880 subditos
691 2849 728 2880 ad
747 2850 892 2883 militiam

18 2887 226 2926 conducunt,
252 2885 305 2917 sed
332 2885 384 2916 ubi
411 2895 447 2917 ea
474 2888 648 2927 prohibitio
675 2900 738 2924 non
765 2890 830 2931 est,
856 2901 892 2924 ut

20 2938 87 2961 non
104 2927 149 2960 est
164 2928 244 2970 apud
262 2927 425 2974 plerasque
442 2926 580 2975 Europae
596 2930 737 2971 Gentes,
761 2932 891 2966 subditis

22 2970 158 3009 iicebit,
184 2977 220 3001 ut
238 2968 304 3010 ipse
314 2967 444 3015 ¹quidem
460 2978 593 3012 opinor,
617 2972 792 3007 Civitatem
806 2974 891 3008 suam

22 3011 218 3082 relinquere,
232 3011 264 3043 in
280 3011 374 3043 aliam
392 3019 543 3052 migrare,
555 3012 585 3046 δι
601 3013 645 3046 ibi
663 3013 717 3047 sub
732 3015 889 3050 alioPrin-

23 3060 94 3093 cipe
106 3060 148 3083 mi
164 3059 252 3084 itare.

26 2183 302 2285 Quaestionem
314 2186 497 2227 aggredior,
507 2196 577 2229 quae
593 2187 697 2220 nostra
709 2195 804 2221 :etate
813 2199 896 2232 mag-

63 3172 123 3210 (4)
144 3172 222 3201 Plac.
242 3174 336 3218 ΖΗΓ-4..
356 3178 401 3213 28.
426 3184 451 3205 1.
473 3184 500 3209 2.
564 3150 568 3153 ⁴
613 3151 616 3154 Ι
743 3192 745 3195 ·

64 3211 126 3249 (5)
146 3210 244 3242 Exstat
260 3214 339 3251 spu&
356 3215 489 3246 Aitzema
507 3213 543 3245 L.
559 3215 650 3246 XLV.
670 3225 698 3256 p.
716 3219 781 3250 880.

982 2189 1035 2228 Si,
1057 2197 1095 2222 ut
1111 2191 1208 2222 modo
1225 2190 1388 2230 dicebam,
1410 2201 1475 2224 non
1491 2190 1528 2225 fit
1549 2192 1602 2225 lex
1614 2216 1624 2232 ‚
1648 2203 1717 2235 quae
1736 2202 1808 2236 pro-

939 2231 1066 2270 hibeat,
1089 2232 1198 2273 utique
1213 2233 1291 2265 licet
1307 2231 1423 2265 subditi
1444 2234 1663 2267 conditionem
1681 2245 1810 2274 exuere,

938 2271 1182 2313 &Civitatem‚
1207 2282 1242 2307 ut
1269 2273 1381 2315 lubet,
1407 2284 1538 2308 mutare.
1581 2276 1662 2317 Juris
1688 2277 1810 2318 publici

938 2314 1117 2355 Scriptores
1132 2325 1196 2348 uno
1215 2325 1272 2347 ore
1288 2316 1321 2348 in
1338 2317 1369 2348 id
1388 2316 1607 2357 consentiunt,
1631 2328 1733 2360 neque
1748 2319 1810 2350 dis-

938 2354 1035 2387 sentit
1055 2355 1191 2388 Grotius
1206 2357 1247 2389 L.
1273 2356 1313 2389 II.
1338 2359 1372 2389 de
1387 2358 1465 2400 Jure
1484 2359 1520 2391 B.
1545 2360 1582 2395 &⁹
1600 2359 1636 2391 P.
1666 2361 1699 2391 C·
1721 2368 1752 2399 5.
1778 2359 1807 2401 §.

939 2406 990 2437 24.
1016 2398 1095 2439 apud
1113 2397 1272 2430 Moschos
1288 2405 1391 2431 tamen
1409 2400 1485 2431 illud
1501 2410 1564 2432 non
1578 2401 1697 2440 licere,
1721 2401 1809 2433 addit

938 2438 981 2469 ibi
999 2437 1153 2477 Grotius3
1177 2449 1242 2472 non
1257 2440 1355 2471 licere
1373 2441 1471 2472 etiam
1487 2441 1568 2482 apud
1586 2440 1759 2474 Chinenses
1777 2443 1808 2475 δε

937 2479 1078 2551 Αηῗίοε,
1101 2489 1208 2512 earum
1233 2479 1387 2512 Gentium
1412 2481 1568 2514 sententia
1582 2481 1645 2522 est,
1670 2483 1739 2525 plus
1760 2483 1806 2515 se-

939 2529 990 2552 me
1028 2521 1157 2562 publice
1182 2522 1303 2554 testata.
1347 2521 1534 2556 Ludovicus
1560 2533 1687 2565 quoque
1713 2524 1805 2557 XIV.

939 2560 1080 2594 Franviae
1097 2562 1168 2594 Rex
1193 2562 1309 2598 Edicto
1331 2573 1379 2606 13.
1403 2564 1484 2606 Aug.
1515 2568 1603 2602 1669.
1630 2565 1706 2607 (1)
1722 2566 1806 2608 capi-

940 2603 980 2634 tis
994 2603 1216 2646 bonorumque
1232 2613 1357 2646 poenam
1375 2605 1503 2645 statuit,
1527 2607 1548 2639 fi
1567 2607 1635 2648 quis
1654 2607 1803 2646 Francus,

937 2644 1030 2676 venia
1047 2645 1085 2676 ab
1103 2645 1172 2687 ipso
1190 2656 1256 2678 non
1273 2646 1458 2687 impetrata,
1470 2647 1632 2680 Franciam
1650 2649 1804 2690 relinque-

936 2693 986 2716 ret
1003 2686 1109 2718 animo
1124 2696 1187 2720 non
1205 2688 1395 2720 revertendi.
1442 2689 1527 2721 Ante
1543 2699 1614 2721 eum
1628 2699 1743 2721 annum
1760 2689 1805 2721 ibi

936 2727 1051 2766 licuit,
1074 2728 1103 2760 ἀ
1119 2729 1239 2770 ubique
1266 2729 1360 2768 licet,
1385 2729 1437 2761 ubi
1465 2729 1589 2762 Civitas
1612 2740 1718 2761 carcer
1738 2740 1804 2762 tion

934 2768 988 2800 est.
1036 2769 1116 2802 Cum
1134 2778 1239 2807 autem
1259 2770 1355 2802 liceat
1371 2771 1403 2803 in
1422 2771 1550 2803 alterius
1566 2771 1721 2812 Principis
1741 2771 1801 2802 Im-

934 2810 1056 2851 perium
1073 2811 1219 2851 transire,
1235 2810 1356 2843 licebit
1371 2811 1459 2844 &ibi
1479 2812 1588 2852 quavis
1608 2811 1736 2844 honesta
1757 2821 1804 2843 ra-

936 2851 1024 2884 tione
1051 2853 1173 2884 vietum
1203 2861 1363 2894 quaerere,
1389 2854 1418 2885 ὃ(
1444 2853 1551 2893 quidni
1576 2853 1672 2884 etiam
1690 2853 1804 2885 militia

927 2893 1071 2926 -terrestri
1087 2894 1140 2926 vel
1157 2894 1341 2926 maritima?
1352 2895 1384 2926 in
1401 2894 1514 2934 Belgio
1531 2901 1618 2924 certe
1636 2893 1805 2926 Foederato

933 2943 998 2967 non
1018 2935 1064 2967 est
1081 2935 1154 2976 lex,
1179 2945 1249 2977 quae
1267 2935 1439 2976 impediat,
1463 2935 1492 2965 ὅ(
1508 2935 1635 2980 plurimi
1656 2935 1804 2981 Belgg&

930 2976 1013 3008 olim
1030 2977 1061 3009 &
1078 2986 1147 3015 mea
1163 2977 1317 3009 memoria
1334 2975 1389 3007 sub
1410 2975 1480 3007 aliis
1504 2975 1705 3016 Principibus
1720 2977 1802 3009 nuli-

933 3024 1040 3050 tarunt
1057 3026 1141 3051 terra
1158 3019 1307 3058 marique.

974 3059 1104 3100 Loquor
1117 3068 1224 3092 autem
1240 3059 1279 3090 de
1294 3057 1617 3103 Principibusamici's
1625 3081 1638 3099 ‚
1661 3059 1801 3133 na‘rfnffigo-

1137 3120 1140 3125 -
1737 3111 1746 3132 i
1768 3111 1802 3133 us

972 3179 1033 3215 (6)
1052 3179 1129 3208 Plac.
1151 3180 1202 3208 IV.
1224 3187 1250 3215 J.
1274 3182 1301 3208 6.
1325 3187 1350 3208 1.
1500 3189 1501 3194 ¹

973 3218 1033 3254 (1)
1054 3216 1227 3256 Hollandsche
1241 3217 1403 3248 Morcwius-
1421 3221 1502 3254 1669»
1522 3227 1550 3257 p.
1567 3226 1632 3256 1-23.
1648 3218 1685 3255 ὃ)
1702 3227 1765 3255 124..
