2008 3436
169 111 220 152 A.
272 109 322 151 A.
370 101 1005 154 PAGENSTECHER
1064 101 1658 146 COROLLARIUM.
1746 107 1791 149 81

28 210 117 250 Huc
145 219 235 260 ergo
266 203 428 260 equidem
457 205 654 244 innumera
679 201 874 256 pertinent
905 197 1160 244 Corneliana;
1180 196 1254 253 sed
1279 210 1328 240 ex
1348 199 1518 253 fimbriis
1548 201 1695 254 vestem.
1735 201 1800 242 Se-

29 266 104 319 ligo
131 276 195 306 eas
223 274 306 314 4111ae
333 261 386 302 ad
410 259 605 301 rhombum
647 257 812 311 nisti-um
837 255 1107 310 principaliter
1129 254 1300 308 faciunt.
1359 256 1426 297 Ex
1456 258 1614 305 Azone,
1642 259 1796 299 Accur-

15 322 92 377 fio,
128 318 335 372 Odofred0,
366 316 420 368 &³
449 314 604 357 Abbate
634 313 905 368 Uigspergenfi,
931 311 1102 365 probare
1129 313 1294 360 nititur,
1322 312 1519 353 Irnerium
1545 313 1797 367 quarumdam

28 377 351 419 Anthenticarum
380 376 622 425 integrarzmt
652 368 845 412 auilorem
881 367 959 423 effe.
1031 365 1166 421 Rificm
1201 369 1365 410 teneatis
1393 369 1528 417 amici,
1556 369 1587 419 si
1613 369 1714 409 modo
1742 377 1800 410 te-

29 446 118 474 nere
146 429 305 487 potestis.
363 426 498 482 Quasi)
527 439 611 474 vos,
642 426 734 482 quid
768 425 883 468 habet
919 425 1034 466 Azo?
1070 425 1211 465 Dicit:
1242 423 1502 465 Guarnerium
1534 422 1585 465 fic
1614 421 1798 476 adjecisse.

28 489 147 530 Item:
185 486 370 528 lrnerium
411 482 566 539 posuisse
602 481 779 536 quaedam
816 480 864 523 de
902 481 1143 522 Anthentica
1172 480 1235 521 illa
1262 481 1302 521 in
1332 481 1439 522 istam
1469 480 1510 522 δε
1540 481 1594 522 ita
1624 479 1672 522 de
1702 479 1798 521 dua—

27 545 98 587 bus
142 542 387 585 Authenticis
424 554 542 580 unam
580 537 809 594 compilasse.
879 538 977 579 Item
997 552 1010 579 .·
1049 535 1210 578 traetam
1241 536 1313 579 effe
1343 537 1605 579 authenticam
1637 537 1686 578 ab
1715 535 1798 577 aliis

28 600 186 642 duabus.
247 598 366 639 Item:
394 594 593 651 assignasse
624 595 685 636 hic
715 594 920 637 dominum
955 594 1140 635 lrnerium
1171 591 1265 634 duas
1294 593 1565 636 Authenticas.
1627 589 1767 648 Quaeso
1784 621 1800 642 ,

29 671 80 700 an
109 656 196 698 Azo
223 653 278 695 his
307 662 473 709 quatuor
496 652 582 694 locis
620 652 753 708 afferit
771 680 784 701 ,
820 652 1014 692 Irnerium
1044 649 1310 692 nonnullarum
1338 650 1667 693 Anthenticarum
1697 658 1800 690 inte—

27 725 182 769 grarum
210 710 410 751 authorem
439 707 528 762 effe,
557 709 654 763 quod
681 708 872 750 Cornelius
900 706 1021 761 nister
1049 705 1163 747 vult?
1201 707 1262 747 At
1287 707 1354 748 vel
1375 709 1489 762 pueri
1516 710 1645 749 norint
1673 704 1800 759 distin-

23 781 141 824 guere
169 769 272 809 inter
313 766 567 808 Anthenticas
596 764 739 819 facere
775 765 968 819 integras,
997 761 1052 812 59⁹
1080 764 1132 803 eis
1160 762 1252 816 quid
1283 762 1458 820 adjicere.
1517 763 1650 818 Quid?
1677 775 1729 804 an
1757 760 1802 803 de

29 823 270 867 Authentica
306 837 382 864 una
420 821 512 877 quid
545 821 741 877 decerpere
779 819 834 871 ἐξ
869 819 922 861 ad
954 819 1123 860 alteram
1158 818 1250 875 quid
1276 833 1446 873 ponere,
1475 819 1526 872 est
1555 819 1802 862 Authenticae

29 881 141 935 hujus
169 882 333 932 integra
363 879 560 920 authorem
589 878 686 931 effe?
704 879 822 918 Immo
851 876 916 931 qui
943 875 987 916 de
1015 875 1180 923 duabus,
1209 889 1324 917 unam
1354 876 1556 930 compilat,
1584 879 1643 918 ita
1671 882 1714 916 ut
1744 873 1802 915 di-

29 940 96 986 xi,
123 939 154 978 is
180 934 348 990 profesio
378 937 548 976 neutrius
577 947 626 975 ex
656 933 732 988 affe
750 932 891 974 author
909 931 959 986 eli
972 960 986 980 ,
1006 929 1079 985 sed
1102 931 1155 972 ad
1181 931 1440 974 authenticam
1470 934 1573 985 cujus
1601 933 1707 974 alter
1732 944 1801 972 au-

28 993 120 1035 thor
142 992 216 1043 eli,
242 992 394 1044 adponit
419 991 657 1045 particulam
685 989 915 1031 authenticae
943 989 1108 1029 alterius
1135 999 1218 1042 quae
1241 988 1421 1041 similiter
1449 988 1567 1030 alium
1593 987 1796 1031 authorem

28 1047 207 1104 agnoscit.
266 1050 374 1101 Ergo
402 1048 492 1088 talis
519 1047 742 1100 compilator
776 1057 846 1085 non
883 1043 933 1098 est
963 1042 1106 1084 author
1136 1044 1206 1092 nisi
1229 1045 1324 1086 talis
1353 1044 1605 1086 additamenti
1633 1052 1704 1087 aut
1733 1043 1804 1086 ad-

23 1104 208 1161 jedlionis.
274 1104 389 1158 quue
427 1102 496 1142 duo
531 1105 684 1156 priores
720 1102 868 1143 Azonis
904 1100 972 1140 loci
1009 1102 1189 1141 evincunt
1209 1129 1222 1150 ,
1265 1101 1432 1142 Cornelii
1450 1099 1686 1156 fintentiam
1714 1100 1812 1142 adeo’

29 1168 243 1204 evertentes
257 1188 269 1209 ,
302 1160 357 1200 Cl.
389 1158 570 1210 Praefidis
606 1160 754 1213 egregie
791 1156 1066 1209 confirmantes.
1140 1157 1212 1197 Sed
1240 1156 1296 1208 &²
1322 1159 1466 1199 tertius
1495 1155 1625 1212 (sume
1650 1169 1733 1199 eum
1760 1155 1804 1197 de

30 1218 183 1260 Irnerio
209 1218 344 1270 agere)
374 1216 492 1264 locus,
514 1215 569 1266 &⁹
585 1224 770 1270 quartus,
793 1214 852 1255 nil
868 1213 974 1254 aliud
987 1215 1178 1254 continent
1206 1226 1320 1268 quam
1339 1215 1536 1256 Irnerium
1562 1212 1806 1256 authenticas

30 1274 80 1316 ab
122 1273 211 1315 aliis
245 1270 386 1326 fatias
425 1279 495 1312 aut
532 1274 704 1325 integras
740 1278 811 1312 aut
840 1282 887 1311 cx
913 1277 1032 1324 parte
1060 1269 1287 1324 conjunxiffi’
1324 1269 1380 1322 59⁹
1416 1269 1469 1312 ad
1494 1270 1656 1326 aliquem
1686 1269 1807 1311 locum

29 1328 218 1384 traxiffe,
252 1336 322 1369 aut
360 1327 486 1369 iisdem
523 1328 640 1368 locum
676 1327 858 1384 quendam
889 1324 1094 1381 affignaffe.
1154 1326 1227 1366 Sed
1253 1327 1346 1382 quid
1371 1327 1606 1380 Accursius?
1634 1325 1807 1368 Adducet

25 1395 100 1443 pro
128 1398 168 1428 eo
199 1384 394 1426 Cornelius
434 1383 554 1426 Gloss‘.
593 1382 642 1425 ad
670 1382 953 1432 Autl1.1M111to
983 1383 1118 1438 magis.
1148 1383 1194 1423 C.
1224 1381 1273 1424 de
1300 1383 1369 1425 SS.
1397 1383 1536 1426 Eccles.
1567 1382 1694 1426 Auth.
1723 1381 1808 1434 Qui

29 1456 101 1485 res.
132 1442 176 1483 C.
195 1439 281 1483 eod.
301 1439 421 1483 Auth.
442 1440 563 1482 Nunc
592 1448 732 1482 autem.
765 1440 810 1481 C.
841 1438 888 1480 de
918 1439 1093 1494 Episcop.
1125 1439 1167 1481 δε
1197 1439 1296 1481 Cler.
1334 1439 1454 1482 Auth.
1482 1438 1607 1492 Quod
1634 1438 1731 1481 fieri.
1755 1438 1803 1480 C.

31 1498 81 1540 de
110 1497 287 1540 dilation.
318 1496 438 1538 Auth.
469 1495 496 1537 fi
525 1506 644 1551 pater.
674 1496 721 1537 C.
749 1496 798 1537 de
827 1494 935 1538 fund.
964 1494 1046 1536 dot.
1075 1494 1198 1536 Auth.
1230 1497 1272 1538 in
1301 1495 1545 1539 succeffione.
1578 1495 1623 1538 C.
1655 1494 1706 1541 de
1734 1494 1810 1537 suis

30 1550 73 1597 ἅτ.
109 1555 214 1610 legit.
250 1552 371 1596 Auth.
411 1552 621 1594 Defuneto.
664 1553 709 1594 C.
740 1552 789 1594 ad
829 1552 871 1593 T
873 1553 994 1594 ertull.
1039 1551 1163 1593 Auth.
1191 1552 1286 1594 item
1316 1551 1529 1595 haereditas.
1559 1551 1605 1593 C.
1637 1550 1686 1593 de
1713 1550 1812 1594 bon..

32 1626 119 1666 quae
147 1611 211 1653 lib.
243 1610 364 1652 Auth.
395 1609 493 1651 Haec
522 1608 548 1650 fi
578 1609 741 1652 debitor.
773 1609 816 1649 C.
845 1607 894 1650 de
922 1608 1033 1663 Pign.
1066 1607 1109 1649 &
1139 1607 1305 1664 hypoth.
1365 1609 1533 1659 Verum,
1564 1605 1704 1651 Lellor
1719 1620 1812 1650 can-

31 1667 138 1718 dide,
170 1665 344 1723 inspicias
370 1665 492 1722 quaeso
520 1666 710 1720 allegatas
750 1664 895 1719 Gloffas
911 1694 925 1715 ,
953 1664 1010 1716 &⁹
1045 1663 1217 1714 videbis,
1238 1664 1422 1763 ssistingui
1447 1668 1554 1708 inter
1581 1663 1708 1721 verba
1736 1664 1812 1706 Le-

31 1726 90 1780 gis
120 1722 176 1775 &2
205 1723 350 1765 lrnerii.
389 1723 530 1777 Legem
560 1723 741 1776 intelligit
769 1721 888 1778 ipsam
915 1720 1218 1763 Anthenticam:
1277 1720 1450 1764 nimvero
1467 1721 1725 1765 Authenticas
1753 1719 1812 1770 &³

33 1780 370 1823 Conl'titutionum
408 1792 535 1821 nomen
573 1778 744 1834 meruiffe
762 1809 775 1829 ‚
813 1791 861 1821 ex
895 1778 1110 1833 Prolusione
1148 1778 1206 1820 Cl.
1246 1778 1425 1832 Praefidis
1455 1786 1593 1835 patet,
1621 1776 1678 1830 &²
1707 1776 1813 1820 docet

33 1834 311 1891 luculentiffime
338 1835 437 1877 locus
465 1835 568 1890 apud
595 1836 806 1878 Cornelium
836 1848 923 1891 pag.
959 1847 1019 1889 19.
1049 1833 1192 1891 (hujus
1230 1833 1333 1876 Edit.
1373 1835 1471 1890 67.)
1500 1835 1564 1878 ubi
1593 1834 1674 1877 haec
1703 1834 1811 1888 lego,

33 1903 79 1935 ut
106 1892 160 1934 est
187 1896 350 1933 relatum
380 1892 420 1932 in
452 1892 517 1933 lib.
552 1905 588 1934 1.
617 1890 716 1933 Cod.
748 1891 832 1933 Tit.
860 1889 910 1932 de
937 1892 1051 1932 rebus
1081 1888 1370 1941 Ecclefiasticis,
1388 1891 1671 1934 constitutione
1700 1890 1810 1931 Prin-

33 1949 127 2003 cipis
165 1947 293 1990 nostri.
362 1948 438 1989 Ubi
463 1946 626 2003 subjicit
665 1948 860 1990 Cornelius
878 1962 891 1989 :
926 1947 1009 2000 quis
1045 1959 1189 2002 negare
1226 1946 1321 1989 ausit
1341 1976 1356 1997 ,
1394 1948 1562 2004 intelligi
1600 1946 1661 1988 hic
1703 1945 1810 1988 auth.

33 2006 143 2057 Quas
171 2003 355 2046 afflone&
386 2004 431 2045 C.
463 2003 511 2046 de
540 2005 684 2046 Sacros.
715 2004 852 2046 Eccles.
893 2003 998 2045 Unde
1022 2011 1152 2058 patet,
1183 2016 1265 2046 cum
1293 2012 1512 2047 memorata
1543 2002 1685 2058 Gloffae
1714 2015 1810 2044 ver-

35 2061 85 2104 ba
117 2061 269 2102 Irnerii·
289 2074 316 2102 a
344 2060 477 2102 verbis
508 2062 624 2115 Legis
644 2059 1016 2116 separant:easdem
1044 2060 1200 2101 Irnerio
1227 2060 1285 2102 nil
1311 2061 1382 2115 nisi
1407 2060 1552 2115 Legum
1580 2060 1620 2102 id
1645 2058 1696 2114 est
1725 2059 1811 2100 Au-

33 2116 288 2160 thenticarum
317 2116 582 2159 additamenta
610 2118 795 2159 tribuere.
854 2119 920 2159 Ex
945 2115 1070 2159 iisdem
1101 2114 1237 2172 Gloffis
1261 2124 1381 2171 porro
1407 2116 1672 2172 deprehendes,
1702 2115 1812 2157 Irne-

37 2174 144 2214 rium
173 2171 348 2227 quaedam
385 2173 544 2226 posuisse
565 2202 578 2223 ,
617 2173 802 2229 adjecisse.
869 2174 969 2226 ραις
991 2174 1051 2214 uti
1076 2180 1149 2227 pro
1176 2170 1284 2215 distis
1310 2172 1585 2215 additamentis
1617 2185 1714 2214 novo
1741 2184 1812 2214 ar-

32 2236 210 2283 gumento
227 2227 486 2282 fiibveniunt,
507 2232 568 2272 ita
597 2230 798 2271 declarant
827 2238 983 2271 mentem
1013 2228 1257 2284 Gloffarum,
1286 2243 1370 2272 cum
1397 2243 1469 2272 non
1496 2228 1715 2284 simpliciter
1743 2229 1810 2269 Ir-

37 2286 184 2326 nerium
219 2284 476 2327 Authenticas
513 2286 565 2328 ad
599 2286 761 2328 Codicem
795 2285 951 2342 posuisse
976 2285 1102 2327 dicunt
1120 2298 1136 2333 ‚·
1152 2284 1226 2340 fied
1251 2285 1420 2336 addunt,
1447 2286 1540 2328 illa:
1569 2285 1638 2327 fic:
1669 2294 1810 2338 prout.-

37 2354 98 2383 ex.
121 2353 189 2395 gr.
229 2350 346 2395 prout
391 2342 553 2383 lrnerius
591 2342 694 2384 illam
731 2343 1014 2384 Autlienticam
1052 2343 1191 2397 posuit.
1226 2344 1349 2384 item:
1379 2342 1542 2384 Irnerius
1571 2342 1635 2395 qui
1666 2339 1714 2381 lic
1742 2352 1832 2381 au·.

38 2396 251 2438 thenticam
284 2397 416 2451 posuit.
480 2399 536 2439 Ut
571 2399 640 2440 illa
660 2430 672 2450 ,
708 2409 846 2452 prout,
877 2398 956 2449 ἐφ’),
985 2396 1037 2440 fic
1055 2427 1068 2448 ,
1097 2397 1360 2440 additamenta
1387 2398 1714 2441 Anthemii-arum
1743 2396 1811 2437 Ir-

40 2454 203 2495 aeriana
233 2453 316 2507 (ad
341 2466 426 2508 quae
454 2455 726 2496 collocationem
751 2455 829 2508 five
857 2454 1138 2510 affignationem
1167 2454 1412 2496 Authenticae
1431 2453 1509 2509 sub
1536 2454 1602 2496 hoc
1630 2453 1742 2494 illove
1759 2453 1814 2493 ti-

40 2509 117 2550 tulo
141 2510 259 2564 simul
290 2513 507 2564 pertinere,
542 2523 645 2552 nemo
672 2524 835 2566 unquam
871 2512 1094 2564 dubitavit)
1124 2510 1179 2561 &⁹
1207 2511 1316 2553 aliud
1337 2508 1508 2566 proselio
1546 2510 1672 2556 nihil,
1714 2507 1812 2550 indi-

42 2573 137 2607 cent.
196 2566 268 2608 Sed
293 2579 345 2607 an
372 2567 481 2608 aliud
503 2567 619 2609 habet
648 2567 889 2621 odofredus?
916 2565 1076 2622 Quaeso,
1104 2566 1266 2615 Lelior,
1296 2566 1433 2621 inspice
1462 2568 1544 2622 ejus
1573 2565 1699 2608 verba
1726 2577 1811 2621 quae

44 2619 154 2663 babes
181 2623 221 2664 in
259 2623 471 2674 Prolulione
511 2625 568 2665 Cl.
597 2623 898 2677 Pogenstecheri.
970 2624 1066 2666 Vide
1101 2624 1176 2666 ibi:
1199 2624 1258 2677 sis.
1320 2624 1435 2674 Vide,
1464 2625 1525 2665 uti
1553 2630 1721 2671 caetera,
1750 2623 1814 2663 ita

47 2674 102 2727 &²
129 2676 203 2718 hoc.
257 2678 441 2733 Expreffie
458 2678 627 2734 separat
657 2680 871 2734 Odofredus
900 2680 1025 2722 verba
1052 2680 1200 2722 [rnerii
1226 2680 1278 2722 ab
1315 2679 1565 2722 Authentica.
1625 2677 1737 2721 Adde
1758 2677 1812 2731 fis

46 2731 176 2774 ibidem
202 2734 392 2795 Abbatem
418 2735 711 2792 Urspergensem
733 2767 743 2784 ,
784 2739 849 2793 qui
878 2736 1029 2791 affuit,
1067 2738 1268 2778 Dominum
1292 2738 1539 2779 Wernerium
1558 2748 1679 2790 pauca
1708 2732 1815 2774 forte

47 2788 164 2829 verba
192 2790 326 2831 alicubi
353 2791 622 2846 interposuisse.
695 2794 861 2849 Torquet
879 2793 926 2848 Ji:
951 2793 1012 2835 hic
1038 2793 1255 2842 Cornelius,
1284 2801 1470 2848 tanquam
1487 2805 1565 2834 mus
1581 2793 1620 2833 in
1635 2792 1738 2845 pice,
1769 2795 1814 2830 nt

47 2842 166 2906 risum
194 2845 306 2898 plane
327 2858 396 2886 non
422 2852 584 2891 teneatis
610 2851 724 2891 amici
734 2865 747 2891 .-
767 2852 935 2892 maxime
952 2851 1058 2891 circa
1074 2850 1191 2892 locum
1203 2849 1436 2905 praemiffum
1454 2847 1640 2902 Odofredi
1650 2875 1663 2896 ,
1695 2846 1758 2887 uhi
1773 2842 1817 2886 w*

45 2899 134 2956 justi
154 2902 320 2953 explicat
338 2909 382 2942 ut
400 2904 640 2958 intelligatur
652 2914 727 2961 per
748 2906 807 2955 id,
836 2905 1081 2962 Justinianus.
1141 2904 1275 2960 Rifiim
1311 2907 1474 2947 teneatis
1496 2905 1620 2946 amici.
1677 2900 1816 2944 Eodem

28 2955 152 3007 ,modo
168 2969 229 2998 res
241 2955 288 3011 se
315 2956 428 2998 habet
457 2973 537 3001 cum
568 2961 750 3004 Martino
783 2961 840 3013 {9³
867 2965 1023 3011 Azone,
1060 2963 1254 3019 quifimul
1278 2962 1533 3004 Anthenticas
1549 2959 1818 3001 additamentis

51 3019 123 3073 ant
141 3012 400 3056 collationibus
407 3012 492 3069 suis
508 3016 682 3061 bearunt.
739 3019 806 3060 Ita
824 3018 869 3061 de
886 3019 1072 3060 fllartino
1103 3019 1214 3072 legis,
1243 3031 1326 3060 eum
1344 3017 1397 3059 ad
1417 3016 1691 3058 Anthenticam
1711 3012 1817 3070 adje-

52 3066 158 3130 cisse:
185 3069 259 3129 ‚vel
286 3068 559 3114 Authenticam
584 3073 645 3115 hic
669 3073 836 3130 posuiſje.
908 3075 1156 3128 Consimiliter
1182 3073 1226 3115 de
1251 3076 1410 3122 Azone,
1439 3086 1521 3113 eum
1542 3071 1822 3114 Autlaenticam

55 3136 238 3178 pinguius
258 3124 298 3165 &
318 3126 431 3167 latius
449 3128 649 3170 extraxisse
668 3130 708 3171 id
723 3131 774 3185 est
787 3130 913 3187 gloffis
922 3129 1008 3186 fiiis
1027 3129 1268 3186 amplificaffe
1287 3128 1342 3182 &⁹
1360 3127 1626 3172 additamentis
1634 3126 1719 3184 suis
1730 3135 1823 3184 pro-

56 3178 338 3278 ᾱυαᾶζέῖξίηιιῖῗςίς
355 3195 468 3237 quam
485 3184 564 3226 Dn.
584 3185 788 3229 Irnerium.
828 3188 947 3230 Item:
978 3187 1226 3231 Authenticae
1243 3186 1392 3242 plenius
1413 3183 1623 3241 apposuisse
1642 3183 1706 3228 fic.
1743 3183 1831 3281 ,7ὲῖἒῖ
1858 3219 1862 3222 .
