2008 3436
181 112 336 151 CORN.
363 119 433 150 νΑΝ
458 107 829 147 BYNKERSHOEK
857 108 1023 146 OPUSC.
1048 108 1116 145 DE
1141 108 1282 148 CAPT.
1309 111 1499 150 INSTIT.
1527 115 1565 153 C.
1590 115 1619 153 1.
1646 117 1693 154 Π.

86 190 171 234 Lege
186 193 267 234 Julia
283 193 312 226 δε
330 193 424 235 Papia
440 190 533 223 fuisse
548 188 818 233 comprehensum.
838 187 954 239 γΝγεὲξςε

86 243 212 282 quoquc
228 235 363 276 Jacobus
379 233 603 279 Gothofrcdus
625 232 697 278 Νρῑ.
718 232 756 277 ad
775 231 807 262 C.
820 230 952 263 XXLX.

29 302 31 306 ,
85 273 125 306 L.
152 275 220 317 Jul.
248 277 353 309 Caduc.
379 284 570 318 captatorias
594 272 809 307 institutiones
839 282 877 305 ex
894 272 952 306 Le-

709 375 1068 412 CAPUT

1794 129 1866 168 431

996 198 1036 232 ge
1053 188 1147 231 Papia
1163 190 1244 237 esse,
1269 191 1320 224 sed
1336 200 1430 234 negat
1450 194 1632 237 fimpliciter
1641 221 1653 238 ,
1675 205 1789 232 notato
1803 201 1869 242 qui-

996 232 1088 270 dem,
1114 239 1150 263 ut
1166 232 1293 266 videtur
1306 258 1315 273 ‚
1341 242 1373 266 at
1388 245 1453 269 11011
1472 237 1620 279 laudato,
1651 240 1681 273 δε
1697 241 1802 276 minus
1817 242 1868 275 ad-

995 273 1058 305 huc
1076 272 1219 306 refutato
1237 275 1353 317 Lipfio.

1170 379 1230 415 ΙΙ.

129 485 223 534 ¹Quid
235 485 305 532 stt,
341 492 484 531 captare
507 480 772 525 immeditatem,
806 480 850 522 &⁸
876 491 1036 528 captator
1059 483 1292 522 haereditatis.
1344 487 1430 537 Qut&
1453 491 1597 536 captatio
1623 490 1667 526 ad
1689 503 1817 528 cauam

427 538 527 584 Juris
549 540 727 586 pertineat.
777 538 871 588 Quid
895 538 1019 574 Graecl's
1041 539 1182 580 Ἐνςοίπις
1204 541 1290 590 χοίριν
1313 544 1520 594 οἰμειέὖμενωι.

78 637 238 737 Quum
263 644 402 679 captare,
434 636 523 670 sensu
542 637 687 678 vulgari,
711 634 874 668 nihilfeoe
890 635 945 683 sit,
990 645 1011 678 p

185 689 276 720 quam
301 690 421 721 quaerere
442 685 499 720 per
525 677 646 718 infidias
664 701 675 717 ,
715 676 789 709 satis
825 686 947 719 poterit

181 720 323 753 constare
342 746 351 759 ,
387 721 460 763 quid
485 720 521 752 fit
548 727 666 761 captare
694 719 873 751 haereditates
893 719 946 751 vel

76 760 255 805 testamenta.
306 763 489 804 'I'qltaiiientaz
514 761 607 801 dico,
632 761 705 803 quia
720 770 853 799 corum,
877 760 944 802 qui-

72 805 130 836 bus
169 804 206 836 ab
244 804 394 836 intestato
424 803 643 842 succedimus,
668 802 865 834 haercditates
881 811 946 834 non

72 855 254 887 captamus,
279 847 336 878 nisi
352 856 387 877 ca
407 844 493 877 forte
511 845 633 876 ratione
646 867 655 882 ,
680 853 772 885 quain
791 843 946 884 Ulpianus

73 888 156 919 dixit
183 888 214 919 iii
243 888 262 918 l.
294 897 320 919 1.
348 894 395 928 pr.
416 886 456 928 ff.
477 885 505 925 fi
527 888 591 927 quir
614 886 684 926 aliq.
711 883 808 925 τιζίὶαν.
830 885 942 925 prohib.

70 930 118 960 vul
136 930 212 969 ωέᾉζ.
238 929 260 961 11
276 929 346 971 quis
363 938 491 969 nempe,
517 930 591 958 duni
602 934 707 968 captat
728 926 944 957 haereditatem

72 962 266 1012 legitimam,
299 970 497 1011 prohibuerit
523 967 815 1012 'I'estainentariuni
830 967 943 998 introi·-

70 1022 123 1051 re,
155 1012 287 1044 volente
313 1021 353 1042 eo
379 1009 485 1042 facere
513 1008 732 1040 testamentum
753 1031 763 1047 ,
796 1007 847 1039 ch
873 1008 942 1039 haec

70 1053 190 1095 species
212 1054 312 1085 aliena
337 1051 382 1084 cst
405 1062 422 1084 a
439 1051 620 1092 captatione
635 1074 644 1089 ‚
669 1049 708 1080 de
724 1058 785 1095 qua
801 1058 860 1081 nos
877 1050 940 1090 agi-

69 1105 161 1131 mus,
187 1095 216 1126 (Sc
239 1104 308 1135 qua:
327 1096 419 1125 unice
434 1093 471 1124 ad
488 1091 670 1124 testamenta
679 1099 830 1132 pertinet.
876 1091 940 1122 Un-

69 1135 109 1167 de
129 1134 300 1176 testarum-iu
323 1141 441 1176 captare
465 1133 549 1165 dixit
580 1133 736 1165 Horatius
761 1132 802 1164 L.
819 1131 861 1177 II.
887 1132 940 1164 Sa-

68 1183 124 1219 tyr.
144 1176 185 1210 V.
217 1177 258 1218 vs]
279 1187 329 1218 ες.
365 1177 394 1209 ὃς
413 1177 530 1209 Seneca
553 1175 593 1206 L.
615 1173 669 1206 VI.
695 1175 728 1206 de
750 1174 877 1213 Benefic,
905 1174 939 1206 C.

90 1223 119 1254 8.
145 1219 226 1252 &in
243 1213 373 1250 eandem
398 1216 584 1250 sententiam
610 1215 792 1262 simpliciter
820 1221 938 1256 captare

93 1261 237 1293 etronius
256 1260 356 1297 811111.
383 1260 414 1292 C.
440 1261 508 1291 116.
533 1258 693 1298 Juvenalis
719 1257 821 1298 Smyr.
844 1257 937 1290 XVI.

64 1301 109 1343 vss
137 1305 190 1342 56.
226 1297 400 1334 &Plinius
436 1301 477 1333 L.
496 1299 536 1331 II.
564 1298 730 1340 Epistaclt.
776 1298 938 1332 Caeterum

64 1343 104 1375 de
121 1344 222 1375 verbo
248 1344 388 1384 captandi
408 1365 419 1381 ,
449 1351 522 1373 cuin
549 1340 626 1379 hac,
651 1348 719 1372 tum
737 1339 806 1372 aliis
823 1339 936 1381 fignifi-

64 1386 244 1417 cationious
274 1385 363 1426 plura
389 1383 482 1416 habet
504 1382 664 1414 Antonius
680 1380 871 1423 Augustinus
894 1381 935 1414 L.

63 1425 121 1458 lv.
164 1427 290 1458 Emend.
345 1426 376 1457 C.
408 1435 456 1466 15.
508 1424 538 1455 ὅ(
570 1423 730 1456 Antonius
763 1422 937 1455 Guibertus

63 1466 175 1544 gpoeffi
193 1468 266 1510 Jar.
292 1467 333 1499 L.
351 1466 377 1499 Ι.
403 1467 434 1499 C.
454 1477 482 1508 7.
508 1474 577 1506 quae
607 1464 671 1505 ibi,
693 1465 716 1498 fi
732 1464 936 1500 commodum

63 1519 83 1542 e
118 1535 128 1549 ‚
145 1511 238 1552 leges.

105 1553 172 1600 Qui
193 1551 427 1591 haereditatem,
451 1550 506 1583 sibi
524 1560 589 1584 non
601 1548 758 1589 debitam,
770 1554 936 1595 ‚iv-enatur,

60 1595 180 1628 dicitur
207 1600 340 1635 captator
367 1593 546 1624 haereditatis
561 1615 573 1631 ,
605 1591 658 1622 vel
677 1590 860 1632 simpliciter
885 1600 932 1622 ca-

55 1643 179 1678 ptator,
211 1634 475 1677 quemadmodum
504 1633 666 1675 saepiffime
692 1632 773 1674 apud
789 1631 905 1664 Poetas
920 1655 932 1672 ,

59 1677 113 1712 sed
138 1687 236 1710 uuum
260 1676 414 1709 duntaxat
439 1675 599 1717 Juvenalis
625 1674 735 1706 locum
761 1671 871 1709 adfero
890 1683 932 1706 ex

61 1719 163 1761 Satyr.
182 1718 222 1750 V.
255 1717 297 1759 vs?
324 1727 374 1760 97.
406 1717 479 1759 quia
495 1717 540 1749 ibi
559 1723 653 1748 vetus
675 1714 866 1748 Scholiastes
884 1726 930 1748 ca-

55 1767 201 1804 ptatorem
222 1761 306 1793 recte
328 1760 554 1801 interpretatur
573 1758 773 1798 haeredipetam
785 1779 796 1795 ,
821 1757 930 1798 (1111131-

59 1801 113 1847 psa
128 1811 196 1834 vox
215 1802 288 1833 huic
307 1801 473 1833 hominum
486 1800 593 1842 generi
611 1798 739 1841 propria
757 1797 823 1837 est,
846 1798 931 1831 usur-

101 1852 132 1876 ta
148 1843 179 1876 &
198 1843 353 1875 Petronio
379 1843 477 1884 Satyr.
515 1842 546 1873 C.
570 1851 638 1881 125.
663 1840 745 1872 unde
762 1840 792 1872 ἃ
807 1838 929 1872 Gloffae

59 1853 187 1918 ffitron.
215 1884 430 1925 Hiereclipetae,
463 1885 513 1926 qui
532 1883 654 1914 alterius
670 1882 864 1913 haereditatem
876 1888 927 1923 pe-

59 1924 128 1958 ium
143 1927 192 1958 vel
209 1928 342 1966 cupiunt.
390 1924 592 1965 Insuli'citorem
609 1933 734 1965 quoque
750 1931 846 1954 vocat
860 1923 928 1956 Ho-

59 1967 158 2000 ratius
174 1969 205 2000 d.
237 1968 338 2009 Satyr.
356 1967 396 1999 V.
430 1968 474 2009 ‘iffi
490 1977 543 2007 25.
567 1965 675 2007 estque
692 1966 739 2003 is,
760 1974 801 1996 ex
819 1965 929 1998 defini-

57 2009 148 2041 tione
170 2009 305 2042 Acronis
319 2031 332 2048 ,
363 2010 413 2050 qui
429 2019 487 2040 non
511 2009 626 2039 honoris
646 2006 732 2047 causa
742 2006 811 2047 fert
822 2008 929 2047 primi-

57 2051 141 2088 tias,
162 2051 217 2092 sed
234 2052 392 2092 -captandae
415 2051 518 2093 gratia
539 2050 726 2080 heti-edituris.
781 2047 848 2094 Qui
869 2048 928 2096 hac

56 2100 126 2123 arte
141 2091 283 2124 ambiunt
299 2091 454 2124 amicitias
472 2093 502 2125 ἀ
518 2089 720 2129 testamenta,
744 2099 830 2121 nunc
845 2099 927 2121 cor-m

56 2132 190 2164 audiunt
209 2156 219 2172 ,
249 2142 333 2164 nunc
357 2133 489 2165 vultures
506 2155 517 2171 ,
548 2142 632 2164 nunc
658 2137 808 2170 turtures,
843 2140 928 2163 nune

56 2173 178 2220 vulvas,
203 2174 234 2206 &
250 2173 272 2206 fi
290 2183 362 2216 quae
377 2175 438 2206 alia
460 2175 520 2208 fint
536 2173 718 2216 rapacitatis
737 2173 790 2204 vel
804 2170 926 2209 astutiae

55 2224 194 2247 nomina.

73 2253 79 2258 '
99 2255 146 2288 Ut
170 2264 275 2288 autem
301 2257 387 2288 varie
416 2256 593 2289 inescantur
615 2256 780 2295 homines,
802 2256 845 2289 fic
860 2267 925 2289 non

55 2307 117 2329 una
137 2306 204 2329 arte
222 2297 264 2330 ufi
282 2296 354 2329 sunt
379 2299 578 2339 liaeredipetae
601 2300 639 2330 ad
654 2298 879 2330 demulcendos
894 2299 925 2331 &

55 2338 260 2370 demerendos
290 2338 346 2371 sibi
384 2339 537 2372 homines.
582 2340 613 2372 Is
641 2336 777 2381 quaestus
811 2339 923 2371 Romae

53 2376 117 2414 fuit
134 2380 213 2412 olim
230 2380 334 2411 multo
352 2380 542 2419 uberrimus,
575 2391 633 2413 nec
651 2382 754 2412 minus
771 2379 816 2412 est
828 2380 923 2412 hodie

55 2419 171 2462 ubique
188 2421 257 2453 fere
282 2419 446 2454 Gentium.
491 2421 543 2454 De
561 2422 722 2461 Crotona,
746 2420 800 2453 seu
813 2423 922 2463 potius

53 2461 94 2493 de
108 2461 188 2503 ipsa,
220 2472 313 2503 quam
336 2463 489 2504 intelligit
505 2487 515 2502 ‚
539 2464 639 2497 Roma
655 2463 824 2496 Petronius
838 2463 921 2495 dixit

55 2503 89 2535 C.
111 2507 181 2540 116.
260 2514 418 2546 noscunqsce
434 2506 561 2536 homines
588 2507 620 2537 in
639 2505 693 2536 hac
716 2504 793 2535 Urbe
809 2505 921 2536 videri-

54 2544 115 2583 tis,
135 2545 263 2586 scitote,
293 2547 325 2577 in
349 2547 420 2577 cluis
436 2553 539 2587 partes
559 2547 609 2588 effe
625 2546 733 2587 ‹li-vistis
748 2568 759 2584 ,
782 2556 851 2577 mim
868 2553 921 2579 aut

52 2591 232 2625 captantur,
253 2592 305 2618 aut
324 2593 455 2628 capiant.
499 2589 649 2626 Plautus,
669 2587 845 2626 Horatius,
866 2588 918 2628 Ju-

53 2626 194 2665 venalis,
217 2627 397 2667 Martialis,
426 2628 584 2662 Ausonius
605 2628 759 2670 ejusmodi
777 2638 919 2670 captato-

52 2668 124 2705 ]rum
141 2667 274 2708 plurima
289 2670 433 2711 exempla
448 2670 594 2703 adserunt
604 2694 615 2710 ,
637 2671 758 2710 rident,
781 2671 917 2711 rodunt,

50 2718 112 2746 nec
137 2706 202 2747 est,
232 2718 288 2740 cur
312 2710 381 2742 haec
399 2713 505 2745 omnia
525 2711 722 2752 recenseam,
747 2712 777 2745 ὅτ.
792 2711 856 2744 1106
873 2714 917 2745 O-

49 2749 219 2823 ffisculum
242 2749 410 2784 Versiculis
427 2775 440 2792 ,
469 2754 542 2786 inde
562 2753 728 2795 descriptis
745 2776 757 2792 ,
794 2764 914 2786 ornem.

94 2791 151 2836 ille
164 2789 289 2822 fraudes
305 2791 466 2826 hominum
476 2819 486 2834 ,
512 2804 547 2827 ut
565 2796 716 2828 cadavera
729 2795 914 2836 lacerarent,

49 2841 216 2873 praecipue
237 2841 316 2864 vero
338 2833 522 2874 prensabant
548 2836 634 2869 senes
647 2837 743 2869 orbos
758 2861 768 2876 ,
793 2837 916 2879 prensa-

49 2874 127 2905 bant
151 2872 276 2904 vetulas
292 2896 302 2912 ,
334 2883 425 2914 quam
449 2878 585 2910 maxime
606 2879 764 2910 avariores
779 2902 790 2918 ‚
816 2880 846 2911 δι
862 2889 914 2911 ex-

48 2913 230 2960 pugnabant
253 2914 464 2955 munusculis,
494 2918 662 2952 esculentis
682 2919 750 2951 fere
770 2921 800 2952 δε
820 2930 915 2962 putu-

48 2957 156 2988 lentis.
200 2954 261 2986 Sed
285 2956 315 2987 ἃ
338 2957 407 2988 aliis
431 2959 533 2991 modis
553 2960 773 2993 insidiabantur
787 2963 913 3003 quibus-

50 3005 185 3037 cunque
197 2994 386 3043 *homini-bus
401 3021 411 3036 ,
442 3000 603 3042 utriusque
628 3001 738 3042 sexus,
761 3004 792 3035 &
810 3005 911 3044 cujus-

48 3038 99 3069 vis
118 3045 220 3068 aetatis
232 3037 283 3068 vel
296 3038 478 3080 dignitati33
501 3043 759 3081 quemadmodum
777 3044 832 3085 ipsi
849 3045 914 3077 Nc-

47 3078 140 3123 roni,
162 3078 343 3118 captatione
361 3079 556 3120 testamenti,
576 3083 736 3116 insidiatus
746 3083 846 3117 fuerit
861 3087 912 3127 Ju-

49 3120 111 3153 lius
138 3118 264 3150 Vindex
282 3143 293 3159 ,
323 3129 428 3153 narrat
456 3121 576 3155 Plinius
600 3122 713 3165 Histor.
732 3126 844 3158 Natzir.
872 3129 911 3160 L.

47 3160 129 3206 XX·
165 3160 195 3191 C-
226 3169 275 3200 14.
305 3162 338 3192 in
358 3161 416 3202 fin.
443 3163 473 3194 &
489 3166 749 3204 quemadmodum
773 3167 912 3209 Regulus

48 3211 145 3246 variis
165 3201 345 3236 hominibus
362 3226 375 3243 ,
404 3212 472 3238 arte
497 3207 690 3248 captatoria,
715 3207 868 3249 illuserit,
890 3211 913 3242 i-

1014 635 1043 668 se
1067 639 1162 670 etiam
1181 639 1356 686 ‚aliquando
1383 643 1513 684 illusus,
1533 644 1633 679 refert
1648 647 1728 680 alter
1745 646 1865 680 Plinius

990 678 1091 725 1:211.
1125 679 1230 729 Epist..
1251 684 1306 715 ult.
1338 694 1431 726 quein
1460 686 1617 728 Regulum
1634 711 1646 727 ,
1676 688 1697 721 fi
1723 689 1865 721 nondum

990 718 1063 752 satis
1087 721 1191 770 nosti,
1222 723 1286 765 ipse
1313 726 1369 758 ille
1392 726 1513 760 Plinius
1535 738 1632 770 porro
1649 729 1799 762 describit
1822 730 1863 762 L.

989 760 1045 794 IV.
1071 762 1168 804 Epist.
1186 774 1215 796 2.
1240 766 1300 812 Sed
1340 777 1414 800 uum
1430 769 1500 801 liaec
1519 769 1609 811 loca,
1634 771 1865 813 quum&Poi2·-

990 810 1129 852 tarum-,-
1154 815 1234 852 quos
1256 777 1350 854 dixis,
1382 819 1479 851 quum
1507 813 1672 854 utriusque
1703 814 1833 846 Senecae
1852 837 1865 853 ,

990 843 1181 890 Quintiliani
1201 871 1211 886 ‚
1245 848 1401 889 Luciani,
1431 852 1586 885 Ammiani
1607 855 1811 894 Marcellini,
1835 865 1865 886 a-

988 885 1168 934 liorumque
1190 889 1242 936 de·
1256 889 1468 936 litei-enipeus
1485 894 1652 928 Benedista
1667 897 1739 936 alii,
1765 897 1862 928 etiam

987 936 1020 958 in
1047 927 1175 975 chicis
1192 953 1202 969 ,
1234 931 1443 966 indicaverint
1461 959 1470 974 ‚
1496 936 1562 967 iiaec
1585 938 1712 977 omnia,
1737 948 1778 971 ex
1795 948 1862 970 mo-

986 977 1039 1008 re,
1074 972 1216 1011 tranieo,
1250 972 1312 1004 hoc
1338 984 1435 1007 unum
1465 976 1633 1009 observare
1660 987 1833 1012 contentus
1849 1004 1861 1021 ,

985 1009 1136 1043 Senecam
1154 1011 1383 1056 Philosophum
1407 1017 1449 1049 L.
1470 1018 1526 1049 VI.
1550 1020 1582 1049 cie
1601 1020 1730 1061 Benefic.
1754 1022 1785 1053 C.
1805 1026 1858 1064 38.

984 1059 1096 1083 notare
1123 1052 1305 1087 Arruntium
1328 1057 1365 1091 ὅ)
1389 1057 1530 1090 Atei-ium
1548 1082 1560 1098 ,
1592 1060 1628 1095 ἃ
1656 1068 1789 1102 caeteros,
1810 1065 1862 1105 qui

983 1094 1192 1141 captandoiiciiz
1209 1095 1443 1137 tesbaiiimtorum
1470 1106 1564 1132 artem
1581 1102 1700 1144 profeffl
1718 1104 1805 1143 sunt,
1828 1105 1861 1137 ἃ

983 1142 1086 1166 tamen
1098 1136 1232 1169 Suiliuin
1250 1139 1288 1170 de
1305 1140 1368 1171 1106
1384 1140 1452 1182 ipso
1467 1143 1586 1174 Seneca
1603 1146 1685 1185 apud
1703 1139 1860 1180 Tacitum

982 1175 1022 1207 L.
1048 1176 1138 1208 XIII.
1173 1178 1289 1211 Aiziml.
1323 1182 1354 1213 C.
1380 1192 1432 1222 42.
1473 1185 1635 1217 meinoriae
1657 1186 1827 1227 prodidisse
1846 1211 1859 1227 ,

981 1216 1081 1265 Rutilae
1104 1216 1276 1266 testamenta
1301 1221 1338 1257 &²
1354 1226 1431 1255 orbos
1448 1247 1460 1263 ‚
1494 1226 1575 1257 velut
1603 1228 1746 1270 indagine
1771 1229 1859 1270 ejus,

982 1265 1057 1305 capi.
1082 1259 1130 1306 fic·
1150 1270 1254 1295 virtus
1277 1263 1421 1298 laudatur
1439 1267 1470 1300 &
1486 1267 1591 1309 alget,
1614 1269 1710 1302 etiam
1727 1270 1810 1312 apud
1832 1271 1862 1303 i-

981 1302 1054 1341 pios
1073 1300 1294 1345 Philosophos.

1006 1340 1101 1388 *Non
1121 1353 1248 1378 omnem
1263 1354 1367 1381 tamen
1384 1352 1601 1393 captationem
1627 1353 1698 1389 Lex
1714 1354 1860 1388 Romana

980 1383 1143 1425 vindicat,
1169 1386 1265 1434 longe
1283 1389 1419 1429 plurima
1441 1393 1508 1433 ejus
1523 1404 1638 1436 genera
1652 1403 1745 1430 extra
1762 1396 1859 1439 Legis

979 1433 1124 1466 poenam,
1163 1436 1239 1475 quin
1267 1430 1298 1462 ὅ(
1322 1432 1512 1472 potestatem
1530 1460 1540 1476 ‚
1570 1435 1669 1471 fuere.
1717 1438 1816 1484 Quod
1839 1449 1861 1472 a

979 1465 1103 1514 secreto
1120 1478 1215 1502 animi
1233 1471 1372 1512 pendet,
1394 1482 1432 1507 ut
1447 1475 1516 1508 fere
1532 1478 1649 1519 pendet
1664 1480 1735 1512 haec
1752 1480 1860 1520 causti,

979 1509 1168 1556 nequidem
1193 1511 1279 1554 Lege
1302 1517 1447 1550 coerceri
1473 1519 1604 1560 potest:
1635 1522 1712 1563 quid
1728 1521 1815 1555 enim
1834 1522 1860 1556 st

977 1559 1047 1591 quis
1071 1559 1180 1584 mittat
1205 1563 1356 1600 munera,
1386 1556 1438 1591 sed
1455 1561 1584 1602 mittat,
1607 1570 1644 1595 ut
1661 1564 1706 1596 ait
1723 1563 1799 1604 ille,
1823 1565 1859 1599 in

975 1592 1082 1632 hamo,
1111 1593 1134 1626 fi
1159 1595 1400 1643 quibuscunque
1424 1602 1542 1635 officiis
1567 1604 1733 1646 aduletur,
1756 1604 1858 1647 &spe

974 1632 1094 1666 futurae
1107 1634 1310 1685 ‘haereditatis‘
1324 1639 1430 1673 Lucio
1449 1642 1546 1676 Titio
1569 1645 1808 1687 adblandiatur,
1833 1646 1859 1682 fi:
1876 1677 1879 1683 .

974 1673 1058 1707 latus
1083 1675 1223 1724 ditiffimi
1248 1678 1328 1712 senis
1345 1703 1356 1719 ,
1395 1683 1417 1715 fi
1446 1686 1565 1718 vetulae
1593 1687 1727 1721 veficam
1750 1688 1856 1721 beatae

973 1725 1121 1758 premat,
1149 1719 1230 1766 nibil
1254 1720 1324 1768 haec
1348 1725 1512 1763 pertinent
1536 1728 1574 1760 ad
1600 1738 1710 1763 curam
1729 1729 1825 1772 Legis
1839 1753 1856 1770 ,

973 1767 1053 1805 nec,
1079 1767 1115 1791 ut
1132 1760 1198 1807 dixi
1209 1784 1220 1801 ,
1244 1769 1402 1803 pertinere
1442 1767 1567 1809 offunt,
1590 1771 1664 1812 quia
1677 1781 1718 1804 ex
1735 1770 1805 1804 solo
1823 1781 1856 1804 a·

973 1808 1061 1847 nimo
1083 1800 1300 1850 aestimandurn
1314 1804 1381 1845 est,
1404 1817 1420 1839 a
1461 1810 1602 1843 amicitia
1619 1812 1650 1844 &
1667 1814 1787 1846 mutuis
1802 1812 1855 1845 of-

972 1840 1054 1874 ficiis
1081 1842 1149 1890 liaec
1169 1844 1430 1892 proficiscantur,
1464 1860 1501 1884 an
1526 1854 1596 1884 esca
1612 1853 1672 1886 fint
1688 1854 1855 1897 captandae

972 1881 1177 1918 haereditatis.
1227 1886 1349 1928 Utique
1372 1890 1450 1922 licet
1475 1901 1597 1925 certare
1625 1894 1786 1938 obsequiis
1819 1896 1853 1930 &

971 1932 1082 1971 mutua
1099 1925 1341 1975 benevolentia,
1366 1931 1444 1964 licet
1459 1933 1594 1967 adsidere
1612 1935 1738 1969 senibus
1754 1937 1852 1970 &ve-

973 1966 1068 2006 tulis,
1092 1966 1143 1999 sed
1158 1970 1321 2016 *non-licet
1349 1972 1387 2005 ad
1411 1977 1610 2017 aucupandas
1626 1977 1853 2018 haereditates,

971 2016 1084 2040 verum
1111 2019 1181 2050 quis
1205 2010 1385 2045 distinxerit
1401 2038 1412 2054 ,
1449 2025 1520 2057 quae
1546 2017 1626 2051 scire
1653 2029 1749 2052 nemo
1767 2030 1850 2053 unus

970 2048 1070 2095 homo
1090 2050 1200 2097 ⁸potest
1217 2052 1234 2084 ‚⁹
1261 2053 1341 2085 Sane
1357 2079 1367 2094 ,
1398 2064 1435 2088 ut
1461 2058 1493 2090 in
1518 2058 1587 2091 aliis
1603 2060 1686 2101 Juris
1709 2061 1849 2095 Romani

970 2092 1114 2124 articulis
1129 2102 1184 2138 ea,
1210 2103 1281 2135 quae
1299 2105 1316 2141 {¹
1335 2095 1405 2129 solo
1424 2096 1548 2131 secreto
1570 2102 1665 2134 animi
1684 2103 1846 2144 pendent,

969 2130 1038 2163 fere
1053 2134 1274 2176 negliguntur,
1299 2145 1362 2176 ita,
1385 2148 1482 2180 quum
1499 2141 1538 2173 de
1554 2144 1738 2185 captatione
1756 2144 1847 2177 testa·

968 2182 1149 2206 mentorum
1166 2175 1270 2208 sermo
1291 2177 1356 2218 est,
1381 2181 1463 2215 nihil
1478 2183 1564 2215 aliud
1582 2185 1781 2226 prohibitum
1799 2186 1849 2219 vi-

968 2214 1041 2252 des,
1071 2225 1165 2263 quarn
1188 2218 1279 2265 quod
1300 2222 1403 2261 palam
1428 2223 1552 2257 constat
1575 2236 1612 2258 ea
1629 2235 1737 2260 mente
1756 2228 1848 2268 fieri,

968 2264 1005 2287 ut
1022 2257 1221 2292 haereditates
1239 2260 1355 2294 alienas
1373 2264 1569 2299 invadamus.
1615 2268 1661 2300 Ea
1674 2277 1780 2302 mente
1789 2278 1844 2302 ne-

968 2307 1022 2329 mo
1037 2299 1168 2345 negabit
1189 2300 1311 2334 insidias
1334 2304 1422 2344 fieri,
1453 2306 1474 2339 fi
1500 2315 1594 2348 quem
1610 2319 1651 2341 ex
1667 2309 1729 2342 affe
1744 2310 1841 2342 haere-

967 2339 1040 2372 dem
1064 2341 1170 2373 scribo
1183 2364 1195 2381 ,
1227 2344 1280 2384 qui
1298 2354 1349 2376 me
1372 2356 1412 2378 ex
1430 2348 1491 2380 affe
1505 2349 1679 2392 scripturus
1696 2350 1762 2390 est,
1786 2351 1841 2384 vel

967 2389 1060 2428 exea
1091 2390 1204 2423 parte,
1237 2394 1278 2416 ex
1301 2395 1362 2426 qua
1387 2397 1437 2419 me
1464 2389 1636 2431 scripturus
1657 2391 1725 2431 est,
1747 2393 1800 2425 vel
1818 2393 1842 2426 fi

967 2432 1018 2454 cui
1046 2431 1100 2470 tot
1119 2424 1222 2467 legem
1237 2448 1249 2464 ,
1290 2436 1371 2474 quot
1400 2430 1476 2462 1111111
1501 2431 1660 2474 legaturus
1683 2433 1729 2466 est
1744 2458 1755 2474 ,
1787 2444 1840 2476 pa-

963 2464 1026 2496 lam
1051 2474 1136 2497 enim
1151 2490 1162 2506 ,
1194 2466 1252 2498 hac
1278 2477 1401 2501 ratione
1418 2493 1430 2510 ,
1461 2472 1527 2512 ejus
1552 2484 1693 2517 aucupor
1709 2475 1841 2508 haeredi-

962 2514 1064 2578 gatem
1079 2507 1132 2538 vel
1149 2508 1308 2549 legatum,
1332 2519 1368 2543 ut
1385 2521 1426 2545 ex
1442 2513 1516 2554 Jure
1534 2515 1680 2549 Romano
1697 2526 1776 2549 mox
1786 2527 1840 2549 aua

984 2556 1039 2579 ies.
1705 2562 1708 2566 ’

1002 2589 1062 2621 Sed
1081 2599 1155 2631 cur,
1181 2592 1289 2639 dices,
1310 2603 1422 2629 contra
1440 2597 1510 2630 haec
1524 2599 1625 2642 Leges
1647 2600 1835 2641 insurgunt,

959 2640 1056 2672 quum
1075 2639 1197 2678 tantum
1217 2634 1288 2680 *lpse
1316 2637 1426 2678 largiar
1449 2639 1656 2682 Sempronio,
1679 2649 1834 2683 quantuni

959 2675 1163 2714 Sempronius
1181 2676 1278 2721 inihi,
1303 2677 1438 2718 ssvelit,
1462 2681 1632 2723 largiturus
1651 2683 1832 2724 est‘2quum

960 2723 1008 2747 res
1030 2725 1071 2746 ex
1095 2715 1165 2748 fato
1190 2722 1325 2758 pendeat
1342 2743 1351 2758 ,
1388 2729 1459 2753 uter
1476 2723 1567 2755 alteri
1583 2724 1710 2756 futurus
1725 2724 1763 2756 fit
1781 2723 1829 2756 su-

958 2755 1101 2797 perstes?
1131 2768 1290 2801 quumque
1314 2762 1518 2803 Sempronius
1533 2788 1545 2804 ,
1566 2765 1588 2798 fi
1605 2775 1674 2797 mea
1693 2765 1830 2797 liberali-

960 2806 1024 2830 tate
1043 2808 1237 2846 provocatus
1262 2802 1347 2834 nolit
1374 2805 1506 2844 gratiam
1523 2806 1713 2847 rependere,
1733 2807 1830 2838 mori·

957 2839 1015 2872 bus
1033 2841 1095 2872 suis
1113 2849 1159 2872 uti
1175 2842 1296 2883 poffit‘?
1319 2853 1454 2885 namque
1481 2846 1523 2877 ita
1540 2847 1693 2888 scriptura
1708 2857 1778 2880 mea
1796 2858 1829 2879 e-

955 2881 998 2913 rit
1016 2882 1170 2927 inutilis,
1200 2893 1260 2915 nec
1286 2885 1451 2926 quicquam
1471 2896 1631 2928 praeterea.
1676 2889 1784 2930 Atque
1805 2888 1828 2922 fi

955 2922 1078 2955 scilicet
1093 2923 1307 2965 Haeredipetae
1322 2949 1331 2963 ‚
1363 2927 1416 2967 qui
1441 2926 1493 2968 spc
1510 2929 1589 2960 lucri
1606 2938 1770 2963 mutantur
1792 2931 1828 2964 111

955 2964 1073 3004 horas,
1108 2974 1173 2997 non
1199 2967 1288 2998 inille
1315 2967 1453 2999 licei-edes
1474 2970 1588 3010 polluit
1613 2969 1768 3010 scribere,
1795 2972 1828 3005 ὄί

953 3015 1038 3038 1111116
1057 3007 1163 3051 huuc,
1183 3016 1267 3038 nunc
1282 3007 1373 3039 illum
1394 3017 1537 3055 captare,
1557 3012 1587 3043 ὅς
1606 3010 1729 3045 ostensa
1745 3017 1825 3054 quo-

957 3056 1017 3088 que
1042 3046 1112 3087 spe,
1145 3047 1196 3078 led
1222 3048 1325 3086 inani,
1355 3048 1523 3085 ludificari.
1567 3052 1710 3094 Atqucfi
1728 3054 1826 3089 etiam

957 3098 1020 3120 non
1038 3088 1242 3133 metuendum
1270 3088 1378 3129 foret,
1405 3100 1463 3131 ne,
1488 3093 1541 3134 qui
1559 3093 1652 3127 bonis
1666 3096 1745 3128 meis
1761 3097 1823 3137 pri-

951 3138 1042 3160 ·muiii
1061 3129 1182 3161 infidias
1192 3129 1361 3170 struxerit,
1386 3131 1538 3167 deinde&
1555 3136 1634 3169 vitae
1650 3146 1730 3170 rneae
1747 3138 1826 3170 stru-

956 3178 1005 3209 at3
1030 3171 1084 3211 qui
1110 3179 1218 3212 captat
1243 3172 1458 3206 haercditatem
1483 3176 1634 3218 alicujus,
1667 3177 1749 3221 saepe
1775 3190 1835 3211 ca-·

955 3219 1025 3252 ptat
1041 3213 1071 3244 ὅ(
1091 3220 1225 3260 moi-teni
1235 3236 1245 3253 ‚
1270 3214 1385 3250 liabent
1401 3217 1486 3252 enim
1504 3218 1552 3252 illi
1570 3220 1714 3255 homines
1728 3222 1828 3255 eadem.

1779 3272 1828 3292 τῖον,
