2008 3436
200 114 270 158 376

199 201 265 233 gem
290 191 452 222 Corneliam
475 191 508 222 de
523 189 640 230 ficariis
671 188 701 220 ὀί
725 187 744 218 l.
771 197 800 218 ρ.
826 185 913 232 ende
934 183 1061 223 infanti-

198 235 247 262 lms
264 232 412 273 exatrteficis:
435 232 452 273 (
465 233 500 274 1)
524 234 616 272 idque
634 240 692 271 pro
709 229 759 260 sua
775 228 942 272 sagacitate
967 233 1062 256 unum

198 272 260 304 else
277 273 501 306 subodoratum
517 274 557 305 V.
580 273 631 305 Cl.
646 270 764 312 justum
780 269 918 308 Lipuum
937 267 1017 297 Cerri.
1036 273 1062 294 1.

197 314 251 345 Aa
273 316 382 359 Belgas
402 314 499 356 Epist.
522 321 572 355 85.
598 324 662 346 non
679 313 740 344 sine
758 311 944 351 praefatrone
963 310 1061 351 liono-

198 355 242 387 ris
265 357 400 390 indicavi
422 351 508 399 Julio
542 357 636 388 Paulo
659 364 685 385 e.
710 353 767 384 lx.
815 350 893 381 Dixi
914 357 1017 380 tamen
1040 356 1062 377 1-

197 396 228 428 bi
245 400 329 439 quod
346 409 392 431 res
407 399 470 438 est,
495 407 616 430 tanturn
633 395 866 437 subodoratum.
889 390 943 431 (ε)
958 388 1064 435 'Nune

198 437 246 471 fas
267 440 302 472 sit
318 441 447 479 addere,
478 450 541 471 non
569 436 809 477 vituperandum
831 432 901 463 ldeo
918 430 1009 462 'ruisse
1026 430 1063 460 ab

197 479 396 522 Amplissimo
424 483 575 514 Senatore
604 479 709 518 Ongl'c-
742 485 767 506 C·
796 473 863 519 Vll·
894 479 968 513 Fag-
990 481 1061 512 359-

200 521 330 565 &²spqu
370 523 452 564 quasi
476 524 581 562 inepte
605 518 801 550 affectantem
825 524 856 545 in
883 515 955 553 Jure
980 511 1065 552 quod

198 573 263 595 non
285 565 491 603 intelligebat.
515 570 626 592 contra
641 558 701 589 effe
719 556 902 588 laudandum
913 552 1063 599 puto-stu-

197 604 284 636 dium
312 597 420 637 conisti
441 627 450 639 ,
482 600 760 644 Jurisprudentiam
785 606 869 642 noya
885 598 1064 641 comestura

198 655 235 676 ut
254 656 317 678 non
335 657 375 677 ex
393 645 511 682 solido,
536 652 567 674 at
583 652 641 684 pro
661 649 771 681 copia,
792 638 947 682 adjuvare.
981 635 1063 681 'hgo

198 687 327 718 interim
344 697 401 718 nee
418 684 547 717 caruiffe
564 689 749 714 ornamento
777 679 857 724 juris
879 677 1017 722 scientiae
1033 685 1062 706 e-

197 728 400 768 legantioris,
432 726 541 757 inultis
570 725 661 755 rebus
682 721 837 753 intellexi.
882 718 915 749 ln
934 719 1064 764 praesen-

198 769 241 799 tia
258 777 361 799 autem
380 777 468 808 reque
482 776 518 798 ac
539 767 568 797 d.
589 776 615 797 c,
639 764 700 796 IX.
722 770 811 803 grato
826 760 1064 804 adgnosco-ani-

196 819 250 840 mo
271 833 281 848 ,
313 810 379 849 ejus
407 809 563 840 beneficio
590 817 639 838 me
655 809 739 845 quod
758 811 830 834 ante
849 810 942 832 nemo
961 801 1063 837 Vidit,

198 860 256 881 nee
274 850 338 891 ipse
364 851 463 881 adhue
491 849 621 890 expedit
650 845 807 878 Dominus
830 852 891 873 van
909 842 1062 884 Bynkers-

197 891 302 930 hoek,
326 892 358 923 in
375 893 458 923 clara
477 892 549 922 luce
565 887 708 931 posuiss'e.
734 884 798 926 (³)
820 884 866 915 Ac
883 883 1001 929 bonum
1017 881 1062 913 fa-

198 932 283 964 esum
302 934 434 964 Antonii
452 931 664 971 SchustingM,
686 928 752 959 Viri
772 924 979 972 Praeilabrlrs,
1003 923 1064 955 Co-

199 975 306 1014 gnati,
340 974 481 1014 Collegae
500 997 508 1012 ,
544 976 573 1004 ὅ(
589 970 692 1003 Amici
718 969 799 1007 mei,
826 966 917 998 Notis
931 964 1063 1010 adl'au·

200 1016 265 1047 lum
289 1017 340 1047 lib.
362 1026 389 1047 2.
419 1017 548 1047 Sentent.
572 1015 618 1044 tir.
642 1022 693 1052 24.
713 1017 787 1051 pag.
811 1017 885 1049 315.
909 1007 939 1038 δε
961 1007 1062 1052 MES-

199 1058 245 1087 ti't.
271 1067 296 1088 1.
314 1064 385 1098 patr.
401 1066 474 1097 431.
497 1056 527 1087 in
549 1054 632 1086 hisee
649 1055 678 1085 a&
693 1052 817 1092 Lipsto,
842 1053 871 1080 ot
889 1048 990 1094 mihi,
1014 1049 1066 1078 lua

197 1093 501 1141 suffragatione‘non
515 1098 559 1129 ita
575 1095 695 1137 pridem
710 1092 935 1133 applaudentis.

200 1224 269 1253 nihii
287 1224 360 1259 dixi,
383 1224 408 1254 &
423 1224 534 1261 preflius
559 1224 650 1253 dicam
670 1222 704 1250 ad
725 1221 749 1258 §-
770 1221 848 1249 XXI.
871 1216 907 1252 δέ)
925 1216 1044 1246 XXVII.

243 1272 266 1291 1.
288 1265 358 1291 Cum
372 1264 462 1301 Justus
478 1263 585 1300 Lipsius
602 1271 662 1290 eam
679 1261 858 1290 sententiam,
881 1264 964 1292 quam
980 1262 1009 1283 tu
1019 1255 1064 1282 de·

199 1301 291 1330 fendis
309 1303 344 1330 de
359 1311 427 1330 nece
442 1303 466 1330 <St
487 1302 659 1338 expontione
676 1298 812 1327 infantum
823 1318 829 1330 ,
849 1296 934 1339 plene
948 1293 1063 1329 &piane

199 1341 331 1368 extulerit
345 1340 450 1369 Ceiztur.
465 1342 484 1368 I.
506 1341 540 1368 acl
556 1340 633 1375 Belg.
658 1335 739 1372 Epist.
751 1338 796 1369 85.
819 1341 904 1362 miror
920 1332 1000 1364 sane,
1015 1339 1064 1375 cur

199 1379 258 1412 ejus
276 1387 333 1406 non
348 1379 507 1406 memineris
523 1379 549 1405 in
565 1376 725 1412 Praefarione
738 1373 816 1412 Julii
830 1372 926 1401 Pauli,
948 1378 1000 1398 nec
1014 1370 1063 1397 alr-

198 1417 243 1449 bi,
265 1418 329 1449 ubi,
363 1423 392 1444 ut
419 1415 581 1449 ostendam,
609 1413 732 1450 ipsissima
762 1412 819 1446 ejus
840 1414 1001 1445 argumenta
1017 1408 1063 1435 ad-

198 1454 271 1488 fers,
293 1454 318 1482 &
334 1462 381 1481 cur
396 1454 457 1490 Cap.
473 1454 584 1482 demum
600 1454 651 1481 1Χ.
679 1453 735 1485 aias
748 1471 757 1484 ,
779 1448 963 1491 Lipfiunrid,
985 1446 1062 1491 quoti

197 1501 240 1521 res
255 1498 330 1526 erat,
351 1498 459 1520 tantuin
479 1493 558 1520 fuisse
570 1493 766 1528 Juhoaoratum.
804 1487 890 1526 Quod
909 1486 997 1522 ipsum
1014 1486 1063 1513 ibl-

198 1531 261 1558 dem
285 1530 388 1559 videris
412 1530 576 1567 restringere
599 1529 633 1557 ad
666 1530 683 1556 l.
706 1531 732 1557 8.
753 1526 784 1555 C.
804 1527 837 1554 ad
858 1526 892 1554 L.
913 1525 1012 1568 Comei.
1033 1523 1064 1551 de

196 1569 282 1597 Sicar.
318 1569 528 1598 Subodoratum
544 1577 644 1604 nempe
660 1566 731 1600 esse,
752 1574 812 1593 earn
822 1565 926 1600 Legem
942 1569 1063 1599 pertine-

196 1616 227 1635 re
248 1607 284 1635 ad
306 1608 510 1644 expositionem
533 1608 670 1636 infantum
686 1626 693 1639 ‚
722 1605 757 1633 de
780 1611 837 1640 quo
861 1610 919 1631 non
940 1601 1001 1635 est,
1025 1606 1064 1645 *ut

194 1646 313 1674 inultum
332 1647 412 1675 simus
429 1646 554 1679 solliciti,
577 1654 639 1674 cum
650 1644 800 1673 habeamus
819 1640 973 1670 eorundem
986 1640 1064 1668 Prin-

195 1685 290 1719 cipum
317 1684 405 1721 legem
431 1684 576 1719 specialem
596 1684 630 1711 de
646 1682 789 1721 prohibita
805 1680 941 1708 infantum
958 1677 1061 1715 exposi-

196 1724 274 1751 tione
290 1723 318 1750 in
340 1725 358 1751 l.
380 1731 407 1751 2.
429 1723 459 1751 C.
483 1724 512 1751 de
531 1723 633 1760 Infant.
664 1719 745 1758 expos.
767 1727 824 1747 uno
840 1720 888 1747 vix
905 1718 997 1746 mense
1012 1725 1063 1753 po·

195 1761 355 1789 ster-iorem:
385 1761 420 1789 de
444 1770 514 1797 qua,
537 1761 609 1790 ut&
633 1760 667 1788 de
689 1762 706 1788 l.
723 1761 749 1788 8.
772 1758 834 1785 satis
850 1758 983 1794 superque
1004 1756 1062 1784 dixi

196 1799 284 1837 Opusc
315 1799 345 1828 C.
366 1800 429 1828 V11.
451 1798 487 1833 δέ)
507 1800 557 1829 IX.
580 1798 688 1835 Lipsius
712 1798 738 1825 in
756 1805 789 1824 ea
804 1794 886 1832 Epist.
909 1796 1009 1823 recitat
1023 1800 1062 1822 te-

195 1838 326 1866 stimonia
339 1860 345 1871 ‚
363 1839 463 1874 quibus
478 1838 504 1866 ὅ(
526 1845 555 1866 tu
569 1839 654 1866 uteris
669 1858 676 1871 ‚
697 1844 748 1872 pro
766 1835 841 1862 licita
865 1833 1001 1862 infantum
1012 1841 1061 1861 cae-

196 1877 231 1904 de
255 1876 280 1904 &
303 1876 477 1913 expositione
503 1883 567 1905 ante
591 1876 820 1904 Valentinianum
841 1894 848 1907 ,
871 1871 1019 1901 Valentem
1035 1871 1060 1900 δε

196 1916 363 1943 Gratianum
385 1937 393 1947 ,
421 1923 486 1942 mox
508 1916 568 1947 ait,
598 1916 682 1942 ovnnia
697 1910 888 1950 foecla,soeva,
918 1909 1024 1944 &ideo
1044 1920 1060 1938 a

195 1951 351 1985 Christianis
366 1953 536 1988 Principibus
550 1955 669 1981 coercita.
710 1951 798 1978 Primi
808 1950 939 1987 fuerunt,
963 1950 1061 1984 opinor,

196 1993 239 2027 qui
256 1998 394 2019 vetuerunt
417 2013 424 2026 ‚
454 1992 510 2025 illi,
541 1999 612 2026 quos
636 1990 695 2019 dixi
714 1989 873 2025 Principes,
901 1987 969 2015 ind.
989 1989 1008 2015 ι.
1031 1989 1058 2016 8.

195 2029 254 2068 ,Qui
265 2036 357 2065 putant
372 2030 415 2057 hoc
429 2031 487 2066 jam
500 2036 558 2057 ante
574 2031 676 2067 legibus
696 2033 819 2061 cautum,
841 2028 901 2062 quia
915 2027 943 2053 in
958 2025 1061 2052 Pande-

197 2069 244 2096 tiis
258 2069 352 2095 mulier
371 2067 459 2105 exfilio
472 2068 625 2100 damnatur,
649 2067 713 2104 quod
728 2066 868 2102 vij‘cerihus
875 2064 933 2102 sicis
948 2065 1003 2091 vim
1018 2065 1057 2091 in—

194 2107 287 2133 tulerit
308 2106 445 2142 (intellige
467 2107 495 2132 in.
514 2106 641 2143 abigendo
660 2106 760 2141 partu)
780 2110 880 2134 errant,
903 2100 1059 2139 qtlipoffet?

195 2154 253 2172 cum
267 2142 410 2179 testimonia
420 2165 427 2177 ,
455 2153 509 2180 qlloe
533 2144 592 2171 dedi
604 2166 611 2177 ,
631 2145 738 2180 vulgali
750 2143 821 2169 illius
835 2142 911 2169 moris
922 2162 929 2173 ‚
950 2142 1059 2168 rerrz'ora

188 2183 246 2220 fiat
269 2181 460 2209 PemdeHarum
476 2181 594 2219 scriptis.
634 2182 663 2210 Si
689 2181 720 2209 sit
746 2182 886 2216 benignum
908 2177 1059 2214 &plenum

195 2217 307 2256 ingenui
325 2221 430 2256 pudoris
442 2241 449 2252 ,
473 2222 561 2257 fateri
575 2240 584 2253 ,
600 2226 646 2256 per
660 2228 719 2255 quos
729 2218 870 2255 profeceris
883 2239 889 2250 ‚
910 2224 939 2244 ut
954 2216 1058 2244 Plinius

197 2260 232 2287 ad
250 2258 449 2294 Vespasianum
475 2259 547 2286 dixit
576 2259 602 2286 in
625 2258 728 2294 Praefat
759 2255 861 2292 Hister.
882 2256 982 2284 Natur.
1001 2255 1059 2282 lau-

196 2297 304 2325 dandus
325 2305 340 2323 a
357 2303 384 2324 te
401 2296 490 2324 fuerat
506 2295 612 2332 Lipsius
627 2297 655 2324 in
675 2297 768 2324 fronte
784 2294 926 2331 opusculi,
948 2293 1061 2321 laudan-

196 2338 247 2363 dus
271 2336 298 2362 in
322 2335 432 2370 fingulis
448 2334 631 2367 testimoniis,
652 2343 686 2363 ex
701 2343 736 2362 eo
749 2334 932 2370 depromptis,
949 2332 1062 2359 laudan-

196 2374 247 2401 dus
263 2380 292 2400 ut
309 2373 362 2400 dux
386 2373 410 2401 ἃ
434 2374 544 2406 ευξιοῑ,
566 2381 618 2401 nec
636 2379 762 2406 tantum,
792 2378 906 2399 utnunc
921 2371 1005 2404 facis,
1027 2371 1062 2398 ab

195 2413 284 2439 odora
309 2420 407 2439 canum
435 2412 472 2439 vi.
522 2412 597 2439 Nam
613 2433 620 2444 ,
648 2411 666 2439 fi
687 2413 764 2448 quod
789 2411 892 2442 sentiO,
916 2409 1002 2437 libere
1020 2409 1059 2437 di-

194 2458 256 2478 cam
285 2450 360 2483 (nec
382 2449 438 2481 est,
467 2458 517 2477 cur
533 2449 716 2486 dissimulem)
737 2449 755 2477 si
771 2448 846 2485 Julio
863 2447 951 2476 Paulo
969 2448 1060 2475 detra—

193 2488 317 2520 hantur,
339 2495 399 2522 quae
415 2488 498 2521 Lipsri
516 2488 591 2522 sunt,
613 2488 637 2516 δι
652 2497 712 2524 quae
726 2489 771 2516 hie
784 2487 840 2514 illic
856 2486 982 2522 adspersa
999 2486 1060 2514 sunt

193 2535 228 2554 ex
244 2526 328 2553 variis
346 2525 414 2552 locis
431 2525 527 2562 Jacobi
545 2526 716 2555 Gothosredi
730 2526 764 2554 ad
776 2525 911 2553 Codicem
925 2524 1060 2553 Theodo-

193 2565 316 2596 sianum,
339 2564 385 2591 vix
406 2564 555 2600 quicquam
573 2565 704 2600 supererit
721 2584 730 2598 ‚
751 2572 832 2599 quam
850 2563 960 2595 infelix,
984 2570 1014 2590 ut
1033 2571 1048 2590 e

193 2612 232 2640 go
241 2603 344 2637 opinor
353 2623 360 2634 ,
373 2603 566 2637 interpretatio
579 2603 597 2629 l.
607 2602 674 2639 4.ff.
683 2603 712 2630 de
721 2603 835 2639 Agnosc.
844 2600 971 2635 &almi
984 2603 1058 2630 liber.

233 2649 259 2668 2.
282 2641 348 2667 Non
366 2641 521 2675 vituperavi
537 2640 658 2675 Lipsiurn
672 2640 761 2677 ‚quasi
777 2641 870 2675 inepte
883 2640 1059 2667 afl‘eetantem

192 2681 222 2709 in
238 2681 315 2714 jure,
335 2679 410 2713 quod
428 2686 484 2705 non
503 2678 685 2714 intelligebat.
726 2679 795 2705 Dixi
810 2678 944 2706 duntaxat
963 2677 992 2705 C.
1008 2679 1056 2707 111.

190 2724 217 2755 p.
235 2725 299 2752 359.
322 2716 443 2752 Lipsium
461 2718 612 2749 literarum,
630 2725 704 2752 quam
712 2715 876 2752 jurisfmffe
891 2717 1058 2751 peritiorem,
1097 2721 1118 2749 g

192 2756 219 2785 &
235 2757 300 2784 hinc
316 2754 389 2783 sorte
408 2754 523 2782 ominffe
544 2755 568 2782 d.
589 2756 607 2782 l.
626 2763 651 2789 4.
665 2753 704 2791 ff.
726 2754 756 2781 de
775 2753 890 2791 Agnosc.
912 2752 948 2788 δέ)
971 2754 1057 2782 alenti.

190 2796 265 2823 liber.
287 2802 348 2829 quae
366 2794 391 2820 in
409 2793 463 2820 hoc
474 2799 640 2827 argumento
664 2793 755 2820 omitti
780 2800 837 2819 non
862 2791 992 2819 debebat.
1014 2793 1058 2820 ln-

192 2833 227 2860 de
242 2833 325 2860 etiam
339 2831 391 2859 esse
407 2832 524 2867 opinor,
545 2831 620 2867 quod
639 2830 761 2866 Lipsium
777 2829 879 2865 fugerit
899 2830 916 2857 l.
937 2838 962 2857 2.
985 2829 1013 2857 C.
1028 2830 1057 2857 cle

188 2870 292 2907 Insunt.
315 2868 397 2907 expos.
420 2877 450 2897 ut
469 2869 589 2897 observo
617 2869 646 2897 C.
668 2869 719 2898 IX.
745 2875 770 2904 p.
796 2872 860 2903 363.
901 2868 997 2904 thue
1019 2869 1057 2896 ita

189 2909 307 2937 nesciam
319 2930 326 2940 ,
347 2907 585 2944 quemadmodum
600 2907 724 2935 modesta
741 2907 886 2942 loquutio,
908 2914 990 2940 quam
1006 2914 1052 2933 ne-

190 2956 237 2975 mo
255 2955 348 2974 veram
365 2945 418 2974 eil'c
438 2943 940 2981 negaverit,alitercircumscrtbi‚&
955 2952 1051 2980 quein·

188 2985 341 3013 admodum
371 2985 481 3012 invidiae
507 2985 566 3012 dari
592 2985 724 3020 potuerit.
769 2983 877 3019 Utique
910 2988 940 3010 tu
959 3004 966 3015 ‚
1001 2983 1051 3009 Vir

190 3023 361 3055 Clariffiine,
382 3031 439 3050 non
456 3023 588 3058 probabis
602 3022 854 3060 Jurisprudentiam
872 3020 955 3056 Lipfii
965 3020 999 3048 de
1013 3020 1055 3054 ju·

189 3069 219 3087 re
233 3060 275 3087 vel
296 3062 395 3094 injuria
418 3061 548 3095 abigendi
570 3067 681 3096 partus,
693 3061 727 3090 de
745 3060 837 3097 qua&
854 3059 910 3096 ipse
925 3059 950 3089 d.
972 3056 1053 3095 Epist.

191 3100 237 3131 85.
260 3097 285 3124 &
307 3106 357 3125 nos
371 3099 502 3134 deinceps
518 3107 640 3133 agemus.
812 3101 822 3106 “

230 3141 255 3167 3.
276 3135 384 3163 Laudas
403 3136 507 3164 Clariis.
527 3137 731 3172 Schultingium
745 3158 752 3169 ,
780 3134 858 3172 quod
874 3142 901 3163 te
917 3134 1053 3168 laudarit,

190 3171 216 3199 ἃ
233 3172 272 3198 bis
290 3171 427 3201 sentcntiae
441 3181 492 3203 tuae
508 3175 674 3210 applauserit
692 3177 719 3203 in
735 3175 800 3203 Not.
815 3173 849 3202 ad
865 3173 971 3209 Fragm.
982 3173 1054 3201 Pau-

188 3211 217 3239 li.
240 3210 344 3237 bonum
360 3210 475 3242 factum!
491 3213 553 3249 Ego
569 3214 675 3243 Clariis.
691 3213 869 3249 Schultingio
886 3219 994 3241 tantum
1008 3211 1054 3240 tri·

575 99 1096 145 GEffiARDt

1222 96 1601 133 NOODT

1147 177 1174 220 §.
1194 177 1247 210 IV.
1282 176 1378 220 Quod
1408 185 1510 208 tamen
1531 174 1634 207 visum
1661 171 1758 211 mihi,
1774 179 1847 216 >non
1863 171 1964 213 placet

1105 220 1365 255 Evnltershoelzio
1394 219 1424 250 in
1451 218 1630 257 Pra’fatione
1655 217 1692 246 ad
1718 214 1869 245 Letiorem
1887 215 1915 259 <St
1931 216 1963 248 in

1110 256 1253 303 O'fflzjcido
1277 271 1301 292 c.
1328 260 1397 292 Vll.
1421 259 1456 294 &⁴¹
1478 259 1535 290 lx.
1569 256 1785 301 existimanti,
1807 262 1874 300 μοι]
1892 255 1966 286 tuis-

1106 302 1137 334 se
1157 304 1237 343 patri
1257 312 1352 342 usque
1369 301 1404 332 ad
1425 301 1638 342 l’rincipatum
1656 298 1884 334 Valentiniani,
1907 296 1966 328 Va-

1106 343 1218 383 lentis,
1253 344 1283 375 ἂ
1305 342 1467 382 Gratiani,
1498 342 1673 374 concessam
1698 337 1856 370 infantum
1874 346 1967 378 expo.

1106 385 1250 416 sirionem
1271 394 1443 425 necemque
1460 408 1469 423 ‚
1495 383 1547 416 sed
1565 393 1632 415 eam
1648 382 1702 413 diu
1714 390 1786 412 ante
1805 380 1896 412 suiffe
1918 384 1968 414 ab·

1107 427 1217 457 olitam
1242 426 1302 466 jam
1327 436 1343 457 a
1376 434 1517 467 tempore
1543 424 1692 466 Trajani,
1720 425 1898 467 Hadriani,
1937 426 1967 460 δι

1105 467 1259 498 Antonini
1276 468 1339 498 Pii:
1368 468 1441 498 inde
1463 468 1611 508 adempto
1636 468 1684 500 illi
1701 468 1732 501 in
1751 469 1885 510 liberos,
1908 470 1968 503 fine

1107 509 1208 539 aetatis
1234 507 1432 547 discrimine,
1462 510 1529 549 jure
1560 509 1637 540 vitae
1659 510 1688 541 ὅ(
1706 511 1814 550 necis,
1839 521 1875 544 ac
1895 511 1970 553 pofi-

1107 557 1155 588 ta,
1180 549 1202 580 fi
1220 558 1331 580 contra
1346 549 1484 588 faceret,
1506 559 1596 582 extra
1620 551 1761 584 ordinem
1782 562 1876 594 poena
1890 562 1970 586 mor·

1107 591 1148 621 tis
1163 590 1214 622 vel
1234 590 1356 621 minore
1372 600 1429 631 pro
1445 601 1479 622 re
1497 600 1577 623 nata.

1150 631 1178 672 §.
1196 631 1235 662 V.
1269 632 1328 663 Sed
1351 639 1404 662 aut
1428 631 1513 664 fallit
1539 643 1590 664 me
1618 635 1738 667 animus
1763 645 1851 668 meus
1871 660 1881 676 ,
1918 644 1972 670 aut

1107 672 1190 718 quod
1211 672 1260 717 egi
1293 672 1379 713 Jttli'o
1406 673 1517 712 Paulo,
1546 675 1591 706 ita
1613 685 1690 707 vero
1707 677 1914 710 admovetur:
1935 685 1971 710 ut:

1107 724 1164 745 vrx
1188 713 1258 758 aba·
1275 714 1463 758 probatione
1479 715 1635 756 indigeat:
1659 716 1724 759 (4)
1754 717 1973 751 consentiente

1107 755 1139 787 in
1168 764 1277 795 prunis
1304 755 1383 785 Viro
1412 755 1608 795 Amplissimo
1632 757 1664 789 in
1684 760 1711 789 d.
1738 759 1918 800 Praefatione
1943 753 1993 794 δι’

1105 797 1132 827 d.
1145 805 1169 841 e.
1194 795 1254 841 Ιὶᾷ.
1267 795 1348 827 &X-
1373 795 1530 828 infantum
1545 798 1774 838 expositionem
1792 801 1974 842 parentibus

1104 836 1198 868 fuisse
1224 837 1376 868 indultam
1399 846 1498 878 usque
1521 838 1558 869 ad
1585 839 1799 880 principatum
1816 842 1977 883 Traiani,

1107 877 1258 910 Hadriani
1293 878 1322 909 &
1346 877 1501 909 Antonini
1530 879 1588 912 Pii.
1615 880 1686 922 (ς)
1713 880 1797 913 Nam
1815 883 1838 915 fi
1855 884 1982 916 tamdiu.

1107 919 1237 951 liberam
1252 928 1269 949 a
1288 919 1420 951 crimine
1440 919 1470 951 ὅ(
1484 929 1576 960 poena
1592 921 1685 953 fuiss'e
1704 922 1896 963 confitetur3
1915 917 1995 958 nec?

1106 961 1218 1001 probat
1229 983 1238 998 ,
1264 959 1281 1000 (
1290 960 1374 1005 quod
1388 960 1527 1001 nuspiam
1542 962 1639 994 fecit:
1664 973 1777 1005 negare
1790 965 1873 997 enim
1888 966 1972 1007 quod

1108 1001 1209 1033 solum
1234 1000 1336 1046 facit,⁴
1364 1011 1428 1032 non
1444 1001 1488 1033 est
1506 1004 1657 1043 probare3
1687 1015 1726 1037 ne
1749 1007 1825 1038 artis
1847 1007 1973 1048 quidem

1108 1043 1153 1074 est
1170 1050 1223 1074 aut
1238 1042 1417 1082 doctrmae)
1441 1042 1481 1081 fi,
1504 1045 1647 1085 inquam,
1669 1056 1733 1078 non
1750 1046 1906 1087 ostendit,
1921 1048 1972 1080 de-

1108 1085 1179 1116 inde
1198 1085 1332 1116 vetitam
1355 1092 1391 1114 ac
1411 1085 1586 1118 coercitam
1604 1085 1698 1119 fuisse
1722 1089 1971 1131 expositionem:

1918 1139 1972 1172 qul

1106 1213 1183 1244 buo,
1205 1217 1340 1248 quantum
1362 1212 1509 1247 quisquam
1535 1211 1620 1247 alius,
1644 1213 1726 1250 idque
1746 1215 1859 1252 publice
1881 1215 1906 1244 ἀ
1920 1216 1976 1253 pri·

1105 1252 1193 1278 vatim
1210 1251 1278 1286 saepe
1296 1249 1336 1277 sui
1353 1250 1482 1282 testatus,
1507 1249 1552 1277 sed
1568 1261 1601 1279 ex
1625 1252 1777 1282 doctiffimo
1792 1256 1850 1289 ejus
1867 1252 1997 1290 I.ibro,'··

1107 1289 1137 1316 de
1158 1289 1326 1326 Recujacione
1340 1287 1471 1326 Judicz's‚
1489 1287 1592 1323 poffcm
1611 1290 1719 1318 adferre
1734 1292 1891 1326 causas,ob
1901 1301 1972 1329 quas
1992 1287 1993 1290 ¹

1106 1327 1194 1355 nolim
1218 1336 1281 1355 eum
1302 1327 1374 1354 inter
1399 1334 1450 1354 nos
1475 1326 1569 1355 sedere
1588 1328 1725 1365 Judieem.
1765 1331 1828 1357 Nec
1842 1332 1974 1367 cuiquam

1107 1366 1154 1393 alii
1176 1366 1271 1394 auftor
1294 1364 1357 1398 sim,
1387 1365 1434 1394 ubi
1450 1373 1492 1393 res
1508 1371 1554 1393 tua
1576 1368 1711 1403 vertitur,
1731 1369 1804 1397 utin
1822 1376 1886 1397 eum
1900 1369 1959 1398 arb‘

1107 1409 1179 1432 trum
1196 1405 1419 1441 compromittat.

1144 1443 1169 1479 ς.
1190 1444 1241 1471 lV.
1261 1443 1307 1471 sic
1325 1442 1431 1474 sentio,
1451 1448 1483 1471 ut
1501 1442 1540 1471 ibi
1554 1445 1681 1481 exponIs.
1988 1474 1994 1479 ,

1143 1482 1167 1518 §.
1190 1482 1225 1509 V.
1247 1489 1275 1517 4.
1296 1480 1353 1510 Sub
1373 1481 1516 1516 Traiano,
1545 1482 1691 1518 Adriano,
1711 1483 1736 1512 ἃ.
1752 1484 1901 1514 Antonino
1920 1480 1999 1514 Pio?

1107 1528 1140 1548 ea
1158 1520 1266 1556 reperi,
1286 1518 1311 1547 ἃ
1325 1519 1497 1555 exsequutus
1515 1520 1572 1548 sum
1593 1521 1687 1560 Opusc.
1709 1522 1832 1559 Cap.1V.
1854 1524 1994 1560 quaem-²

1106 1558 1136 1587 hi
1156 1557 1340 1595 persuadent,
1368 1558 1557 1586 carnificinam
1582 1559 1733 1590 liberorum
1751 1562 1785 1590 iis
1800 1561 1975 1599 temporibus*
1988 1556 1995 1570 ⁵¹

1105 1605 1163 1625 non
1178 1596 1255 1625 fuisse
1271 1598 1385 1632 impune
1402 1597 1600 1631 transmittam,
1633 1599 1695 1634 sed,
1716 1599 1735 1629 fi
1750 1608 1808 1628 non
1826 1607 1900 1629 certa
1915 1605 1974 1638 poe'·

1105 1643 1158 1670 na,
1181 1641 1262 1664 extra
1282 1634 1410 1663 ordinem
1430 1644 1523 1664 tamen
1547 1637 1709 1667 coercitam.
1749 1638 1782 1667 Id
1797 1639 1946 1674 antemius
1961 1660 1989 1672 ,,,

1106 1674 1184 1711 quod
1199 1680 1279 1702 vetus
1294 1675 1428 1708 mutavit,
1450 1675 1576 1703 moribus
1598 1676 1778 1706 tribuendum
1799 1677 1890 1706 videri
1909 1677 1979 1714 plus‘

1105 1713 1189 1741 semel
1213 1711 1346 1749 professus
1371 1712 1443 1746 sum,
1470 1713 1618 1749 praesertim
1645 1714 1743 1753 Opusc.
1774 1715 1804 1744 C.
1819 1717 1856 1745 11.
1877 1717 1905 1744 in
1916 1714 1973 1752 fin.

1104 1753 1191 1780 Ratio
1206 1751 1369 1786 conjeeturae
1389 1751 1447 1779 haec
1468 1751 1522 1785 est,
1556 1751 1634 1788 quod
1649 1752 1755 1790 Legem
1770 1753 1816 1783 vel
1831 1753 1974 1783 Constitu-

1105 1791 1211 1818 tionem
1233 1789 1394 1826 specialem,
1423 1798 1484 1826 quae
1501 1790 1545 1825 jus
1563 1791 1709 1827 antiquum
1724 1793 1890 1829 abrogavit,
1910 1799 1972 1821 non
1987 1785 1997 1814 7

1104 1828 1279 1861 invenerim,
1300 1834 1327 1855 at
1343 1836 1376 1855 ea
1392 1834 1484 1856 tamen
1501 1829 1659 1864 inveniam,
1682 1839 1742 1867 quae
1756 1832 1921 1866 abrogatum
1931 1839 1992 1860 esu

1105 1868 1151 1902 se,
1172 1868 1241 1895 mihi
1261 1867 1393 1895 videntur
1414 1867 1543 1903 probare.
1583 1868 1670 1906 Quod
1692 1870 1816 1897 moribus
1833 1869 1971 1904 debetur,

1104 1905 1200 1934 sensim
1221 1905 1277 1933 sine
1294 1905 1370 1933 sensu
1386 1905 1528 1938 concidit,
1552 1913 1606 1934 nec
1620 1907 1647 1934 in
1661 1907 1703 1935 his
1718 1906 1783 1935 licet
1798 1907 1909 1943 praecise
1922 1906 1974 1936 de·

1103 1944 1182 1972 finire
1199 1951 1324 1980 tempus,
1346 1951 1404 1979 quo
1432 1944 1500 1980 quid
1523 1944 1687 1980 abrogatum
1704 1944 1745 1974 sit.
1780 1945 1855 1974 Ante
1870 1946 1972 1981 Traja-

1102 1991 1168 2010 num
1190 1983 1260 2011 nihil
1279 1983 1421 2018 comperi,
1441 1990 1475 2010 ex
1490 1991 1547 2019 quo
1568 1984 1670 2011 veteris
1692 1983 1765 2020 Juris
1780 1984 1970 2013 mutationem

1102 2020 1181 2049 licuit
1196 2029 1327 2056 arguere,
1350 2027 1432 2055 atque
1448 2021 1487 2048 ita
1507 2029 1563 2048 non
1584 2021 1721 2050 intereeffi
1734 2044 1742 2056 ‚
1765 2023 1916 2058 quominus
1932 2021 1968 2051 ad

1101 2062 1161 2094 eJus
1179 2060 1368 2096 Principatum
1381 2060 1425 2093 jus
1445 2064 1525 2086 vetus
1539 2060 1697 2095 porrigatur
1712 2080 1721 2095 ,
1749 2066 1780 2088 ut
1801 2067 1832 2088 ut
1848 2060 1895 2088 sub
1911 2060 1969 2089 Au-

1101 2097 1182 2133 gusto
1200 2097 1368 2134 postremum
1385 2097 1443 2131 ejus
1463 2097 1620 2134 exemplum
1644 2099 1670 2126 in
1688 2097 1847 2127 Annalibus
1863 2099 1969 2128 Roma-

1101 2144 1202 2163 norum
1219 2136 1388 2171 repererim,
1408 2134 1433 2162 δι
1455 2135 1598 2163 retulerim
1619 2135 1645 2164 d.
1666 2135 1696 2164 C.
1717 2137 1753 2165 ΙΙ.

1144 2182 1168 2208 5.
1192 2175 1241 2201 Vir
1257 2173 1426 2202 Clariffimus
1438 2195 1445 2206 ,
1470 2182 1514 2201 me
1527 2174 1714 2207 refutaturus.
1737 2176 1857 2212 primum
1871 2175 1970 2213 copias

1103 2212 1164 2240 suas
1185 2211 1323 2249 explicat,
1356 2212 1458 2239 deinde
1483 2221 1557 2240 meas
1584 2213 1767 2248 aggreditur,
1789 2214 1906 2247 nescio.
1932 2221 1970 2242 an

1105 2250 1167 2279 satis
1183 2259 1215 2279 ex
1231 2257 1371 2288 praecepto
1387 2250 1481 2283 Fabii,
1503 2251 1550 2286 qui
1572 2250 1636 2287 Irist.
1660 2251 1766 2280 Orator.
1789 2252 1866 2281 L.v.
1883 2251 1913 2280 C.
1925 2259 1972 2284 13.

1105 2290 1143 2317 ita
1161 2290 1235 2317 infit:
1267 2290 1296 2317 Si
1320 2290 1441 2325 agimus,
1469 2287 1553 2325 nostra
1574 2288 1820 2327 confirmandasum
1833 2291 1944 2326 primum
1959 2310 1971 2324 ,

1103 2335 1176 2363 tum,
1197 2337 1250 2364 qzioe
1266 2325 1358 2364 nastris
1373 2333 1529 2363 opponuntur
1543 2349 1550 2359 ‚
1571 2327 1720 2364 refutanda.
1750 2328 1780 2356 Si
1794 2327 1972 2365 respondemus

1105 2368 1158 2403 (ut
1184 2373 1213 2395 tu
1237 2367 1340 2394 scilicet
1361 2367 1449 2393 amice
1473 2366 1646 2402 respondes)
1665 2368 1778 2402 primum
1794 2366 1974 2402 incipiendum

1105 2403 1141 2441 est
1156 2415 1172 2433 a
1191 2405 1356 2442 refutatione.
1394 2404 1499 2439 Sequar
1515 2410 1606 2433 autem
1623 2410 1650 2432 te
1673 2410 1841 2440 praeeuntem
1883 2411 1970 2441 atque

1103 2445 1141 2471 ita
1158 2445 1275 2480 primum
1293 2451 1387 2479 quaero
1401 2463 1408 2475 ,
1430 2451 1464 2469 an
1481 2444 1526 2470 hic
1544 2451 1559 2470 a
1577 2451 1619 2470 me
1637 2442 1788 2474 desideres.
1811 2449 1841 2470 ut
1857 2441 1892 2470 de
1904 2451 1970 2479 pro.

1103 2482 1191 2510 hibita
1207 2481 1345 2510 occisione
1362 2480 1386 2508 &
1403 2481 1575 2516 expositione
1594 2481 1743 2508 liberorum
1766 2481 1813 2509 sub
1828 2481 1968 2515 Traiano,

1102 2521 1231 2550 Adriano
1248 2519 1290 2547 vel
1307 2519 1454 2547 Antonino
1468 2520 1519 2547 Pio
1535 2519 1624 2554 legem
1643 2518 1788 2554 specialem
1814 2518 1970 2548 adducam?

1103 2559 1202 2587 frustra
1224 2558 1374 2589 desideras,
1397 2565 1475 2590 cum,
1496 2562 1527 2585 ut
1548 2558 1594 2592 qui
1611 2557 1718 2592 optime
1733 2578 1740 2589 ,
1759 2559 1889 2591 noveris,
1908 2565 1968 2586 mo-

1104 2606 1146 2626 res
1163 2598 1224 2633 plus
1241 2595 1321 2625 semel
1346 2596 1419 2629 leges
1436 2595 1462 2622 in
1481 2595 1646 2630 potestatem
1671 2595 1743 2622 suam
1763 2595 1903 2628 redegisse.
1941 2595 1968 2625 1-

1101 2636 1148 2672 pse
1165 2636 1210 2663 ille
1224 2636 1361 2668 'l'rajanus
1379 2632 1469 2660 Plinio
1486 2633 1610 2661 rescribit
1630 2632 1713 2662 L.X.
1734 2631 1817 2670 Epist.
1832 2638 1895 2664 116.
1915 2633 1969 2663 Le-

1098 2675 1145 2711 gis
1165 2673 1305 2701 αιιᾶονὶιας
1319 2693 1326 2705 ,
1355 2670 1391 2705 &²
1414 2673 1490 2707 longa
1517 2670 1666 2708 consuetudo
1690 2669 1812 2708 usurpata
1827 2679 1914 2701 contra
1931 2673 1967 2701 le-

1121 2721 1158 2739 em
1175 2733 1182 2744 ,
1215 2712 1243 2738 in
1270 2710 1399 2746 diversum
1419 2718 1519 2736 movere
1541 2716 1564 2736 te
1576 2711 1668 2746 potnit.
1704 2710 1741 2738 Et
1757 2711 1853 2739 Livius
1867 2710 1901 2739 de
1919 2709 1967 2749 usu

1100 2750 1136 2777 L.
1153 2749 1242 2778 XLV.
1270 2747 1299 2774 C.
1318 2755 1362 2781 32.
1389 2749 1434 2783 qui
1455 2756 1522 2775 unus
1537 2747 1572 2784 est
1594 2747 1697 2784 Legum
1713 2749 1847 2777 correffor.
1867 2754 1966 2778 caetera

1101 2787 1173 2815 nosti
1188 2795 1220 2814 ex
1243 2786 1410 2814 Auooribus
1432 2786 1539 2814 nonus.
1581 2787 1700 2814 Plurima
1722 2788 1816 2824 capita
1832 2795 1865 2815 ex
1881 2787 1966 2825 Juris-

1100 2825 1248 2861 prudentia
1265 2824 1453 2851 Decemvirali
1469 2825 1611 2861 hodieque
1629 2824 1790 2860 supersunt,
1810 2833 1869 2861 quae
1885 2824 1968 2854 redo-

1100 2864 1158 2892 lent
1175 2862 1317 2892 horridam
1334 2862 1358 2890 &
1375 2862 1510 2890 austeram
1528 2871 1624 2890 eorum
1649 2869 1805 2899 temporum
1822 2862 1963 2898 indolem,

1103 2901 1148 2931 sed
1167 2910 1227 2937 quae
1243 2900 1290 2929 sub
1308 2900 1392 2928 libera
1410 2900 1565 2937 Repusuca
1583 2923 1590 2935 ,
1613 2909 1720 2935 mores,
1748 2901 1836 2938 magis
1851 2901 1918 2930 culti
1935 2900 1963 2931 ἃ

1102 2940 1224 2974 molles,
1252 2939 1362 2975 penitus
1385 2938 1557 2973 subegerant.
1595 2938 1623 2967 Si
1647 2948 1712 2966 vera
1735 2938 1780 2973 sit,
1803 2948 1885 2976 quarn
1901 2947 1964 2968 uar-

1101 2985 1180 3012 iant,
1200 2977 1292 3005 sabula
1314 2977 1348 3004 de
1363 2976 1522 3005 debitorum
1539 2978 1651 3012 antiqua
1667 2977 1804 3010 scaione,
1828 2977 1900 3006 cedo
1914 2977 1964 3006 mi·

1098 3018 1126 3046 hi
1148 3017 1253 3052 legem,
1287 3024 1347 3050 quae
1369 3017 1556 3051 abrogaverit.
1603 3016 1705 3044 Fabius
1728 3015 1753 3043 δι
1773 3015 1964 3045 Tertullianus

1098 3056 1165 3084 huic
1188 3054 1287 3082 sabulae
1308 3053 1388 3081 fidem
1412 3053 1571 3086 dederunt,
1600 3053 1645 3082 sed
1671 3054 1762 3089 inquit
1779 3054 1825 3082 ille
1855 3053 1890 3084 l..
1911 3054 1962 3083 111.

1098 3092 1186 3129 lustin.
1214 3092 1244 3120 C.
1267 3095 1292 3121 6.
1323 3092 1386 3119 hanc
1406 3093 1490 3127 legem
1513 3101 1564 3120 mos
1585 3093 1704 3128 publicus
1730 3093 1895 3128 repudiavit,
1915 3092 1962 3120 hic

1097 3140 1191 3160 autem
1219 3131 1330 3167 Apolog.
1359 3129 1389 3157 C.
1417 3139 1444 3165 4.
1471 3129 1587 3168 commisti
1600 3131 1700 3165 publico
1721 3130 1862 3158 crudelitas
1878 3128 1961 3167 postea

1096 3170 1166 3205 erasit
1180 3167 1224 3205 est.
1263 3170 1366 3203 Legem
1390 3176 1503 3204 quoque
1529 3168 1645 3202 Regiam
1667 3167 1692 3196 u
1715 3167 1936 3196 Decemviralem
1950 3190 1962 3205 ,

1096 3203 1157 3247 qua:
1177 3208 1297 3242 liberos,
1319 3208 1403 3236 etiam
1417 3213 1475 3241 ter,
1498 3205 1618 3235 vendere
1634 3204 1772 3243 permisit,
1795 3213 1855 3234 aevo
1873 3204 1960 3242 Jcto-

1875 3250 1935 3271 xum
1945 3265 1959 3282 ,
