2008 3436
388 111 694 150 RERUM
769 124 848 148 ET

106 207 243 237 lubricum
257 204 305 234 est.
321 207 345 235 1.
363 207 460 242 233·b-
475 214 541 242 244.
556 206 650 240 b.267.
667 204 692 231 b.
707 205 772 234 268.
788 214 814 234 a.
830 205 930 241 273.b.

822 247 856 275 28
880 266 888 273 .
904 245 928 273 b.

67 283 214 314 Eniblema
236 282 344 312 nullum
366 283 420 318 est,
441 283 490 312 nifi
513 281 589 320 quod
607 281 684 319 JCtis
703 283 825 320 antiquis
845 252 929 312 al3ian1

103 323 268 352 sententiam
285 323 429 356 obtrudit,
444 330 527 360 quam
545 320 592 358 ipsi
609 321 784 354 habuerunt,
797 321 852 350 five
861 321 929 358 quid

104 363 224 390 addatur
247 370 280 390 ex
293 362 353 397 jure
373 370 469 397 novo,
489 359 544 389 five
559 359 627 396 quid
649 361 686 389 ob
700 361 744 396 jus
758 369 863 390 novum
880 362 928 390 im-

102 407 237 430 mutetur.
815 408 881 435 224.
902 402 927 429 b.

67 455 146 463 ---
168 454 246 461 ——
268 439 286 467 fi
309 439 378 475 quid
400 439 437 466 ob
458 437 576 466 eandem
595 439 736 467 rationem
757 439 905 467 omittatur
919 461 927 473 ,

105 478 155 508 nifi
171 486 284 516 propter
304 487 355 511 eu,
376 485 436 513 quae
456 477 551 505 omiffa
570 477 650 512 sunt,
670 486 784 512 eorum,
807 486 868 515 quae
890 478 929 506 su-

102 517 233 556 persunt,
249 517 319 545 alius
334 524 408 545 nunc
424 515 454 544 sit
471 515 578 548 sensus,
594 517 663 545 alius
679 517 746 545 olim
759 515 853 545 fuerit.
865 516 929 544 ibid.

66 572 146 579 -——-
168 570 245 578 ——-
265 556 425 591 ubicunque
442 555 470 582 in
486 555 630 584 pandectis
647 556 783 593 reperitur
794 555 930 593 JCtorum

104 595 320 624 diiTentientium
339 594 488 628 sententia,
504 602 588 630 quum
604 594 743 632 posterior
757 593 929 622 Constitutio

104 634 150 662 vel
167 631 278 662 Decifio
293 632 438 670 Juliiniuni
454 633 593 670 probavit.
680 636 745 663 228.
769 634 793 661 b.
816 640 880 668 233.
903 642 928 661 α.

265 672 424 708 ubicunque
446 672 473 699 in
497 672 618 707 Legibus
635 671 765 709 loquutio
779 670 860 709 supra
879 681 929 699 mo·

103 711 165 740 a'um
180 712 247 749 legis
263 718 405 746 occurrit,
427 711 471 739 vel
486 710 595 745 similis,
610 711 638 739 in
656 720 711 748 qua
724 711 791 748 tegis
807 710 837 738 fit
852 719 930 738 men-

103 751 153 779 tie.
240 781 246 784 ,
816 756 882 784 234.
902 758 928 778 a.

67 805 146 812 ...—

65 688 144 695 .—.-.-

264 788 311 816 ubi
327 794 426 826 tempus
441 789 542 826 legibus
552 786 680 826 statutum
696 787 722 816 dc
738 793 846 824 tempus
864 788 929 823 legi-

107 828 207 856 tImum
229 829 375 864 repttitur.
563 830 628 862 238.
649 829 673 856 Ι).
695 835 760 862 242.
781 828 805 854 b.
828 834 928 861 243.a.

266 867 313 894 ubi
341 875 418 903 pars,
440 875 500 903 quae
520 867 648 895 Patronis
669 875 684 893 a
705 865 826 893 Libertis
845 865 929 893 debe-

104 912 148 934 tur
158 927 165 939 ,
176 912 292 933 vocatur
302 905 387 932 dubim
396 926 404 936 ,
417 904 471 933 five
480 914 543 942 pars
558 912 626 934 certa
641 904 666 933 &
678 905 812 940 legitima.
827 911 891 938 271.
905 905 930 932 b.

169 959 244 964 ——
267 945 314 972 ubi
339 944 533 972 'sriboniunus
559 944 668 972 addidit
694 944 811 971 'voculas
830 964 836 976 ,
871 951 931 979 quae

108 981 317 1011 transitionibus
343 982 481 1017 serviunt,
499 982 543 1010 vel
567 983 615 1010 ubi
632 982 758 1018 quaedam
775 983 803 1009 in
825 982 931 1010 Pande-

107 1022 210 1050 starum
227 1021 297 1050 locis
314 1021 427 1054 retulit,
449 1030 510 1058 quae
524 1022 703 1059 pertinebant
719 1020 754 1048 ad
770 1019 911 1057 superiora
922 1042 929 1053 ,

103 1060 128 1089 ἃ
144 1069 201 1097 quo
217 1059 345 1088 leetorem
360 1061 488 1088 remittit.
819 1067 885 1094 274.
905 1068 930 1087 a.

68 1099 305 1133 Emendationes,
317 1098 432 1136 peffimo
448 1107 542 1132 more,
556 1098 624 1136 [σερε
639 1098 667 1126 in
683 1097 834 1126 Pande-«stas
844 1105 932 1126 trans-

106 1139 176 1167 latae.
820 1144 884 1172 423.
905 1146 931 1165 a.

68 1178 98 1208 de
121 1175 375 1205 Emendationibus
397 1175 585 1213 pronunciare
607 1183 665 1203 non
687 1174 813 1211 inspeetis
836 1175 929 1203 Libris

108 1215 229 1252 antiquis
239 1216 324 1243 etiam
341 1216 446 1250 magnis
463 1214 625 1242 nominibus
639 1214 731 1242 fraudi
748 1213 810 1242 fuit.
822 1222 886 1249 322.
905 1215 930 1242 b.

67 1253 265 1292 Emphyteusss
279 1262 345 1281 num
361 1253 392 1281 fit
408 1253 489 1281 stric‘ti
504 1254 580 1288 juris.
781 1253 817 1281 11.
840 1261 884 1287 53.
905 1254 929 1281 b.

68 1307 148 1316 --·
169 1301 235 1320 num
252 1292 277 1319 ei
294 1291 375 1320 insint
390 1293 467 1328 patra
483 1293 512 1320 iu
528 1292 686 1320 continenti
702 1291 818 1326 adjefia.
867 1291 931 1319 ibid.

67 1332 170 1368 Emptio
184 1339 236 1368 pro
247 1333 445 1366 mancipatione.
776 1331 799 1359 Ι.
821 1337 885 1365 337.
905 1339 931 1359 a.

68 1372 187 1407 Emptor
202 1369 282 1397 liberi
299 1370 431 1398 hominis.
460 1370 496 1397 V.
517 1368 680 1397 Venditor.··

69 1409 125 1443 Ἐν,
145 1409 196 1441 ari,
217 1408 300 1444 apud,
319 1415 410 1446 prope,
432 1408 603 1445 quandoque
620 1407 808 1444 fignificat.11.
829 1416 892 1436 102.
907 1408 932 1436 b.

778 1447 801 1476 I.
824 1449 887 1477 128.
907 1447 932 1475 b.

65 880 146 888 υ...-

69 1448 205 1482 Enallage
229 1447 350 1475 casuum.

67 1487 234 1518 Encratitoe,
255 1486 478 1514 Manichaeorum
498 1485 576 1514 festa.
818 1493 885 1521 422.
906 1495 931 1514 α.

67 1525 192 1554 'Eucaerus
207 1523 278 1558 χάριν
294 1523 465 1558 ὰωεεβὸμιεαι
477 1546 484 1557 ,
505 1533 565 1561 quae
582 1524 642 1553 sint.
818 1532 884 1559 432.
905 1534 930 1553 a.

67 1564 200 1600 Enuoyei,
221 1564 393 1599 Legatorum
418 1563 540 1600 species,
559 1563 628 1591 olim
650 1563 742 1592 minus
761 1562 933 1599 frequentati

103 1612 135 1631 ac
157 1601 253 1630 hodic.
765 1603 801 1630 Π.
824 1606 886 1637 164.
906 1611 931 1630 a.

168 1649 203 1668 an
228 1639 306 1678 quod
330 1639 364 1668 ad
388 1639 480 1669 forum
501 1640 626 1677 ejusdem
649 1640 717 1676 J'uris
737 1639 808 1674 fine,
829 1648 862 1676 ac
884 1641 931 1669 alii

106 1680 217 1716 Legati.
866 1679 931 1708 ibid.

65 1718 208 1751 ἰ-’.τίνροπος
224 1717 295 1746 recle
312 1718 431 1746 vertitur
447 1718 555 1747 Curator
571 1716 595 1747 dt
611 1717 779 1746 Procurator.
792 1718 815 1747 1.
838 1720 884 1754 64.
905 1719 930 1747 b.

67 1755 192 1791 Ἐφὲδῖον,
214 1757 279 1785 Vid.
303 1757 456 1785 Viaticum.

67 1796 160 1832 Equi,
180 1804 215 1823 an
232 1804 274 1823 res
293 1796 423 1831 mancipi.
823 1801 887 1829 337.
906 1804 932 1823 a.

67 1834 155 1865 Erosa
176 1835 312 1871 pecunia,
334 1833 424 1870 quae.'
841 1841 885 1868 75.
907 1835 932 1862 b.

67 1870 228 1910 Ergostula,
251 1881 302 1909 pro
319 1873 376 1905 his,
404 1871 451 1908 qui
467 1873 634 1902 coercentur
650 1872 800 1910 ergastulis.
842 1880 888 1907 39.
909 1882 935 1900 a.

67 1912 202 1947 Ej'carium
217 1918 353 1948 argentum
371 1911 466 1939 differt
481 1921 496 1940 a
510 1914 614 1948 potorio.
867 1914 934 1939 215.

68 1950 176 1990 Effcario
190 1957 298 1988 argento
315 1949 424 1985 iegato,
442 1950 470 1978 id
487 1959 570 1979 omne
587 1951 679 1986 legato
696 1949 787 1983 cedit,
803 1949 880 1986 quod
896 1949 932 1977 ad

107 1989 182 2017 esum
206 1995 363 2026 potumque
386 1989 550 2021 adhibetur,
576 1989 711 2026 quodque
732 1988 879 2026 paterl'am.
899 1987 934 2017 ad

106 2027 261 2065 epulandum
276 2028 304 2055 in
322 2027 473 2055 ministerio
490 2029 597 2056 habuit.
819 2035 883 2062 217.
907 2037 932 2056 a.

67 2081 147 2091 .—-
269 2073 326 2093 non
351 2066 489 2095 debentur
516 2066 578 2094 vasa
600 2071 730 2101 argentea
746 2088 753 2100 ‚
781 2075 842 2103 quae
868 2065 932 2094 solis

106 2106 230 2135 serviunt
252 2105 466 2140 potationibus.
489 2105 544 2133 five
564 2105 843 2141 compotationibus,
866 2105 932 2140 quia

105 2145 179 2173 inter
195 2143 365 2181 epulandum
382 2144 473 2172 nullus
492 2152 589 2172 eorum
610 2143 650 2172 est
667 2144 739 2173 usus.
866 2143 930 2171 ibid.

268 2183 430 2211 continetur
451 2183 667 2220 aquiminarium
686 2204 693 2217 ‚
727 2182 792 2219 quia
815 2188 932 2220 propter

103 2221 196 2250 escam
212 2227 335 2257 paratur.
867 2221 932 2249 ibid.

68 2275 148 2285 .--
173 2274 249 2279 ——
271 2266 328 2286 non
350 2259 531 2288 continentur
553 2258 735 2289 instrumenta
751 2281 759 2294 ‚
788 2258 844 2287 five
868 2259 933 2288 vasa

68 2197 149 2206 ,-

105 2297 286 2327 cocitatoria.
823 2298 888 2326 ibid.
910 2299 934 2327 b.

65 2337 200 2368 ‘Erazpixn
822 2340 887 2371 416.
908 2339 932 2366 b.

68 2376 200 2404 Evellm't
220 2382 273 2411 pro
288 2373 419 2411 evulserit.
819 2383 884 2410 249.
907 2377 933 2405 b.

67 2415 209 2443 Eventum
231 2421 316 2440 nemo
339 2419 449 2441 tenetur
462 2413 599 2449 praestare.
805 2414 843 2441 11.
866 2421 931 2448 241.

69 2454 100 2482 cle
112 2453 258 2481 Eviffione
274 2459 358 2486 agens
372 2458 464 2479 emtor
479 2452 575 2485 fundi,
592 2452 639 2488 qui
657 2459 720 2478 eum
737 2451 793 2488 ipse
802 2451 931 2480 vendito-

109 2492 133 2519 ri
149 2491 198 2519 suo
221 2490 405 2524 vendiderat,
428 2489 453 2517 δεῖ
472 2497 537 2519 ante
553 2492 599 2519 aiii
619 2491 810 2526 obligaverat,
831 2498 932 2527 excep-

108 2531 186 2557 tione
202 2528 261 2556 doli
276 2529 341 2556 mali
358 2528 512 2564 repellitur.
798 2529 820 2556 1.
842 2531 886 2558 82.
907 2531 931 2557 b.

70 2568 225 2597 Evictionis
249 2568 364 2595 nomine
387 2574 498 2595 tenetur
514 2589 522 2601 ‚
554 2567 601 2603 qui
625 2567 744 2595 liberum
763 2567 906 2595 hominem
925 2589 932 2599 ,

105 2614 237 2642 tanquam
259 2605 383 2640 servum,
406 2607 545 2641 ignoranti
568 2606 707 2633 vendidit.
823 2613 886 2641 355.
907 2607 931 2634 b.

69 2645 169 2674 Evieto
185 2645 211 2672 in
229 2644 385 2672 libertatem
409 2645 588 2678 statuliberO,
611 2645 758 2677 venditor,
779 2643 797 2671 fi
825 2653 934 2680 expres-

105 2684 169 2712 seri:
186 2682 379 2710 conditionem
397 2682 507 2717 falsam,
535 2683 590 2710 sive
607 2682 694 2711 sciens
711 2682 766 2710 five
783 2683 932 2719 ignorans,

103 2730 163 2750 non
182 2721 286 2757 semper
303 2719 329 2748 ἃ
344 2722 450 2758 ubique
467 2722 625 2755 tenebitur,
649 2721 691 2749 sed
706 2721 744 2749 ita
764 2721 892 2756 demum,
915 2722 934 2749 fi

107 2760 173 2788 falsa
183 2760 311 2787 conditio
321 2758 451 2787 damnum
461 2761 574 2796 aliquod
584 2761 683 2788 emtori
695 2760 897 2794 attulerit.215.
908 2771 933 2789 α.

69 2799 168 2828 Ενίξὶο
184 2799 263 2826 servo
278 2798 312 2824 ab
333 2806 385 2830 cO,
407 2798 454 2834 qui
477 2799 584 2827 servum
607 2799 658 2826 suis
679 2798 831 2836 sumptibus
852 2799 934 2826 artifi-

110 2838 183 2866 cium
213 2835 356 2872 quoddam
379 2834 501 2870 docuit,
528 2837 546 2864 si
571 2837 702 2874 possess‘or
725 2837 847 2874 deducat
864 2838 934 2865 sum-

106 2882 188 2912 ptus,
209 2884 245 2902 an
262 2875 333 2902 ratio
350 2873 382 2902 fit
407 2874 537 2903 habenda
557 2876 640 2910 lucri,
662 2876 739 2912 quod
756 2885 790 2904 ex
813 2876 933 2904 artificio

108 2914 178 2943 servi
193 2913 327 2951 percepit.
822 2917 885 2944 282.
908 2916 932 2943 b.

68 2967 147 2975 —-
170 2968 246 2973 --
269 2953 296 2980 in
320 2951 429 2979 rat10ne
448 2950 518 2979 lucri
541 2951 663 2984 ineunda
685 2961 744 2981 non
766 2952 932 2990 spec‘tabitur

105 2991 237 3028 pubertas
256 2991 335 3019 servi.
867 2991 930 3020 ibid.

270 3029 288 3056 fi
306 3027 447 3056 excesserit
463 3028 558 3056 XXV.
580 3029 666 3057 aetatis
682 3037 802 3061 annum,
823 3029 884 3065 post
904 3030 931 3058 id

107 3064 218 3103 ternpus
235 3067 418 3104 impensarum
436 3065 461 3094 dt
479 3066 547 3094 lucri
567 3067 641 3094 ratio
658 3075 715 3095 non
733 3069 864 3100 inibitur,
886 3067 932 3096 sed

108 3106 255 3134 artificium
279 3115 340 3133 cum
358 3107 416 3140 ejus
438 3105 546 3141 sumptu
567 3105 737 3140 pensabitur.
868 3106 932 3133 ibid.

68 3145 222 3174 Eunuchos
237 3144 328 3172 facere
344 3145 370 3171 in
388 3144 510 3179 Imperio
524 3143 608 3171 Rom.
632 3142 822 3180 prohibitum,
845 3145 933 3172 aliun-

108 3182 142 3210 de
159 3183 292 3211 invehere
309 3190 364 3210 non
384 3181 567 3218 prohibitum.
821 3190 884 3217 105.
907 3184 931 3210 b.

69 3220 200 3250 Excedere
213 3221 339 3258 Jungitur
361 3220 435 3249 casui
451 3226 561 3256 quarto,
822 3228 884 3254 199.
904 3231 932 3249 a.

69 3043 149 3052 ..—

924 110 1446 150 VERBORUM.

1760 133 1830 167 49r

971 201 1105 232 Excedere
1126 211 1178 240 pro
1201 202 1333 240 progredi.
1678 209 1701 237 Ι.
1723 217 1786 238 201.
1806 219 1833 238 n.

971 243 1118 271 Excuriare
1137 242 1214 277 quid.
1768 256 1831 276 112.

971 279 1122 317 Excusare,
1142 287 1195 316 pro
1215 279 1346 316 prohibere
1359 279 1417 318 fine
1433 286 1503 310 nota.
1721 294 1783 321 1¹3·
1803 296 1831 314 a,

971 319 1154 350 Executionis
1169 325 1272 356 paratae
1287 319 1406 355 paetum.
1659 323 1696 352 Π,
1720 327 1783 358 356,
1806 334 1832 353 a,

970 357 1112 394 Exemplis
1135 358 1162 385 in
1179 358 1244 395 Jure
1265 359 1400 386 Gentium
1422 357 1484 395 plus
1504 357 1674 389 credendum
1693 362 1731 390 est
1747 370 1833 399 quam

1010 397 1124 426 testibus
1140 396 1165 425 dc
1179 397 1355 430 conjeeturis.
1726 408 1788 434 17²·
1808 410 1835 429 a.

972 437 1119 466 Exercitor
1135 435 1251 471 quando
1267 436 1302 464 de
1317 442 1432 473 recepto
1448 441 1585 464 teneatur.
1698 438 1720 466 I.
1744 441 1787 472 58.
1808 448 1834 467 a.

972 476 1153 505 Exercitores
1170 476 1249 502 navis
1265 483 1299 502 an
1315 476 1400 503 etiam
1416 475 1487 503 reete
1502 474 1709 503 conveniantur
1725 477 1834 504 actione

1009 515 1104 543 damni
1119 512 1200 550 culpa
1217 513 1293 548 dati,
1314 513 1341 542 δι
1355 522 1391 542 an
1410 515 1438 542 in
1452 513 1582 542 solidum.
1711 515 1746 542 ΙΙ.
1767 517 1834 550 468.

1072 553 1151 580 navis
1167 552 1348 589 praedatoriae.
1369 554 1405 581 V.
1428 553 1517 581 Navis
1531 550 1707 589 praedatoria.

969 591 1205 621 Exheredationis
1222 591 1324 625 causat,
1346 597 1443 627 praeter
1458 591 1674 628 quatuordecim
1690 590 1837 627 expressas,

1007 639 1085 667 aeque
1101 638 1199 666 graves
1214 629 1260 658 vel
1277 631 1421 666 graviores
1440 631 1636 658 admittuntur.
1723 631 1746 658 I.
1771 632 1837 666 148.

970 669 1164 698 Exheredatio
1182 668 1305 706 postumi
1320 669 1478 698 neceffaria.
1507 669 1580 698 Vide
1599 666 1758 698 Postumus.

971 708 1113 745 Exiguus,
1136 715 1188 744 pro
1201 709 1262 736 vili.
1791 710 1837 742 56.

972 747 1118 784 Exigurcas
1134 746 1189 774 five
1210 745 1302 775 vilitas
1318 745 1455 777 frtietuum
1476 754 1535 776 non
1552 745 1620 775 facit
1638 745 1674 775 ad
1692 746 1838 775 remitten-

1011 786 1075 814 dam
1091 784 1252 822 penfionem
1267 786 1373 814 coloni.
1734 785 1798 814 ibid.
1809 794 1837 814 a.

972 824 1057 853 Exilii
1074 824 1238 853 indietiones
1253 825 1361 862 ubique
1377 824 1513 853 Gentium
1530 824 1649 859 cessare,
1667 823 1742 852 foret
1756 823 1836 853 utile.

1666 863 1703 892 11.
1725 870 1791 898 270.
1811 872 1838 891 a.

972 902 1095 932 Exilium
1112 901 1237 931 indicere
1253 909 1311 931 non
1330 901 1422 940 potest
1436 901 1525 940 Judex
1541 907 1620 931 extra
1633 901 1709 930 suum
1726 902 1838 930 territo-

1011 941 1094 969 rium.
1595 940 1660 970 ibid.
1681 941 1705 969 b.
1728 943 1793 976 287.
1813 941 1839 970 b.

973 994 1052 1002 —--
1074 979 1124 1008 nifi
1140 980 1199 1008 Lex
1221 979 1289 1009 fines
1309 979 1386 1008 exilii
1405 978 1538 1016 designet.
1727 986 1793 1014 271.
1812 980 1839 1008 b.

972 1032 1053 1041 ——-
1076 1020 1153 1047 varia
1170 1020 1223 1047 bac
1240 1018 1274 1047 de
1287 1028 1316 1048 re
1331 1018 1472 1048 ordinum
1488 1017 1648 1048 Hollandiae
1662 1018 1839 1048 &Zelandiae

1012 1058 1118 1086 Edit‘ta.
1725 1065 1791 1093 272.
1812 1066 1839 1086 a.

974 1110 1054 1118 ———
1075 1096 1125 1124 iiiii
1143 1097 1293 1134 privilegio
1307 1096 1444 1133 Principis
1461 1096 1489 1125 id
1510 1096 1594 1125 suerit
1610 1096 1767 1125 concessum
1779 1117 1786 1129 ‚
1808 1095 1840 1124 fi-

1014 1144 1049 1163 ve
1071 1135 1239 1172 generaliter
1262 1136 1290 1163 in
1313 1135 1443 1163 omnibus
1466 1134 1587 1168 delitiis,
1611 1135 1667 1164 sive
1687 1135 1843 1172 specialiter

1011 1174 1039 1201 in
1056 1175 1241 1202 atrocioribus
1261 1174 1288 1202 δε
1309 1176 1429 1202 maxime
1449 1172 1643 1210 frequentatis.
1728 1181 1793 1208 271.
1814 1184 1841 1202 α.

975 1227 1054 1234 ·---
1075 1215 1153 1241 varia
1179 1213 1237 1248 eius
1258 1213 1299 1241 rei
1325 1212 1453 1250 exempla
1480 1213 1510 1241 in
1537 1213 1651 1242 urbibus
1670 1212 1842 1241 Hollandiae.

1698 1258 1843 1286 271.272.

975 1290 1114 1325 Exilium,
1135 1299 1187 1328 pro
1204 1292 1255 1318 loco
1272 1290 1357 1319 exilii.
1701 1290 1724 1318 1.
1747 1297 1793 1325 24.
1814 1290 1840 1318 b.

1104 1329 1179 1358 Vide
1195 1329 1276 1358 Exul.

974 1368 1123 1405 Explicare
1139 1370 1298 1405 pecuniam.
1730 1368 1795 1397 128.

976 1407 1147 1444 Exponendi
1162 1408 1281 1435 Liberos
1296 1407 1349 1442 jus.
1370 1406 1408 1435 V.
1429 1406 1535 1434 Liberi.

976 1446 1110 1482 Exponere
1125 1446 1151 1474 ἃ.
1165 1446 1276 1483 abjicere
1289 1445 1445 1483 promiscue
1462 1445 1616 1473 sumuntur.
1731 1451 1796 1479 359.
1815 1454 1843 1473 a.

975 1485 1106 1522 Expreffa
1120 1491 1244 1519 nocent,
1265 1493 1322 1512 non
1345 1484 1469 1521 express‘a
1484 1491 1541 1511 non
1558 1487 1672 1512 nocent.
1728 1485 1796 1518 448.
1816 1484 1842 1511 b.

974 1524 1066 1559 Exul,
1088 1525 1133 1552 cui
1155 1524 1300 1552 reversuro
1318 1522 1417 1551 statuta
1434 1522 1473 1551 est
1490 1530 1589 1559 poena,
1612 1531 1647 1550 an
1665 1520 1747 1559 poffit
1762 1522 1843 1558 puni-

1012 1564 1052 1596 ri,
1066 1562 1085 1591 fi
1099 1569 1232 1599 tanquam
1248 1563 1370 1599 Legatos
1386 1562 1512 1591 mittatur
1529 1560 1564 1590 ad
1579 1570 1660 1596 eum,
1675 1569 1690 1588 a
1706 1568 1763 1597 quo
1778 1567 1846 1588 exu-

1013 1601 1062 1631 lat.
1670 1600 1709 1628 11.
1730 1605 1796 1635 247.
1815 1607 1851 1627 a.-

1396 1679 1427 1707 F.

977 1718 1028 1792 F
1054 1756 1079 1786 ἃ
1096 1758 1127 1786 P.
1149 1757 1217 1793 saepe
1235 1761 1438 1794 permutantur.
1701 1755 1724 1783 Ι.
1748 1757 1795 1784 26.
1814 1754 1840 1784 b.

974 1796 1060 1824 Fabia
1082 1797 1151 1825 Lex.
1171 1795 1239 1824 Vid.
1259 1796 1329 1825 LeX.

975 1836 1004 1863 in
1019 1835 1131 1864 Faetum
1147 1835 1219 1863 actio
1240 1834 1321 1863 datur
1337 1834 1375 1862 ob
1392 1833 1496 1862 furtum
1511 1833 1551 1862 rei
1566 1832 1696 1860 minimae.
1749 1839 1795 1860 22.
1815 1833 1842 1860 b.

1176 1873 1342 1910 intelligitur
1365 1872 1519 1910 aliquando
1540 1880 1589 1910 per
1609 1871 1746 1900 astionem
1762 1869 1842 1937 fuit}

1774 1918 1784 1938 ι
1804 1917 1813 1937 ¹
1834 1929 1843 1938 .

975 1950 1045 1979 Falfi
1063 1958 1155 1989 poena.
1174 1949 1242 1979 Vid.
1265 1951 1325 1979 Lex
1346 1950 1488 1979 Cornelia.

975 1989 1065 2029 Fal-lios
1087 1995 1178 2024 tutor,
1208 1995 1375 2027 procurator
1401 1989 1453 2018 dte.
1487 1996 1543 2025 qua
1565 1987 1675 2017 ratione
1701 1987 1841 2016 dicantur.

975 2067 1109 2101 Familia,
1131 2066 1187 2095 five
1203 2066 1354 2096 hereditas.
1374 2066 1444 2095 Vid.
1465 2064 1616 2094 hereditas.
1681 2028 1727 2062 84.
1749 2028 1795 2060 85.
1815 2035 1841 2054 a·

975 2107 1092 2136 Familia
1108 2107 1251 2134 Ancharia
1267 2107 1302 2134 ab
1318 2106 1472 2134 Anchario.
1731 2109 1794 2137 179.
1816 2110 1843 2131 a.

975 2161 1053 2168 --
1074 2144 1178 2173 Asellia
1196 2147 1230 2173 ab
1251 2144 1347 2173 Afino.
1776 2139 1842 2169 ibid.

975 2197 1054 2206 —-—-
1075 2183 1213 2212 Cillorum
1234 2191 1249 2210 a
1270 2183 1355 2211 cillo.
1774 2178 1840 2206 ibid.

974 2222 1128 2255 Fanenfia,
1151 2223 1197 2251 vel
1219 2221 1364 2250 Fainenfia
1381 2219 1428 2249 vel
1452 2216 1618 2248 Phainenfia
1639 2215 1685 2245 vel
1706 2215 1842 2244 Fenenfia

977 2260 1282 2329 Iialgistagjlgnsularibus
1296 2305 1354 2325 non
1371 2301 1433 2325 tuto
1449 2293 1602 2323 fidendum.
1667 2293 1704 2321 Π.
1728 2258 1842 2322 nov}

975 2337 1085 2368 Fatales
1104 2338 1198 2371 casus,
1220 2336 1316 2365 fatalia
1340 2336 1458 2368 damna,
1481 2342 1542 2370 quae
1565 2331 1777 2368 inprudentibus
1795 2340 1841 2360 ac-

1012 2376 1128 2411 cidunt,
1149 2376 1204 2405 ssve
1218 2384 1279 2413 quae
1300 2374 1376 2403 nulla
1393 2372 1542 2412 prudentIa
1558 2371 1670 2408 poss‘unt
1687 2370 1797 2398 evitari.
1817 2371 1840 2398 I.

975 2454 1005 2482 de
1023 2454 1094 2482 Fato
1118 2453 1245 2482 doctrina
1266 2451 1402 2489 Jctorum
1427 2449 1526 2478 eadem
1539 2468 1550 2483 ,
1570 2455 1631 2485 quae
1652 2415 1840 2520 Phiffqspsffhg:

1013 2500 1084 2520 rum.
1785 2507 1791 2513 .
1813 2495 1840 2514 ιι.

974 2529 1097 2567 Ferienfia
1113 2529 1234 2558 metalla.
1255 2528 1322 2556 Vid.
1343 2526 1484 2556 Fanenfia.

975 2570 1065 2601 Ferae,
1080 2569 1167 2596 modo
1183 2568 1296 2596 domitae
1314 2565 1340 2594 δι
1357 2567 1385 2594 in
1401 2565 1529 2594 dominio
1546 2563 1613 2596 sint,
1626 2560 1840 2599 quadrupedum

1013 2607 1158 2635 vocabulo
1174 2607 1354 2635 continentur
1369 2606 1396 2632 in
1413 2606 1447 2633 L.
1467 2604 1531 2632 xii.
1554 2603 1649 2631 Tabb.
1726 2604 1790 2636 336.
1812 2602 1837 2628 b.

976 2646 1069 2674 Perias
1092 2645 1330 2674 extraordinarias
1352 2643 1456 2671 dabant
1478 2641 1606 2670 Praesides
1625 2639 1839 2669 Provinciarum

1012 2684 1151 2712 adventus
1171 2684 1210 2712 sui
1230 2682 1391 2711 celebrandi
1408 2680 1506 2709 caussa.
1742 2685 1789 2711 49.
1810 2677 1836 2704 b.

974 2724 1089 2752 Ferrum
1105 2723 1248 2751 Indicum.
1731 2722 1794 2749 105.
1811 2724 1839 2743 a.

974 2761 1200 2790 Fidcicommiffa
1214 2768 1302 2798 poenae
1318 2758 1434 2787 nomine
1450 2764 1509 2784 non
1524 2754 1596 2783 reete
1615 2752 1683 2781 olim
1701 2752 1840 2790 relinque-

1011 2802 1124 2828 bantur.
1590 2799 1657 2826 447·
1678 2792 1703 2819 b·
1725 2798 1790 2826 457.
1811 2801 1839 2820 a.

976 2841 1005 2868 in
1020 2836 1249 2883 Fideicommissis
1267 2834 1329 2873 plus
1350 2833 1446 2867 licuit,
1466 2840 1549 2870 quam
1568 2829 1839 2896 hereditatibusllpgl

974 2878 1261 2944 Fitllteffgiiimiss‘orum
1281 2912 1372 2948 origo.
1727 2877 1841 2941 203².za:

973 2952 1226 2984 Fideicommiffiim
1242 2951 1278 2978 ab
1293 2959 1343 2982 eo,
1358 2949 1408 2985 qui
1424 2955 1514 2983 neque
1539 2947 1659 2979 liberos,
1683 2953 1775 2981 neque
1791 2953 1839 2973 co-

1009 2999 1110 3029 gnatos
1121 2992 1220 3024 babet,
1231 2987 1409 3026 praesentibus
1424 2987 1520 3015 amicis
1542 2985 1638 3013 datum
1653 2983 1710 3012 fine
1725 2983 1780 3012 alia
1796 2983 1838 3012 so-

1014 3032 1160 3060 lemnitate
1175 3037 1224 3057 cur
1241 3026 1344 3056 valeat.
1743 3029 1790 3057 45.
1809 3023 1836 3052 b.

974 3069 1232 3098 Fideicommittere
1247 3065 1315 3094 olim
1329 3071 1399 3093 nutu
1412 3069 1542 3102 poterat,
1552 3061 1600 3098 qui
1615 3066 1727 3098 poterat
1741 3060 1838 3097 loqui,

1012 3107 1057 3136 sed
1067 3108 1105 3135 ob
1117 3105 1355 3143 supervenientem
1366 3104 1495 3131 morbum
1505 3100 1719 3137 impediebatur.
1733 3106 1800 3134 275.
1813 3109 1839 3127 α.

1075 3152 1131 3173 non
1155 3149 1267 3180 poterat
1290 3148 1383 3170 mutus
1407 3149 1507 3169 natura
1529 3139 1608 3173 talis,
1630 3138 1687 3168 five
1711 3137 1788 3171 casu,
1812 3136 1840 3165 δε
1878 3162 1883 3165 .

1009 3183 1076 3219 quid
1093 3184 1166 3210 circa
1182 3183 1240 3209 haec
1254 3181 1315 3215 jure
1334 3188 1412 3208 novo
1427 3179 1460 3207 fit
1479 3177 1670 3209 constitutum.
1727 3175 1793 3204 ibid.
1815 3176 1841 3202 b.

974 3218 1212 3287 Fidumriaizuffio
1229 3226 1277 3252 27-
1295 3218 1363 3256 Sept.
1387 3221 1470 3253 1614.
1582 3217 1620 3246 11.
1641 3223 1707 3251 217.
1728 3216 1752 3244 b.
1774 3220 1844 3279 3⁰15).-

1187 3267 1200 3287 r
1220 3266 1232 3286 r
1252 3265 1269 3285 2
1824 3260 1848 3279 s<
