2008 3436
0 0 4 55 l

0 61 3 108 i

0 134 3 183 ἑ
337 137 428 177 DE
499 129 697 171 roRo
772 125 1304 176 LEGATORUM‚
1355 132 1394 169 e.
1447 133 1534 175 xv‚·—

1749 134 1822 178 a&

1121 266 1218 304 XV.

686 357 740 394 De
769 357 946 395 Comicihm
969 357 1182 404 Legatorum.

0 205 3 246 ᾧ
660 265 1023 307 CAPUT

139 471 171 503 ui
199 471 320 513 legatos
348 465 541 499 comitantur
558 488 569 504 ,
606 463 708 505 iisque
736 463 774 495 ab
800 463 910 496 officio

0 509 1 556 i
155 512 246 551 sunt,
269 517 424 542 vocantur
442 508 557 538 comites
570 528 581 545 ,
604 513 639 536 ut
658 504 787 545 scribae,
812 506 909 537 medi-

0 573 1 579 ,
148 555 196 595 ci,
228 549 407 592 aruspices,
440 548 471 580 ὃς
496 547 632 588 reliqui,
664 556 744 594 quos
769 546 910 579 recenset

0 588 1 607 ³
41 597 173 631 Tullius
193 595 281 627 Orat.
305 601 335 633 3.
361 591 394 621 in
410 590 501 622 Verr.
548 589 593 622 Hi
611 598 700 629 parl,
723 598 788 630 quo
801 589 908 630 legati,

42 640 111 681 jure
135 633 251 669 censeri
279 632 430 664 videntur
446 632 479 663 in
497 631 519 663 l.
543 641 571 672 7.
590 630 633 673 ff.
655 632 693 662 acl
717 631 759 662 L.
784 621 852 672 Jul.
877 631 910 662 de

38 682 74 713 vi
84 678 167 721 publ.
191 676 221 709 δε
246 674 371 717 paffim,
394 682 459 706 non
486 681 609 705 tantum
636 672 836 715 legatorum,
861 671 912 704 sed

98 719 240 752 omnium
262 715 507 758 Magistratuum
531 714 687 753 comites,
709 713 822 745 eodem
838 723 911 746 cum

40 722 89 796 gs
104 759 277 804 privilegio
297 759 343 789 uti
369 755 508 788 Gentilis
532 755 682 797 probavit
698 757 732 787 de
749 755 908 798 Legation.

39 804 112 839 Lib.
138 801 178 835 ΙΙ.
206 802 239 834 C.
268 809 316 841 15.
362 797 460 831 Certe
485 797 572 839 quod
599 797 637 829 ad
664 797 839 829 leoeatorum
858 806 911 828 co-

39 846 136 878 mites
163 844 195 876 id
212 843 329 883 ubique
347 839 489 872 moribus
513 848 586 871 rece
612 848 679 871 tum
694 822 799 870 sertui·
811 861 822 877 ,
845 838 910 870 vid.

43 886 210 921 Huberum
225 886 259 916 de
278 883 355 925 Jure
375 882 468 914 civit.
495 882 564 913 Lib.
608 880 648 912 II.
674 879 750 912 seez.
773 890 803 921 4.
829 890 853 912 ε.
879 890 908 912 2.

42 938 74 960 n.
97 937 151 971 30.
182 927 225 960 Et
243 924 425 958 Hollandiae
442 923 576 955 Ordines
593 922 625 954 in
647 922 737 995 lege,
762 931 853 962 quam
873 921 911 952 dc

41 970 180 1002 tuitione
204 968 380 1010 legatorum
409 964 576 996 edixerunt
605 973 654 1001 29.
711 964 787 995 lart.
818 965 907 1002 1651.

42 1011 139 1043 ctiam
163 1018 273 1042 eorum
297 1007 432 1039 comites
458 1004 619 1046 complexi
645 1003 737 1043 sunt,
762 1004 909 1046 quodque

41 1051 82 1085 ‘de
103 1050 252 1095 legatisin
263 1048 375 1081 Edicto
390 1047 545 1079 Ordinum
556 1045 757 1078 Generalium
766 1055 795 1083 9.
821 1044 907 1086 Sept.

46 1097 136 1136 1679.
161 1091 310 1125 statutum
337 1087 402 1127 cst,
424 1088 520 1120 etiam
544 1087 582 1119 de
607 1087 779 1119 comitibus
799 1095 911 1118 eorum

41 1131 272 1177 (domestiquen)
298 1129 444 1163 statuitur
459 1153 469 1169 ,
504 1138 543 1161 ne
567 1127 689 1160 scilicet
716 1138 775 1171 pro
803 1128 912 1160 debito

41 1176 95 1208 hic
110 1173 275 1208 contrado
293 1171 428 1204 detineri
446 1170 580 1213 possent.
627 1170 716 1203 Servi
737 1170 770 1202 in
787 1168 910 1202 delittis

42 1216 109 1250 'ure
120 1217 264 1249 Romano
275 1213 481 1255 sequebantur
490 1213 667 1254 legatorum
678 1212 909 1252 conditionem,

64 1268 106 1291 oc
124 1257 188 1297 est,
211 1257 233 1289 si
250 1257 282 1288 in
311 1254 469 1296 legatione
491 1253 733 1295 delinquebant,
757 1253 909 1294 cogeban-

43 1309 96 1333 tur
110 1299 264 1340 iudicium
276 1297 387 1329 Romae
410 1296 478 1337 pati
495 1296 516 1328 l.
529 1306 579 1336 24.
604 1294 632 1337 §.
653 1305 678 1327 1.
698 1295 739 1337 ff.
755 1296 788 1326 de
804 1295 906 1336 Judic.

40 1342 93 1375 Ex
110 1338 358 1377 consuetudine,
404 1347 452 1369 uae
470 1347 555 1369 nunc
575 1337 656 1368 vicit
679 1337 760 1368 inter
779 1336 913 1374 Gentes,

41 1384 110 1416 veri
140 1382 263 1424 legati,
295 1389 358 1412 non
408 1378 599 1411 rovinciales
623 1379 653 1410 ὃς
676 1378 911 1421 Municipale's,

45 1425 152 1466 quales
171 1425 238 1456 fere
261 1422 371 1454 Romae
390 1442 401 1459 ,
430 1420 560 1452 domum
582 1427 736 1452 revocant
753 1444 762 1459 ,
795 1428 856 1452 tam
880 1419 913 1450 in

41 1465 274 1503 contractibus,
299 1472 392 1504 quarn
415 1461 546 1494 delictis.
594 1461 696 1503 Igitur
720 1461 750 1493 in
770 1462 912 1503 utrisque

43 1509 140 1540 ctiam
157 1507 289 1538 domum
305 1503 500 1536 revocabunt
515 1504 671 1542 comites,
694 1502 756 1535 five
768 1503 913 1544 majores,

42 1549 109 1582 five
128 1549 284 1586 minores,
309 1555 379 1578 nam
403 1546 433 1577 dt
457 1545 552 1585 lixae,
577 1544 733 1586 scoparii,
757 1544 913 1577 stabularii

43 1590 216 1633 sequuntur
241 1588 346 1621 forum
374 1587 489 1627 legati,
513 1596 549 1619 ut
577 1587 757 1628 quicunque
777 1586 913 1622 famulus

45 1632 188 1674 sequitur
209 1630 315 1663 forum
334 1628 399 1660 heri
416 1628 473 1661 sui.
517 1628 577 1661 Sed
605 1638 677 1660 cum
696 1628 743 1660 his
757 1639 821 1661 non
839 1637 914 1660 con-

44 1674 157 1712 venit,
193 1671 277 1712 quod
304 1670 399 1703 Curia
424 1669 610 1702 Hollandiae
639 1670 740 1702 edixit
764 1680 813 1711 25.
840 1669 910 1702 Ost.

41 1718 135 1755 1644.
161 1714 312 1755 (Placen.
337 1712 361 1744 I.
386 1711 409 1743 I.
434 1722 485 1743 22.
515 1712 573 1753 1.)
591 1720 679 1743 vetat
698 1711 820 1744 scilicet
837 1721 913 1750 eos,

39 1764 93 1798 qui
114 1766 130 1788 a
145 1755 317 1787 comitibus
344 1754 521 1795 legatorum
548 1753 580 1786 se
599 1752 688 1786 laesos
703 1753 765 1786 effe
781 1762 911 1796 putave-

41 1797 127 1838 rint,
151 1797 190 1829 ad
218 1797 393 1838 legatorum
424 1795 505 1827 aedes
531 1794 743 1834 concursum,
769 1796 913 1834 turbam,

39 1839 110 1876 'vim
126 1838 235 1871 facere
244 1861 255 1877 ,
269 1837 324 1880 fid
340 1835 364 1876 si
381 1838 444 1878 quis
459 1839 495 1868 ab
513 1838 558 1868 his
568 1836 626 1876 fibi
644 1838 787 1880 injuriam
807 1835 912 1878 effifa·

44 1880 122 1912 &am
142 1878 359 1922 existimaverit
377 1901 389 1917 ,
422 1888 465 1909 eos
493 1880 662 1910 conveniret
688 1880 764 1920 apud
793 1879 914 1910 Curiam

40 1921 230 1960 'Holla7zdiae,
248 1922 280 1952 in
319 1920 413 1951 evelle
429 1922 546 1953 iemami
554 1920 770 1962 Jbzcdemeeizen
787 1917 913 1962 afflasti·

41 1973 132 1996 neren
145 1965 211 1995 door
234 1964 268 1994 cie
296 1930 485 2003 {Danieftique
503 1961 653 1993 Dienaars
678 1972 740 1993 van
761 1961 915 2003 Ambaffa-

38 2006 126 2037 ‘deurs
139 2003 299 2047 eem'gfints
319 2004 512 2045 vcrongclykc
537 2010 564 2034 te
580 2004 696 2045 wesen,
720 2005 771 2035 dat
786 2005 820 2035 de
830 2004 913 2045 Jelve

41 2047 190 2089 gebduden
199 2046 250 2087 sal
258 2045 319 2087 sy'n
342 2046 589 2087 dienaangczancle
614 2046 679 2077 hem
693 2052 720 2076 ze
736 2046 915 2087 addrefferen

42 2097 104 2120 aaa
121 2089 177 2120 den
193 2087 280 2119 Hove
293 2109 302 2125 ,
327 2097 363 2118 en
378 2087 483 2118 aldaar
501 2093 527 2118 te
552 2089 720 2129 requireren
734 2093 801 2130 regn
816 2098 852 2119 en
864 2087 914 2129 ju-

36 2127 123 2172 stitie
137 2129 182 2160 als
197 2139 238 2160 na
252 2130 382 2160 behoren.
426 2128 605 2160 Secundum
631 2129 718 2167 haec,
741 2138 838 2170 quum
854 2130 916 2161 An-

42 2180 87 2203 no
112 2173 202 2211 1665.
236 2178 381 2211 ageretur
400 2169 440 2201 de
461 2170 621 2210 puniendo
645 2170 789 2209 comite,
823 2180 916 2212 quem

41 2211 97 2247 hic
113 2211 144 2243 se
159 2211 344 2252 assumpsisse
365 2211 490 2242 dicebat
513 2211 635 2252 legatus
655 2212 832 2252 Anglicus,
856 2222 912 2244 no-

42 2253 98 2286 stri
125 2252 189 2285 fori
214 2253 375 2284 hominem
397 2251 458 2283 esse
481 2252 662 2294 responsum
683 2253 729 2286 est
743 2254 825 2295 apud
844 2254 914 2286 Ait-

42 2303 134 2327 zema
161 2294 232 2326 Lib.
273 2292 393 2326 XLVI.
426 2299 459 2334 p.
491 2304 528 2325 m.
567 2297 636 2334 165.
673 2299 742 2326 166.
776 2295 807 2327 δε
844 2299 914 2336 167.

42 2345 231 2378 quamquam
249 2344 313 2367 non
337 2333 410 2366 satis
431 2335 472 2366 ibi
498 2335 674 2376 constaret,
699 2346 736 2368 an
755 2336 787 2368 in
805 2337 915 2368 officio

39 2377 141 2452 {9³5³st
171 2377 322 2418 Anglici,
354 2386 392 2409 an
419 2385 497 2408 vero
523 2376 680 2419 Principis
709 2377 839 2420 Orangii
870 2387 916 2411 es-

37 2423 42 2431 '
59 2427 102 2452 et.

87 2461 166 2500 Sed,
190 2459 342 2502 quicquid
359 2460 428 2500 ejus
443 2460 488 2492 rei
507 2459 544 2492 fit
556 2483 567 2499 ,
591 2460 840 2501 Jurisprudentia
857 2461 920 2493 Cu-

43 2502 100 2537 riae
123 2512 187 2534 non
206 2501 359 2533 convenit
377 2502 634 2543 jurisprudentiae
660 2503 834 2543 Gentium,
859 2513 920 2535 nec

44 2544 80 2577 in
109 2544 188 2575 hanc
211 2552 277 2574 rem
300 2543 482 2584 exemplum
506 2542 660 2575 sufficeret
675 2568 684 2584 ,
719 2545 809 2576 litem
834 2544 918 2586 quod

45 2585 104 2617 lite
121 2583 264 2616 resolvit.
309 2583 386 2616 Non
409 2584 506 2625 magis
524 2585 556 2617 id
570 2585 754 2625 probarem,
778 2595 868 2627 quam
886 2596 915 2618 a-

45 2625 114 2658 liud
130 2625 210 2666 apud
228 2624 390 2657 Gentilem
405 2626 438 2657 de
455 2627 533 2667 Jure
553 2627 631 2658 Belli
648 2627 719 2659 Lib.
746 2627 784 2659 ΙΙ.
811 2628 841 2660 &
857 2628 916 2660 Bo-

45 2667 156 2699 dinum
169 2667 203 2711 gie
217 2666 342 2706 Rapuit.
365 2667 433 2698 Lib.
458 2668 483 2699 Ι.
511 2668 544 2700 C.
565 2677 598 2708 5.
623 2678 686 2709 quo
702 2668 809 2701 servus
819 2669 914 2710 legati

40 2707 267 2749 'Hispaniarum
292 2707 386 2749 Regis
401 2709 434 2740 in
451 2708 557 2741 Gallia
577 2710 658 2742 liber
672 2710 829 2750 iudicatus
847 2709 912 2749 est;

45 2758 139 2791 quam
156 2748 289 2780 Senatus
303 2747 472 2782 Parisienfis
493 2749 679 2783 sententiam
703 2752 819 2783 merito
835 2761 913 2792 quo-

47 2800 110 2832 que
127 2789 254 2822 damnat
273 2788 463 2823 Kirchnerus
478 2791 509 2823 in
530 2792 645 2835 Legata
668 2793 737 2824 Lib.
763 2792 802 2825 ΙΙ.
832 2794 864 2826 C.
888 2793 912 2825 I.

46 2841 80 2864 n.
93 2841 175 2879 ι233.
223 2831 343 2863 Omnes
363 2831 536 2872 legatorum
562 2834 704 2867 homines
724 2836 805 2876 paris
824 2834 915 2873 sunt,

48 2881 139 2914 cujus
163 2872 278 2914 legati,
308 2871 517 2913 conditioniS,
549 2883 612 2908 tam
634 2876 718 2917 quod
741 2876 779 2908 ad
807 2876 913 2918 leges,
942 2880 944 2882 ’

39 2923 142 2956 ηυειω
167 2913 252 2955 quod
277 2913 316 2945 ad
343 2911 468 2953 forum,
498 2917 637 2957 exempti
664 2917 800 2959 Imperio
827 2919 915 2959 ejus,

40 2955 131 2997 *apud
147 2964 240 3000 quem
256 2954 386 2999 degunt.
403 2953 453 3000 ⁴Et
467 2955 522 2988 nisi
536 2966 702 2999 exemptos
715 2959 801 2991 dicas
813 2983 822 2998 ,
849 2961 916 2992 inu-

50 2997 118 3029 tilis
133 2995 178 3027 est
202 2994 376 3036 disputatio
401 3003 484 3027 inter
500 2997 650 3031 Austores
670 3000 751 3040 Juris
767 3000 913 3039 Publici,

49 3046 159 3069 utrum
178 3036 232 3077 ipfi
249 3038 374 3078 legato,
399 3046 438 3068 an
452 3036 610 3081 Principi,
633 3042 686 3082 qui
702 3041 802 3081 mifit,
826 3043 916 3083 Juris-

50 3078 150 3110 dictio
169 3086 332 3118 competat
350 3078 382 3109 in
407 3077 558 3111 familiam
582 3080 702 3122 legati?
723 3082 779 3115 fibi
796 3093 918 3126 arroga-

49 3120 101 3151 vit
130 3118 250 3151 Sueciae
286 3119 407 3159 legatus
431 3118 533 3160 Hagae
557 3121 649 3154 Anno
674 3127 765 3164 1644.
788 3126 920 3167 negavit

40 3160 151 3204 *Curia
176 3159 378 3198 Hollandiae,
400 3160 457 3192 nifi
479 3161 609 3194 dediss'et
632 3164 769 3205 Regina,
795 3167 826 3197 ὃ(
853 3176 920 3207 per-

51 3201 201 3234 mifill'ent
215 3201 414 3239 Ordines,ut
430 3201 474 3233 est
491 3203 523 3233 in
537 3203 682 3236 Aitzema
699 3206 769 3237 Lib.
793 3207 919 3240 XXIV.

43 3248 79 3285 p.
102 3253 140 3275 m.
166 3251 238 3283 791.
268 3243 298 3275 &-
328 3251 398 3283 792.
424 3242 454 3276 ἃ
481 3243 514 3276 in
539 3244 681 3286 Epistula
696 3246 777 3288 apud
791 3248 871 3280 Bort
888 3249 921 3280 cie

954 460 1088 503 Arrestis
1113 462 1145 494 C.
1169 461 1225 494 IV.
1250 473 1280 495 n.
1310 467 1357 506 14.
1404 463 1540 498 Grotius
1563 466 1597 497 de
1624 462 1702 507 Jure
1729 461 1765 498 B.
1788 460 1827 503 ὃ*

953 505 991 536 Ρ,
1017 504 1088 535 Lib.
1112 503 1151 535 ΙΙ.
1179 505 1212 535 C.
1242 510 1289 539 18.
1312 505 1340 547 §.
1366 511 1394 541 8.
1421 507 1452 539 id
1467 508 1602 550 pendere
1614 506 1825 541 existimarer<

953 545 1151 582 concessione
1166 546 1250 586 eius,
1274 548 1355 588 apud
1381 557 1473 589 quern
1491 550 1523 581 le
1546 557 1616 581 atus
1633 550 1717 591 agit,
1742 550 1827 590 quod

953 597 1019 632 non
1045 587 1165 619 invitus
1191 588 1418 630 concefferim,
1438 591 1495 623 'ubi
1521 559 1560 623 ἐς
1584 600 1677 632 poena
1699 590 1830 633 publice

954 627 1122 674 infligenda
1140 628 1244 661 sermo
1258 629 1304 661 est
1312 631 1385 670 ,vel
1402 632 1441 664 de
1480 642 1551 665 oena
1566 633 1715 674 capitali,
1730 636 1825 673 quam

954 679 1010 716 per
1028 672 1100 701 suos
1115 671 1264 711 privatim
1284 671 1442 714 infligeret
1473 683 1603 716 egatus,
1627 674 1777 715 exemplo
1793 683 1825 705 e-

956 721 1020 758 nim
1037 721 1133 753 grave
1148 711 1213 751 est,
1236 714 1267 745 in
1283 714 1412 746 alterius
1437 715 1483 747 Im
1495 716 1576 747 )erio
1594 716 1662 757 jura
1678 714 1827 756 Maiesta-

956 760 996 784 tis
1011 762 1170 785 exercere.
1220 754 1310 786 Unde
1328 756 1358 788 δε
1383 757 1454 798 Cap.
1481 725 1538 791 llll.
1562 757 1824 797 observavimus,

957 804 1048 836 quam
1066 805 1148 836 aegre
1167 795 1197 826 id
1215 798 1345 828 tulerint
1360 797 1471 830 Franci
1489 799 1519 831 in
1547 799 1667 841 Regina
1683 799 1828 837 Sueciae,

955 837 1036 878 apud
1056 836 1086 868 se
1100 837 1241 878 degente.
1287 839 1454 871 Modicam
1473 849 1577 872 autem
1595 841 1828 872 coercitionem

955 877 1061 919 legato
1077 887 1140 910 non
1156 878 1363 921 denegamus,
1387 888 1443 921 ut,
1469 882 1505 915 ad
1524 882 1706 924 exemplum
1722 882 1827 922 cujus-

955 928 1016 960 que
1032 919 1357 961 patrisfamilias,non
1373 923 1542 964 denegavit
1559 923 1708 956 Huberus
1723 931 1757 955 ae
1766 923 1827 965 Ja-

954 971 984 992 re
1010 962 1102 993 Civir.
1128 961 1198 993 Lib.
1231 962 1285 994 III.
1313 963 1388 996 Se&
1420 975 1450 1005 4.
1485 965 1516 997 C.
1544 974 1570 997 2.
1596 975 1625 997 n.
1650 961 1827 1013 30.'caque

955 1003 1058 1034 cuivis
1074 1003 1205 1034 docenti
1220 1005 1252 1035 in
1269 1003 1458 1046 discipulum
1474 1006 1518 1037 est
1533 1007 1677 1039 concessa
1694 1007 1715 1039 ba
1737 1015 1769 1048 5.
1794 1007 1825 1048 ξς.

954 1044 1009 1090 αἶς.
1025 1043 1068 1090 ff.
1095 1045 1133 1075 ad
1152 1044 1192 1076 L.
1218 1045 1324 1086 Aquil.
1369 1046 1430 1079 Sed
1446 1048 1708 1088 quemadmodum
1724 1049 1755 1080 in
1767 1049 1828 1079 cri-

955 1087 1092 1118 minibus
1117 1085 1315 1118 consuetudo
1333 1087 1413 1120 hanc
1440 1098 1505 1121 rem
1528 1089 1691 1128 finiverit,
1714 1089 1828 1121 deinde

955 1126 1106 1159 dicemus.
1161 1126 1213 1159 De
1235 1128 1456 1169 jurisdictione
1485 1130 1575 1162 civili
1602 1130 1624 1163 fi
1648 1139 1829 1172 quaeratur,

950 1178 1015 1210 ego
1033 1169 1064 1201 in
1090 1176 1195 1200 totum
1218 1180 1235 1201 a
1261 1168 1398 1211 GrotiO,
1425 1172 1455 1204 <Sc
1472 1181 1512 1204 ex
1529 1180 1618 1214 parte
1631 1181 1648 1203 a
1665 1171 1762 1204 Curia
1781 1182 1829 1203 re-

955 1209 1197 1249 cessei-immam
1214 1221 1287 1243 cum
1306 1212 1453 1245 obtinere
1462 1213 1627 1254 videatur,
1636 1213 1826 1254 iurisdietio-

954 1261 1027 1284 nem
1044 1252 1192 1292 civilem,
1211 1253 1297 1295 quod
1313 1254 1350 1286 ad
1364 1263 1510 1295 exteros,
1532 1255 1627 1287 etiam
1645 1257 1675 1287 in
1697 1256 1829 1287 alterius

955 1293 1093 1335 Imperio
1115 1294 1199 1326 recte
1222 1296 1362 1328 exerceri
1385 1296 1494 1339 poss'e,
1518 1305 1555 1329 ut
1573 1297 1719 1338 quotidie
1736 1306 1828 1329 exer-

956 1344 1029 1367 cent
1058 1335 1211 1368 Consules
1237 1337 1323 1378 quod
1349 1339 1387 1370 ad
1411 1339 1554 1370 homines
1576 1339 1637 1371 suae
1656 1338 1827 1379 Nationis,

955 1378 1039 1410 inter
1054 1377 1085 1409 se
1108 1377 1288 1419 litigantes,
1315 1378 1381 1420 ipse
1407 1387 1516 1421 putem
1531 1405 1541 1420 ,
1566 1381 1620 1412 ubi
1643 1381 1681 1412 de
1707 1380 1828 1413 familia

957 1419 1053 1460 legati
1071 1419 1194 1460 agitur,
1218 1420 1249 1451 id
1260 1430 1324 1452 non
1342 1422 1478 1462 pendere
1495 1432 1512 1454 a
1529 1422 1728 1454 conceffione
1740 1423 1828 1463 ejus,

956 1460 1038 1502 apud
1055 1470 1148 1502 quem
1162 1462 1227 1503 agit:
1243 1462 1383 1504 legatus,
1403 1462 1454 1495 sed
1469 1464 1556 1504 ejus,
1581 1465 1635 1506 qui
1653 1464 1753 1503 misit,
1773 1465 1828 1505 qui

956 1504 1076 1544 legatus
1092 1503 1222 1543 ejusque
1237 1502 1358 1535 familia
1370 1514 1434 1537 non
1449 1504 1520 1538 sunt
1537 1506 1714 1547 ejus,apud
1733 1513 1826 1547 quem

957 1553 1073 1586 agunt,
1096 1544 1237 1585 subditi,
1264 1544 1316 1577 sed
1339 1546 1405 1587 ejus
1422 1569 1433 1585 ,
1458 1547 1513 1588 qui
1539 1547 1621 1579 misit
1640 1559 1647 1579 :
1681 1548 1707 1580 is
1731 1548 1827 1589 igitur

957 1586 1023 1625 est,
1048 1587 1078 1618 ὃς
1103 1586 1129 1617 is
1154 1586 1258 1626 solus,
1284 1588 1337 1629 qui
1366 1588 1398 1620 in
1415 1598 1470 1620 eos
1487 1589 1738 1630 jurisdictionem
1755 1589 1830 1620 dai-e

956 1626 1071 1671 potest.
1118 1627 1226 1674 Quare
1240 1629 1283 1667 fi,
1306 1629 1358 1671 qui
1387 1630 1486 1670 misit,
1507 1630 1618 1669 -dedit,
1641 1631 1725 1663 recte
1740 1640 1829 1662 exer-

957 1679 1028 1709 cet,
1047 1669 1120 1710 quia
1134 1670 1165 1702 ld
1184 1670 1262 1702 nihil
1278 1671 1316 1702 ad
1334 1681 1423 1711 eum,
1441 1672 1523 1713 apud
1541 1682 1634 1713 quem
1653 1673 1738 1714 agit,
1759 1673 1828 1712 qui-

980 1722 1018 1744 ue
1039 1711 1118 1743 adeo
1133 1722 1197 1744 non
1225 1713 1324 1754 magis
1350 1722 1417 1745 eam
1447 1713 1696 1754 jurisdictionem
1712 1714 1744 1745 in
1762 1714 1830 1746 sub-

980 1755 1041 1786 itos
1063 1763 1126 1785 non
1152 1753 1224 1785 suos
1247 1754 1399 1795 impedire
1423 1756 1544 1796 poterit
1562 1780 1571 1795 ‚
1605 1765 1697 1797 quam
1722 1755 1830 1796 prohi-

955 1796 1047 1835 bere,
1080 1804 1120 1827 ne
1144 1795 1240 1836 legati
1265 1795 1476 1838 exsequantur
1500 1797 1621 1838 reliqua
1647 1797 1831 1839 Principum

957 1836 1085 1884 suorum
1100 1839 1264 1878 mandata,
1288 1847 1358 1879 quae
1375 1838 1412 1870 ad
1430 1837 1461 1870 se
1477 1838 1557 1870 nihil
1576 1839 1743 1880 quicquam
1763 1848 1830 1882 per-

958 1886 1071 1911 tinent..

1000 1921 1059 1953 Sed
1076 1921 1151 1962 quid
1167 1919 1190 1952 fi
1209 1920 1331 1962 legatus
1355 1920 1499 1954 subditos
1513 1921 1638 1953 nostros
1653 1921 1709 1953 sibi
1728 1922 1829 1953 comi-

959 1970 1006 1994 tes
1033 1963 1063 1994 &
1090 1961 1231 1993 famulos
1255 1961 1445 2002 adsciverit,
1468 1971 1505 1995 ut
1527 1963 1608 2005 saepe
1634 1962 1716 1995 solet
1741 1963 1830 2001 fieri,

958 2014 996 2036 an
1011 2003 1110 2035 adhuc
1125 2004 1287 2043 dicemus,
1312 2013 1368 2036 eos
1391 2003 1499 2037 forum
1524 2004 1621 2046 legati
1639 2004 1766 2041 sortiri,
1791 2015 1831 2038 an

958 2055 1037 2077 vero
1052 2045 1159 2077 nostro
1174 2044 1249 2076 foro
1266 2045 1422 2086 subjectos
1437 2047 1589 2078 manere?
1600 2045 1688 2087 Ipsos
1708 2047 1831 2088 legatos

958 2086 1048 2128 supra
1070 2087 1251 2118 dicebamus
1277 2086 1385 2118 forum
1405 2097 1470 2120 non
1491 2095 1631 2127 mutare,
1655 2087 1677 2120 fi
1697 2096 1769 2120 ante
1787 2088 1831 2120 le-

958 2129 1118 2171 gationem
1146 2127 1263 2160 subditi
1286 2127 1381 2160 nostri
1407 2128 1538 2161 fuissent
1559 2151 1570 2168 ,
1601 2130 1705 2161 multo
1731 2131 1831 2171 magis

958 2171 1058 2212 igitur
1083 2170 1115 2202 id
1136 2170 1175 2202 de
1202 2179 1313 2202 eorum
1330 2169 1451 2202 Officio
1469 2170 1635 2202 videbatur
1650 2171 1831 2203 dicendum..

959 2212 1019 2245 Sed
1045 2221 1121 2244 vero
1148 2220 1184 2243 ut
1203 2219 1316 2243 contra
1341 2210 1510 2244 statuamus
1525 2235 1537 2251 ,
1560 2213 1662 2255 exigit
1686 2212 1829 2244 Familiae

959 2254 1124 2293 conditio,
1149 2263 1217 2294 quae
1239 2252 1307 2284 haec
1324 2252 1388 2294 est,
1413 2262 1450 2285 ut
1465 2263 1594 2294 omnes,
1620 2263 1689 2295 quze
1707 2254 1744 2285 ad
1761 2264 1830 2285 earn

958 2296 1138 2338 pertinent,
1163 2294 1370 2335 subjiciantur
1396 2294 1472 2327 foro
1495 2295 1731 2336 patrisfamilias
1748 2319 1758 2335 ,
1784 2303 1830 2327 at-

959 2347 1020 2379 que
1044 2337 1122 2369 adeo
1138 2344 1173 2368 ut
1189 2336 1328 2369 famulus
1347 2345 1428 2377 quot
1444 2336 1536 2369 heros
1552 2336 1664 2369 divcrfi
1679 2335 1743 2368 fori
1759 2336 1829 2368 fue-

961 2379 1002 2411 rit
1018 2379 1143 2417 naCius,
1163 2378 1300 2409 totidem
1316 2378 1382 2418 ipse
1399 2377 1478 2409 foris
1495 2377 1688 2418 subjiciatur.
1734 2378 1828 2410 Sena-

962 2421 1042 2452 toris
1066 2419 1206 2452 famulus
1231 2418 1340 2450 forum
1365 2419 1524 2451 Senatoris
1545 2419 1693 2461 sequitur.
1740 2419 1826 2451 Curn

961 2460 1166 2503 Magistratus
1195 2460 1346 2502 Haganus
1366 2459 1521 2492 famulum
1545 2461 1707 2492 Senator-is
1734 2460 1770 2491 ad
1795 2459 1827 2492 se

961 2503 991 2534 in
1008 2503 1057 2543 jus
1070 2502 1227 2540 vocasset,
1252 2501 1300 2539 ei,
1323 2501 1376 2542 qui
1402 2501 1564 2543 Supremae
1585 2501 1692 2533 Curiae
1714 2511 1762 2533 res
1780 2501 1828 2542 ju-

960 2544 1078 2576 dicatas
1105 2542 1307 2584 conscripsit,
1333 2543 1434 2584 Decz’s.
1462 2553 1531 2585 117.
1557 2544 1589 2575 in
1610 2551 1747 2575 mentem
1772 2553 1827 2574 ve<

960 2584 1129 2625 nit‚·laesae
1153 2583 1335 2625 Majestatis
1362 2585 1482 2617 crimen
1510 2595 1527 2616 a
1553 2584 1743 2625 Magistratu
1766 2584 1830 2616 ess'e

959 2626 1158 2659 commissum
1181 2635 1222 2657 ex
1245 2626 1266 2658 l.
1291 2635 1321 2667 3.
1341 2626 1381 2667 ff.
1408 2627 1446 2657 ad
1464 2627 1484 2658 l.
1509 2626 1577 2668 Jul.
1603 2625 1726 2669 Majest.
1751 2635 1788 2657 ac
1803 2626 1828 2658 fi

957 2669 1101 2710 privatus
1120 2677 1179 2709 pro
1201 2668 1360 2708 potestate
1385 2667 1618 2710 Magistratuve
1633 2668 1709 2709 quid
1724 2666 1826 2699 sciens

956 2710 1034 2742 dolo
1052 2709 1137 2741 malo
1155 2709 1297 2751 geffiffet.
1345 2708 1443 2753 Quod
1466 2709 1512 2741 est
1528 2709 1581 2750 Jus
1607 2708 1715 2741 Civile
1739 2708 1824 2740 calu-

956 2752 1068 2784 mniari
1077 2774 1089 2790 ,
1110 2761 1175 2783 non
1191 2751 1255 2784 fine
1271 2761 1381 2792 magna
1397 2751 1525 2792 ineptia.
1572 2748 1748 2790 Majestatis
1764 2750 1824 2780 cri-

957 2802 1029 2825 men
1045 2793 1228 2832 committi,
1242 2792 1265 2825 fi
1281 2794 1350 2834 quis
1368 2792 1406 2823 ad
1429 2791 1536 2824 forum
1554 2801 1618 2832 non
1639 2797 1825 2831 competens

957 2843 1094 2867 vocetur
1113 2859 1123 2874 ,
1157 2834 1332 2866 inauditum
1357 2832 1484 2874 prorsus
1509 2832 1564 2864 est.
1618 2830 1670 2863 Ne
1694 2832 1795 2863 dicam
1814 2853 1826 2869 ,

961 2876 1082 2909 causam
1097 2876 1162 2908 fori
1178 2875 1391 2917 competentis
1402 2873 1445 2906 ibi
1462 2873 1597 2916 potuisse
1610 2872 1670 2904 esse
1685 2872 1825 2911 dubiam3

962 2917 1015 2950 sed
1035 2919 1098 2950 hoc
1121 2918 1183 2958 jam
1207 2926 1271 2948 non
1288 2917 1418 2958 agimus.
1464 2913 1618 2959 Quamvis
1641 2915 1760 2955 igitur,
1786 2923 1824 2945 ut

959 2960 1045 2999 dixi,
1070 2958 1212 2991 subditus
1229 2957 1334 2990 noster
1349 2956 1468 2994 fuerit,
1483 2957 1536 2997 qui
1553 2964 1637 2987 nunc
1653 2953 1698 2987 est
1713 2955 1744 2988 in
1757 2953 1825 2987 offi-

959 3001 1012 3033 cio
1039 3000 1133 3042 legati
1152 3021 1164 3038 ,
1194 3009 1213 3031 a
1237 2998 1430 3039 subJectione
1452 2996 1557 3029 nostra
1585 2997 1742 3028 eximetur
1758 3019 1768 3036 ,
1794 2997 1825 3029 ὅς

961 3042 1101 3075 transibit
1114 3041 1146 3072 in
1163 3039 1271 3072 forum
1289 3039 1393 3080 legati.
1439 3038 1551 3070 Homo
1567 3037 1802 3071 Ecclesiasticus
1813 3061 1824 3076 ,

962 3084 1071 3118 Svlvae
1094 3081 1196 3114 Ducis
1218 3089 1328 3119 natus,
1353 3079 1493 3111 Thuano
1509 3103 1520 3119 ,
1553 3079 1659 3121 legato
1683 3079 1824 3112 Franciae

963 3120 1029 3156 erat
1053 3134 1071 3155 a
1099 3122 1249 3160 Divinis3
1273 3130 1348 3163 cum
1369 3120 1490 3162 legatus
1514 3121 1575 3161 jam
1601 3122 1632 3153 in
1662 3121 1825 3153 Franciam

964 3164 1153 3203 recessisset,
1185 3164 1216 3195 &
1240 3163 1318 3202 ille,
1351 3171 1498 3204 tanquam
1524 3163 1619 3204 legati
1643 3162 1826 3204 Domesticzrs
1877 3203 1881 3205 Π

965 3206 1027 3248 (ut
1052 3204 1197 3245 vocant)
1226 3204 1258 3235 in
1283 3203 1438 3245 Ordinum
1466 3202 1668 3236 Gener-alium
1688 3204 1826 3245 Imperio

966 3248 1120 3286 haereret,
1146 3246 1177 3279 ὃς
1196 3255 1263 3278 rem
1286 3245 1426 3280 divinam
1447 3254 1552 3287 ageret
1566 3268 1577 3285 ‚
1612 3246 1706 3279 Anno
1736 3248 1795 3277 166
1802 3253 1833 3275 ι.

1783 3295 1832 3326 ap-
