2008 3436
196 124 389 162 OPUSC.
440 117 513 159 DE
565 119 708 170 JURE
757 117 1092 156 OCCIDENDI
1144 118 1396 154 LIBEROS
1448 113 1564 155 CLX
1594 121 1635 154 X.

57 206 160 238 uidem
181 203 422 238 misericordiam
439 226 450 242 ‚
476 202 572 235 facile
598 201 760 243 quisquam
783 198 896 240 ample-

34 251 50 280 ὁ
67 256 136 279 atur
153 272 164 286 ‚
196 247 322 289 praemia
346 244 367 276 fi
399 245 518 283 tollas3
545 243 630 276 nulla
655 240 722 283 spes
746 240 866 281 praemii
885 263 895 279 ,

33 290 119 322 nulla
133 289 248 321 laboris
259 310 270 326 ‚
290 287 312 320 fi
327 286 487 318 educatori
503 287 533 318 in
548 282 727 326 expositos,
749 281 786 312 ad
803 281 894 312 liber-

33 339 132 362 tatem
151 330 398 371 proclamantes,
418 327 497 359 nihil
515 327 591 367 juris
616 322 753 366 supersit.
800 321 898 368 Quod

32 372 242 413 Imperatores
269 369 505 402 Valentinianus
519 391 529 408 ,
561 366 677 399 Valens
694 387 706 404 ,
729 363 760 395 &
775 361 898 394 Gratia-

33 422 92 446 nus
121 413 152 446 in
184 414 205 446 l.
228 422 257 454 7.
293 411 323 443 C.
357 411 389 441 de
426 409 515 450 Curfic
536 408 617 449 publ.
646 405 704 437 alia
734 403 898 436 occasione

33 454 302 491 provincialibus,
327 460 384 493 pro
401 449 453 482 sua
469 449 672 486 liberalitate,
698 444 899 483 concedunt,

35 505 70 527 ut
88 505 200 537 nempe
206 493 317 536 stercus
335 493 459 524 habeant
469 497 522 531 pro
531 490 585 530 suo
594 489 701 530 Jblatz'o
713 511 723 525 ‚
745 487 794 526 id,
819 486 840 518 si
860 486 899 517 ri-

32 538 106 570 dere
122 539 220 575 libet,
242 535 335 566 etiam
351 531 537 573 justinianus
555 529 742 562 concesserit
763 529 897 568 ejusmo-

33 580 65 612 di
89 578 244 611 infantum
267 573 498 607 collectoribus.
553 572 630 611 Sed,
661 570 746 612 quod
770 573 800 602 ot
823 569 898 600 alias

35 621 164 657 monui,
188 618 281 649 etiam
299 616 350 647 hic
367 624 477 646 verum
495 613 557 653 est,
583 613 615 646 in
629 611 796 655 posteriori
816 619 900 642 nem-

35 671 74 704 pe
89 657 335 702 Jurisprudcntia
351 655 390 687 de
405 656 526 688 ratione
537 678 548 694 ,
568 664 628 696 qua
647 653 772 686 defendi
790 651 900 694 possit,

36 711 100 736 non
118 710 180 733 tani
191 699 328 732 sollicite
348 697 409 729 effe
428 697 640 729 laborandum.

78 742 190 776 Omnis
205 749 309 772 autern
326 740 393 771 haec
411 737 584 779 disputatio
608 738 646 769 de
662 737 730 778 jure
749 735 902 774 dominii,

37 785 88 818 vel
104 782 279 825 deperditi,
305 781 356 812 vel
382 779 522 821 acquisiti
534 803 545 819 ‚
575 780 614 811 de
634 789 694 821 qua
709 778 753 810 est
771 776 902 810 secunda

36 836 104 870 pars
131 827 161 857 h.
187 825 208 856 l.
231 834 259 855 2.
294 823 373 854 nihil
398 822 563 862 quicquam
593 821 729 863 pertinet
756 820 793 851 ad
813 819 900 859 vigo-

35 877 101 902 rem
131 867 268 909 publicae
294 863 504 904 Disciplinae‚
537 871 632 903 atque
661 862 739 893 adeo
764 860 841 892 nihil
864 859 901 890 ad

37 918 105 942 eam
127 917 194 940 rem
212 931 222 947 ‚
253 906 292 937 de
307 915 366 946 qua
387 913 445 936 nos
463 905 638 944 quaeri'inus.
683 903 734 935 Eo
750 902 902 933 duntaxat

37 950 175 992 pertinet
204 957 274 989 pars
302 948 400 988 prima
428 948 455 977 d.
485 946 505 977 l.
530 955 557 977 2.
591 953 659 985 quae
689 953 771 974 ioena
788 951 874 974 certa
891 964 901 980 ,

40 994 70 1025 ὁ(
94 991 222 1033 capitali
248 988 370 1029 quidem
384 1010 394 1026 ‚
425 986 618 1026 expositores
638 985 666 1015 in
685 993 793 1015 autum
814 986 902 1015 coer-

36 1042 110 1072 cet,
135 1035 165 1066 δι’,
187 1035 410 1073 quoscunque,
430 1028 460 1059 ni
480 1026 594 1072 fallor,
617 1025 829 1066 expolitores,
850 1034 902 1056 ne-

61 1084 100 1106 ue
125 1075 228 1111 enim,
255 1070 395 1111 quamvis
416 1069 455 1100 de
470 1068 668 1109 soboleagat,
694 1075 766 1098 cum
783 1066 902 1107 Jacobo

73 1114 246 1148 othofredo
260 1121 326 1143 eam
350 1110 509 1142 retulerim
538 1109 574 1140 ad
600 1108 683 1140 solos
701 1115 804 1149 patres
824 1108 902 1139 Com-

37 1162 123 1189 ment.
147 1155 188 1189 ad
210 1155 238 1185 d.
261 1154 282 1185 l.
303 1162 333 1185 2.
357 1152 389 1183 C.
417 1150 471 1184 Th.
493 1152 528 1182 de
549 1148 680 1192 Expofic.
710 1158 746 1181 ac
764 1149 786 1182 fi
800 1149 900 1181 domi-

1738 122 1805 162 aar

940 198 988 230 nis
1009 197 1040 228 ἀ
1066 197 1207 237 patronis
1230 196 1301 238 post
1327 207 1394 229 eam
1425 198 1466 229 L.
1488 199 1588 231 adhuc
1606 198 1741 231 licuisset
1760 205 1813 227 ex-

940 246 1058 281 ponere
1084 235 1192 284 servos
1218 240 1248 269 ot
1272 238 1428 276 libertos,
1449 239 1511 271 line
1527 240 1645 273 offensa
1662 236 1812 279 Discipliw

940 289 988 326 na:
1005 277 1159 320 publicae,
1184 278 1293 310 amisso
1308 286 1430 311 tantum
1446 280 1515 319 jure
1534 280 1608 320 suo,
1631 282 1695 313 sive
1712 278 1811 311 domi-

940 331 1007 359 nii,
1030 319 1093 351 five
1109 328 1303 361 patronatus.
1349 319 1526 362 Desbbole,
1549 331 1658 354 verum
1680 321 1742 359 est,
1764 320 1811 351 lo-

941 369 1080 402 quuntur
1110 362 1318 402 imperatores
1336 385 1346 401 ‚
1378 361 1429 393 sed
1456 372 1519 394 non
1549 363 1633 402 alia,
1669 363 1783 403 opinor
1802 383 1812 398 ,

940 402 1047 450 causa,
1069 412 1159 449 quam
1178 403 1261 444 quod
1279 403 1311 435 in
1334 404 1491 444 patribus,
1528 403 1565 435 ad
1580 403 1749 444 egestatem
1768 411 1814 432 re—

939 444 1058 483 dac‘tis,
1091 454 1190 483 major
1217 444 1290 476 mali
1314 446 1435 484 metus,
1469 454 1560 486 quam
1579 446 1609 476 in
1625 445 1762 476 dominis
1783 445 1813 472 δε

940 487 1103 527 patronis,
1123 484 1190 517 fere
1209 486 1475 526 opulentioribus.
1523 486 1609 530 Quin
1629 485 1770 522 domini,
1794 483 1816 514 liv

942 537 989 574 res
1009 526 1136 569 angusta
1152 527 1238 558 domi
1261 536 1388 568 urgeat,
1413 538 1524 560 vernas
1536 528 1646 569 potius
1667 525 1811 557 venditu-

941 578 987 606 ri,
1019 578 1111 615 qua—m
1136 577 1175 599 ex
1201 568 1309 600 osirin-i
1333 568 1413 602 sunt.
1459 569 1574 607 Addo,
1599 579 1638 601 ne
1666 567 1812 610 quidem,

942 618 993 641 me
1018 610 1123 650 judice
1139 632 1150 648 ‚
1178 578 1250 650 fure
1275 611 1375 642 veteri
1400 611 1537 643 dominis
1562 609 1683 642 licuiffe
1707 608 1815 640 servos

943 659 1103 691 exponere
1121 673 1131 690 ,
1155 650 1320 692 postquam
1338 651 1461 685 scilicet
1478 653 1516 684 lis
1533 651 1734 684 interdictum
1750 648 1816 681 fuit

943 701 1008 724 non
1036 700 1158 724 tantum
1184 692 1291 725 servos
1318 694 1482 732 occidere,
1502 693 1552 726 sed
1569 694 1621 726 vel
1643 694 1674 725 in
1695 701 1751 723 eos
1771 689 1816 721 ul-

944 740 992 764 tra
1006 734 1135 779 modum
1157 732 1288 769 saevirez
1319 744 1378 766 nec
1394 736 1476 767 enim
1498 736 1648 775 majorem
1669 731 1815 773 intelligo

943 773 1096 821 saeyitiam
1112 797 1123 813 ‚
1150 785 1242 822 quam
1266 776 1408 816 domini,
1446 776 1570 809 servum
1595 774 1785 817 exponentis
1804 796 1813 811 ‚

944 825 1037 856 quia,
1067 824 1103 863 ut
1129 825 1173 848 ait
1204 817 1285 854 ille,
1320 819 1369 858 qui
1394 821 1513 858 exponit
1530 841 1540 856 ,
1563 827 1666 849 necare
1686 817 1814 847 videtur.

945 857 1061 889 Probat
1086 857 1117 889 id
1143 867 1269 899 quoque
1295 860 1446 900 exceptio
1466 882 1476 898 ,
1504 869 1573 901 quae
1602 859 1682 900 Juris
1699 857 1816 888 veteris

944 898 1010 937 est,
1036 907 1169 940 quaeque
1192 909 1256 931 non
1284 900 1376 931 aliter
1401 900 1507 933 servos
1525 909 1685 942 exponere
1703 897 1816 939 permi-

945 940 1001 979 sit,
1021 950 1126 987 'quam
1154 941 1174 972 si
1200 941 1286 981 gravi
1315 941 1499 974 infirmitate
1516 943 1678 979 laborent,
1701 941 1740 971 dc
1757 948 1817 980 qua

945 981 1048 1023 speeie
1065 982 1110 1031 est
1132 982 1151 1012 l.
1175 991 1211 1013 2:
1221 982 1261 1023 ff.
1293 981 1355 1030 „Qui
1378 982 1441 1022 siue
1472 983 1633 1024 maniciwsls.
1660 984 1697 1014 (ch
1717 983 1815 1012 libert.

942 1030 1063 1067 per-ven.
1085 1024 1114 1055 oc
1129 1024 1168 1069 de
1189 1033 1248 1064 qua
1264 1031 1358 1056 etium
1377 1024 1500 1056 exstant
1525 1026 1577 1056 alii
1600 1025 1734 1056 aliorum
1753 1021 1815 1053 Au-

944 1067 1068 1111 ctorum
1091 1065 1154 1096 loci
1179 1088 1187 1102 ,
1219 1074 1298 1105 quos
1314 1066 1365 1096 h÷c
1381 1076 1444 1097 non
1462 1065 1589 1104 adfero,
1610 1065 1680 1106 quia
1699 1073 1761 1095 non
1779 1063 1817 1093 de

944 1105 1041 1153 serVis
1052 1129 1063 1145 ,
1084 1105 1136 1138 sed
1154 1105 1192 1137 de
1210 1106 1318 1138 liberis
1333 1108 1485 1148 expositis
1501 1107 1604 1140 nostra
1621 1106 1666 1138 est
1682 1104 1816 1146 disputa·

946 1156 1004 1180 tio.

673 1245 1031 1283 CAPUT
1132 1246 1177 1282 X.

81 1346 220 1395 Frustra
244 1344 451 1381 azat‘zoritates
477 1349 606 1379 exteras
628 1341 778 1378 advocari·
805 1342 848 1378 ad
869 1342 1083 1389 probandam,
1112 1343 1189 1389 jure
1221 1341 1454 1377 Pandec‘larum
1471 1368 1482 1385 ,
1514 1339 1682 1388 infantum
1715 1350 1769 1374 ne·

726 1403 790 1457 cern
820 1390 861 1432 ὅ)
885 1390 1122 1438 expositionem.

93 1491 244 1534 uiperest,
265 1499 302 1524 ut
319 1489 519 1532 respondeam
545 1489 583 1522 ad
598 1488 801 1522 auCtoritates
817 1497 902 1522 exte-

119 1543 190 1574 ras,
212 1534 323 1576 quibus
337 1531 463 1564 defendi
487 1531 582 1564 video
595 1555 603 1570 ‚
631 1531 811 1572 permissum
827 1530 903 1564 fuis-

50 1587 68 1610 e
89 1576 232 1617 Legibus
258 1574 394 1615 antiquis
409 1597 419 1613 ,
449 1574 544 1605 etiam
565 1574 601 1605 ad
624 1582 722 1614 usque
737 1572 905 1614 Imperium

35 1616 274 1656 Valentiniani,
288 1615 428 1648 Valentis
441 1639 450 1654 ‚
464 1616 493 1647 δ(
504 1613 646 1646 Gratiani
663 1638 672 1653 ‚
683 1621 807 1655 partum
816 1623 904 1646 neca-

34 1669 86 1699 re,
122 1660 276 1700 abjicere,
306 1666 481 1698 exponere,
507 1659 622 1697 absque
641 1656 708 1688 ullo
728 1664 814 1687 metu
830 1655 905 1687 Vin-

35 1701 134 1734 di&ae
159 1701 304 1742 publicae.
349 1699 380 1732 Si
404 1708 444 1730 ex
467 1698 654 1730 austoritate
691 1697 772 1739 Juris
798 1706 847 1728 res
869 1696 906 1732 fit

35 1741 215 1776 definienda
232 1764 243 1780 ,
272 1750 338 1773 eam
355 1739 540 1772 sententiam
565 1739 690 1780 placere
713 1748 776 1770 non
802 1737 906 1780 poss'e,

34 1781 193 1817 consultis
212 1808 223 1824 ,
258 1793 326 1826 quae
350 1781 532 1824 supersunt,
549 1781 687 1822 Legibus
704 1780 780 1811 mihi
799 1779 907 1811 videor

36 1823 113 1860 fatis
139 1824 290 1866 superque
317 1823 483 1866 probaffe3
515 1832 573 1855 nec
602 1831 641 1854 ex
669 1821 716 1853 his
740 1821 908 1862 quicquam

37 1873 161 1910 repeto.
206 1866 267 1898 Sed
293 1866 384 1908 quia,
418 1865 471 1907 qui
494 1864 738 1902 contradicunt,
759 1872 820 1894 non
843 1870 907 1894 tam

38 1908 78 1941 ad
100 1906 225 1940 nostros
252 1907 414 1946 homines,
444 1916 538 1948 quam
551 1905 588 1938 ad
598 1905 789 1947 peregrinos
803 1903 905 1946 appel·

38 1950 127 1988 lant,
150 1957 187 1981 an
203 1950 232 1981 ὃ(
250 1951 281 1981 in
299 1949 345 1981 his
361 1949 528 1990 quicquam
546 1947 609 1979 illis
626 1946 662 1979 fit
679 1945 834 1987 praei'idii,
864 1945 907 1976 di-

39 1991 189 2033 ligentius
204 2000 288 2022 nune
307 1991 469 2031 inquiram.
516 1990 600 2022 Mox
626 1988 739 2026 audio,
768 1987 909 2018 moribus

39 2032 176 2073 antiquis
195 2031 343 2073 placuiss'e
356 2055 366 2070 ‚
389 2039 512 2073 partum
529 2039 637 2062 recens
656 2038 763 2062 natum
782 2028 812 2060 in
829 2037 910 2060 terra

40 2074 174 2115 deponi,
199 2083 258 2105 nec
272 2073 336 2104 alio
354 2073 438 2111 fine,
461 2082 553 2112 quam
577 2081 611 2102 ut
637 2069 844 2103 constitueret
859 2078 910 2111 pa-

42 2123 114 2153 ter,
136 2114 276 2146 velletne
294 2122 415 2154 partum
436 2114 565 2148 tollere,
603 2111 777 2154 suscipere,
801 2112 831 2143 ὅ(
850 2111 910 2142 ale-

42 2165 96 2193 re,
119 2164 156 2186 an
177 2164 255 2186 vero
271 2156 445 2196 relinqueze
463 2177 474 2194 ,
505 2155 639 2196 abjicere
654 2177 665 2192 ‚
690 2155 720 2185 ἀ
739 2161 907 2193 exponere.

43 2197 95 2230 Eo
120 2194 301 2243 referuntur
323 2196 501 2228 locutiones
523 2196 664 2238 quaedam
685 2204 727 2226 ex
744 2193 911 2227 Comoedia

42 2247 143 2284 veteri
165 2237 247 2277 apud
261 2237 469 2276 Terentium,
494 2238 656 2277 aliosque,
677 2237 796 2269 ufitatae
815 2235 911 2266 etiam

44 2279 132 2320 JCtis
160 2278 294 2318 nosti-is,
326 2279 379 2310 ubi
398 2286 495 2319 agunt
519 2279 556 2309 de
572 2279 671 2309 liberis
697 2278 851 2315 tollendis,
860 2275 911 2316 fic—

35 2321 217 2363 stipiendis,
246 2320 276 2352 ἃ
301 2319 322 2352 fi
341 2319 414 2361 quid
432 2317 477 2350 est
493 2319 657 2359 ejusmodi.
701 2317 849 2360 Agnosco
868 2316 910 2349 sa-

42 2371 81 2394 ne
99 2359 235 2402 priscum
253 2361 348 2393 ritum
368 2360 496 2392 infantis
513 2361 544 2392 in
568 2369 649 2392 terra
665 2359 818 2401 depositi,
842 2367 912 2391 nam

45 2402 128 2448 hunc
145 2403 273 2443 plurimi
291 2412 332 2434 ex
350 2401 471 2433 Graecis
493 2401 523 2433 ἃ
547 2401 697 2433 Romanis
723 2400 914 2432 Auetoribus

45 2443 240 2489 tradiderunt
253 2467 263 2482 ‚
280 2443 330 2476 sed
350 2443 421 2475 idco
441 2442 616 2484 depositum
637 2441 746 2481 fuiss'e,
772 2449 808 2473 ut
825 2449 914 2482 pater

47 2493 104 2527 pro
126 2485 270 2517 arbitrio·
285 2485 336 2517 vel
353 2484 481 2516 tolleret
500 2484 550 2516 vel
567 2484 781 2525 relinqueret,
803 2492 843 2514 ex
862 2491 915 2514 ve-

48 2526 106 2558 teri
139 2527 291 2558 memoria
315 2525 454 2558 nondum
493 2524 564 2557 satis
595 2525 686 2566 potui
724 2524 914 2564 intelligere.

48 2567 146 2605 Sunt,
170 2568 224 2608 qui
242 2568 427 2609 perhibent,
450 2575 557 2608 partus
578 2567 608 2598 in
627 2574 708 2598 terra
722 2565 816 2598 fuiss'e
832 2566 914 2597 loca-

49 2615 122 2655 tos,
155 2608 242 2654 quod
270 2609 370 2640 Terra
387 2608 485 2640 fuerit
510 2607 652 2640 Deorum
671 2607 764 2640 Alma
778 2607 886 2639 Mater
904 2627 916 2644 ‚

48 2658 159 2689 quuS,
189 2649 220 2680 id
246 2650 382 2691 agendo,
413 2659 505 2691 opem
533 2649 663 2684 Veteres
680 2648 914 2690 implorabant,

49 2691 81 2723 &
110 2688 180 2721 sunt
203 2712 213 2727 ,
244 2691 297 2731 qui
324 2701 386 2723 non
405 2692 465 2723 alia
487 2690 576 2722 causa
596 2691 626 2722 id
644 2689 761 2722 facturn
778 2696 891 2731 putant
904 2709 916 2726 ‚

52 2740 146 2772 quam
174 2738 207 2761 ut
228 2737 330 2777 portur
353 2733 548 2773 auspicaretur
576 2730 754 2772 restare—ffb,
775 2731 861 2772 quod
885 2729 916 2761 &

52 2770 170 2805 Marco
190 2771 349 2818 'Terentio
370 2773 526 2812 Varroni,
556 2774 770 2806 Romanorum
784 2770 916 2804 dottisfi-

54 2823 130 2850 mo,
148 2811 266 2859 'Visum
290 2814 343 2845 eil.
387 2814 562 2856 Utriusque
576 2814 738 2848 sententiae
762 2814 916 2846 Austores

54 2862 189 2893 reperies
207 2853 288 2895 apud
303 2854 495 2895 Alphonsurn
519 2866 536 2888 a
552 2855 692 2888 Caranza
711 2857 745 2887 de
765 2856 863 2887 Parta
881 2855 913 2886 C.

57 2895 115 2927 IV·
142 2893 218 2926 Seft.
237 2894 258 2926 Ι.
288 2905 318 2926 n.
335 2899 363 2929 8.
395 2895 431 2931 &²
449 2897 531 2939 seqq.
553 2907 633 2938 quos
648 2897 711 2937 ibi,
736 2897 758 2929 fi
773 2905 915 2929 commo-

56 2936 130 2982 dum
147 2933 207 2981 est,
229 2935 334 2982 leges3
357 2935 409 2968 sed
424 2938 528 2983 nullus
542 2938 608 2978 est,
630 2939 714 2980 quod
731 2948 791 2980 ego
809 2937 914 2976 sciam,

57 2987 111 3023 qui
132 2978 253 3008 dixerit
269 3000 279 3016 ,
307 2977 440 3009 Veteres
462 2978 533 3010 ideo
561 2979 697 3012 infantes
717 2980 748 3012 in
765 2988 846 3011 terra
863 2979 916 3010 sta—

56 3017 149 3064 tuisse
164 3040 176 3056 ,
205 3026 242 3048 ut
265 3018 344 3057 patri
375 3017 508 3065 tollendi
531 3020 584 3052 vel
601 3021 766 3061 abjiciendi
780 3020 918 3061 potestas

56 3058 143 3090 esset.
189 3057 334 3099 Agnosco
352 3066 467 3098 etiam,
487 3060 602 3093 vetusti
624 3063 720 3094 moris
743 3061 856 3100 fuisse,
883 3069 919 3093 ut

57 3108 146 3141 pater
163 3109 286 3140 parturn
301 3109 408 3132 recens
422 3100 541 3132 editum
556 3124 568 3140 ,
588 3102 617 3134 ὅ(
633 3112 709 3135 mox
726 3104 759 3136 in
777 3112 858 3135 terra
874 3104 920 3135 lo·

56 3149 183 3178 catum,
215 3141 344 3187 tolleret
359 3164 369 3181 ‚
401 3140 586 3182 susciperet,
613 3141 756 3183 foveret,
778 3145 808 3176 &
826 3153 921 3184 agno-

58 3180 114 3213 sco
142 3182 322 3215 locutiones
337 3205 349 3221 ,
375 3183 413 3214 ab
436 3182 498 3214 hoc
519 3183 584 3214 ritu
609 3183 786 3224 derivatas,
819 3186 920 3216 adhuc

59 3220 232 3265 supereffe,
256 3222 308 3257 sed
323 3224 421 3258 velim
435 3222 516 3257 scire
525 3245 539 3264 ‚
554 3224 816 3271 quemadmodum
831 3235 872 3259 ex
882 3235 921 3257 eo

946 1487 1093 1531 sequatur
1111 1512 1121 1528 ,
1140 1485 1290 1533 >potuisse
1315 1488 1411 1521 etiam
1432 1495 1552 1530 patrem
1578 1485 1731 1527 eiusmodi
1750 1493 1819 1526 par-

947 1539 1014 1563 tum
1032 1539 1161 1570 necare,
1184 1529 1361 1571 projicere,
1384 1528 1572 1571 exponere?
1605 1524 1686 1569 apud
1706 1527 1819 1569 pleras-

946 1582 1006 1615 que
1030 1571 1151 1603 Gentes
1174 1580 1258 1603 nunc
1282 1580 1409 1613 quoque
1425 1570 1480 1603 usu
1500 1570 1657 1608 servatur,
1680 1577 1715 1600 ut
1732 1570 1825 1608 pater*

946 1624 987 1646 ex
1002 1612 1181 1645 obstetricis
1195 1622 1288 1644 manu
1303 1620 1428 1654 parturn
1449 1611 1596 1653 suscipiat
1612 1633 1623 1650 ,
1646 1617 1739 1651 atque
1757 1609 1820 1646 ita,
1861 1610 1864 1612 '

947 1657 984 1689 ad
1004 1656 1169 1696 imaginem
1198 1652 1292 1695 prisci
1315 1654 1394 1686 ritus
1410 1678 1419 1694 ,
1444 1654 1557 1692 tollat3
1582 1659 1614 1684 at
1635 1652 1706 1683 inde
1724 1659 1819 1682 nemo

948 1698 1032 1730 reste
1056 1695 1199 1728 effecerit
1216 1718 1227 1734 ,
1258 1695 1415 1736 hodieque
1438 1703 1559 1737 patrem
1586 1693 1628 1725 im
1654 1702 1714 1725 une
1732 1690 1821 1732 pofl‘e

949 1739 1001 1771 vel
1027 1747 1137 1770 necare
1159 1745 1283 1778 partum
1301 1760 1311 1775 ‚
1342 1737 1394 1768 vel
1413 1745 1582 1779 exponere.
1629 1702 1703 1767 glus
1722 1733 1818 1764 dico:

948 1780 1022 1821 fac,
1047 1790 1083 1811 ea
1102 1778 1192 1811 causa
1209 1778 1241 1810 in
1259 1786 1341 1810 terra
1355 1777 1448 1810 fuiss'e
1475 1776 1634 1819 depositos
1658 1774 1794 1807 infantes
1809 1797 1819 1812 ‚

950 1829 986 1854 ut
1014 1821 1067 1854 vel
1087 1819 1331 1862 agnoscerentur
1348 1842 1359 1860 ,
1398 1820 1451 1853 vel
1476 1820 1754 1860 relinquerentur,
1791 1814 1823 1846 &

949 1863 1002 1896 fac
1013 1886 1024 1902 ,
1047 1863 1175 1904 impune
1190 1861 1318 1893 relictos
1329 1881 1340 1900 ,
1364 1861 1482 1893 oblisos
1494 1884 1503 1900 ,
1527 1859 1740 1902 praefocatos,
1767 1865 1821 1887 ex-

950 1904 1090 1947 positos,
1115 1903 1166 1935 sed
1181 1903 1260 1934 cedo
1277 1903 1354 1934 mihi
1370 1904 1548 1940 austorem‚
1573 1901 1625 1941 qui
1650 1900 1713 1931 hoc
1736 1898 1822 1929 dixe-

950 1947 993 1979 rit
1010 1945 1081 1988 post
1102 1954 1244 1985 tempora
1259 1944 1388 1984 Trajan}
1400 1967 1410 1982 ,
1443 1942 1592 1980 Adriani,
1615 1941 1643 1973 δε
1667 1938 1823 1971 Antonini

951 1988 1008 2021 Pii.
1031 1996 1126 2019 nemo
1142 1996 1222 2018 unus
1239 1985 1309 2017 erit.
1355 1985 1475 2017 Eorum
1495 1991 1588 2016 aetate
1600 1980 1725 2013 cessasse
1737 1981 1822 2012 vide-

953 2030 980 2061 ri
1002 2030 1051 2070 jus
1070 2027 1237 2060 occidendi
1253 2027 1371 2058 liberos
1388 2026 1582 2066 conjecimus
1615 2023 1648 2054 C.
1670 2021 1727 2054 IV.
1750 2029 1823 2053 ante

953 2080 989 2103 ea
1013 2079 1156 2111 tempora
1180 2068 1348 2110 quominus
1366 2090 1375 2106 ,
1405 2075 1441 2099 ut
1458 2066 1577 2105 caedes,
1600 2065 1645 2096 ita
1664 2062 1821 2104 expositio

953 2113 1125 2145 liberorum
1153 2109 1308 2152 impunita
1331 2108 1430 2141 fuerit
1446 2132 1456 2148 ‚
1491 2107 1556 2149 ipse
1573 2115 1638 2138 non
1655 2113 1796 2146 repugno
1815 2113 1826 2142 3

953 2162 1054 2195 neque
1080 2152 1158 2184 adeo
1186 2151 1351 2193 quicquam
1369 2150 1472 2190 valet,
1498 2147 1584 2189 quod
1603 2157 1643 2178 ex
1658 2145 1827 2177 vetustiori

953 2205 1025 2228 aevo
1042 2193 1176 2236 proferri
1193 2191 1305 2234 posset.
1328 2191 1435 2238 Quare
1457 2191 1479 2224 fi
1493 2190 1614 2222 diceret
1628 2187 1825 2225 Terentius,

953 2237 1082 2278 impune
1103 2234 1264 2275 expositos
1283 2242 1392 2275 partus
1410 2257 1420 2272 ,
1451 2231 1536 2274 quod
1560 2238 1663 2262 tamen
1686 2227 1825 2270 nuspiam

953 2279 1044 2319 lego,
1070 2277 1150 2309 nihil
1165 2275 1306 2314 diceret,
1331 2275 1415 2316 quod
1434 2283 1499 2306 non
1516 2272 1603 2304 ultro
1619 2270 1757 2312 largirer.

997 2320 1040 2351 At
1065 2328 1144 2350 vero
1172 2317 1344 2349 liberorum
1365 2315 1468 2348 caedes
1491 2315 1520 2346 ὅ(
1538 2320 1685 2354 partuum
1703 2307 1824 2352 exposi-

955 2361 1058 2393 tiones
1083 2358 1351 2391 circumferuntur
1377 2357 1408 2388 in
1429 2355 1613 2388 Annalibus.
1660 2351 1738 2384 Non
1761 2349 1805 2382 est
1814 2367 1826 2389 ,

956 2403 1009 2444 qui
1028 2402 1089 2433 hoc
1102 2408 1219 2441 neget,
1238 2398 1290 2431 sed
1305 2399 1343 2430 de
1361 2397 1549 2438 impunitate
1563 2394 1639 2427 faeti
1659 2391 1744 2425 solus
1767 2390 1825 2424 ser-

956 2452 1009 2475 mo
1024 2441 1080 2475 est.
1122 2441 1278 2482 Exempla
1299 2462 1311 2478 ,
1340 2448 1410 2481 quae
1435 2438 1594 2480 pertinent
1617 2435 1655 2467 ad
1671 2443 1739 2466 eam
1755 2442 1828 2465 aeta-

957 2492 1021 2516 tem
1033 2506 1044 2523 ,
1069 2492 1130 2525 qua
1147 2483 1239 2515 licuit
1258 2481 1395 2514 infantes
1413 2479 1560 2511 occidere
1586 2476 1616 2509 &
1641 2484 1801 2517 exponere
1816 2497 1828 2513 ,

956 2524 1132 2566 cujusmodi
1150 2524 1242 2566 plura
1261 2522 1371 2555 adduci
1397 2521 1493 2552 video
1505 2542 1515 2560 ‚
1534 2518 1697 2551 sententiae
1713 2515 1828 2549 nossrae

956 2576 1020 2599 non
1042 2564 1168 2605 obeffe,
1187 2573 1236 2596 res
1250 2563 1315 2606 ipsa
1329 2562 1492 2604 loquitur-3
1513 2570 1572 2593 nec
1583 2560 1678 2591 etiam
1692 2560 1831 2590 oberunt

957 2607 1104 2649 exempla
1125 2605 1308 2648 posterioris
1335 2604 1438 2637 aetatis
1458 2627 1468 2642 ,
1499 2601 1555 2635 nifi
1574 2600 1650 2633 adfit
1665 2600 1709 2633 rei
1731 2599 1829 2631 licitae

958 2650 1099 2688 mentio,
1121 2658 1191 2690 quae
1210 2656 1368 2688 nunquam
1382 2644 1465 2678 adest
1481 2642 1552 2687 post
1569 2652 1605 2674 ea
1616 2665 1624 2681 ,
1657 2651 1726 2682 quae
1743 2640 1808 2671 dixi
1819 2662 1829 2678 ,

959 2700 1112 2733 tempora.
1155 2689 1378 2722 Memorantur
1401 2686 1506 2728 paffirn
1533 2683 1721 2720 homicidia,
1745 2680 1830 2712 adul-

959 2732 1056 2771 teria,
1077 2731 1182 2769 furta,
1215 2729 1266 2762 sed
1288 2729 1360 2761 inde
1378 2728 1445 2760 haec
1469 2727 1590 2767 aliaque
1604 2723 1718 2768 scelera
1735 2721 1830 2767 Vete-

958 2783 1006 2807 res
1034 2771 1231 2806 transmifiss'e
1255 2771 1412 2812 impunita
1429 2792 1441 2808 ,
1472 2768 1541 2809 quis
1572 2765 1665 2810 retre-
1682 2763 1799 2809 dixcrit
1813 2762 1830 2808 ’ζ

958 2815 1095 2848 narratio
1125 2813 1267 2846 criminis
1293 2811 1436 2844 distincta
1461 2811 1504 2840 eit
1523 2818 1539 2839 a
1559 2804 1830 2850 quaestlonetllcitl

957 2857 1010 2889 vel
1027 2856 1156 2895 illiciti,
1180 2855 1235 2887 illa
1253 2854 1289 2886 ad
1305 2852 1479 2885 Historiam
1492 2872 1503 2888 ,
1525 2849 1594 2880 haec
1616 2845 1652 2891 ad
1675 2845 1829 2886 Jurispru-

957 2898 1095 2930 dentiam
1109 2896 1267 2938 pertinet,
1298 2902 1357 2925 nec
1385 2890 1542 2923 Historici
1561 2887 1605 2919 est
1620 2886 1676 2918 nisi
1696 2895 1760 2932 rem
1779 2895 1830 2927 ge·

958 2939 1036 2973 stam
1051 2946 1191 2976 narrare,
1217 2945 1283 2968 non
1298 2933 1455 2974 disputare
1469 2931 1508 2962 de
1524 2929 1604 2970 Jure.
1648 2927 1711 2959 Ubi
1726 2935 1830 2959 tamen

959 2981 1052 3020 sunt,
1074 2980 1127 3021 qui
1147 2977 1231 3009 aliud
1251 2983 1366 3017 agunt,
1388 2980 1425 3004 ut
1438 2972 1518 3004 solet
1533 2970 1619 3008 fieri,
1644 2977 1833 3011 quamquam

961 3022 1106 3055 rariffiine
1122 3042 1132 3057 ,
1161 3027 1269 3059 quaero
1288 3040 1298 3055 ,
1327 3025 1365 3046 an
1390 3013 1461 3054 post
1484 3021 1573 3050 earn,
1603 3020 1694 3051 quam
1720 3009 1832 3052 saepius

961 3061 1150 3104 significavi,
1176 3066 1321 3095 aetatem,
1343 3064 1453 3087 necem
1481 3054 1509 3085 δι
1531 3051 1761 3094 expositionem
1785 3051 1830 3082 in-

961 3104 1086 3136 fantum
1110 3098 1389 3141 pronuntiaverint
1411 3094 1598 3137 impunitam
1617 3094 1634 3126 ‘2
1657 3093 1735 3126 milii
1754 3101 1832 3124 non-

961 3145 1035 3176 dum
1053 3143 1166 3183 liquet.

1005 3184 1109 3216 Video
1135 3189 1238 3213 tamen
1267 3189 1307 3212 ex
1330 3179 1476 3211 Patribus
1495 3175 1681 3209 Christianis
1698 3175 1833 3218 plurima
1852 3208 1857 3211 ,

965 3225 1081 3259 adferri
1101 3224 1183 3262 loca,
1189 3221 1323 3296 Zquibus
1349 3228 1425 3253 eunt
1450 3221 1643 3260 probatum,
1669 3218 1698 3250 ἃ
1715 3217 1835 3252 caedes,

1240 3272 1260 3294 z
1274 3271 1299 3304 ·3
1808 3264 1834 3286 tv
