2008 3436
237 114 682 158 oasssavArioNUM
734 112 868 161 JURls
920 110 1132 148 ROMANJ
1181 110 1383 150 maim,

46 204 172 236 tinitatc
188 201 454 243 magisditerint,
485 198 523 230 ad
537 195 653 236 inficias
669 196 731 242 ire,
755 202 845 239 quam
871 201 907 240 ea

46 244 145 277 stante
161 245 260 276 adbuc
278 243 307 275 ἃ
325 240 482 274 florente?
506 248 598 270 nemo
619 237 839 280 adfirmaverit.
863 234 906 265 ht

46 285 125 318 scire
153 286 248 317 velim
267 309 276 324 ,
313 294 349 316 an
374 281 589 315 'sribonianus
615 277 730 318 uspiam
758 276 830 307 alibi
871 285 907 322 ea

45 326 143 368 phrali
171 326 268 358 fuerit
291 324 385 357 usus?
415 331 508 356 nemo
524 319 717 362 probaverit.
762 317 867 358 Apage
883 327 906 348 1-

44 369 129 409 gitur
145 368 174 400 ἃ
192 369 270 399 lianc
286 367 451 398 rationein.
770 403 775 408 .
869 403 874 407 .

88 410 147 442 Sed
175 409 247 450 quid
276 416 405 439 numero
423 407 504 437 inter
519 403 662 443 exempla
676 410 792 434 veteris
810 403 822 443 J
830 413 904 448 uris-

43 451 216 493 prudentiae
241 447 453 490 jusjurandum
481 446 665 483 calumniae,
690 445 779 484 cujus
798 444 905 483 Ulpia-

44 502 102 524 nus
130 491 270 523 meminit
294 490 324 520 in
357 490 386 520 ci.
418 489 438 519 l.
463 497 514 528 34.
548 485 632 532 §.⁴4.
651 485 690 526 ff.
714 488 746 516 cle
769 485 903 528 Jnrejur.

43 534 65 566 fi
82 533 112 565 δί
130 532 206 564 illud
223 529 441 571 transcriptum
462 535 497 560 lit
522 537 562 559 cx
581 536 648 567 Jure
671 537 758 558 noro
780 537 807 558 m
833 531 861 558 al.
884 527 905 558 l.

44 585 73 606 α.
100 574 132 605 C.
156 574 189 604 de
212 572 313 614 Jurej.
332 571 565 612 propt.cal1mzn.
592 577 625 599 ut
641 567 704 609 ipse
720 569 772 599 illc
789 568 905 610 (lipha-

42 616 112 648 nius
135 615 162 646 d.
188 615 248 645 loc:
266 613 296 644 in
316 613 453 644 animum
478 611 602 642 induxit
621 608 719 641 suum.
765 610 824 641 Sed
840 609 905 642 noli

43 656 188 694 credere,
210 654 264 686 nili
281 653 435 695 placuerit
460 653 489 684 ἃ
512 652 645 684 eundem
665 651 832 692 Ulpianum
850 651 905 682 lin-

43 706 115 729 ,πει-ε
131 695 354 737 interpolatum
374 695 404 726 in
426 696 445 725 l.
469 705 518 736 37.
535 693 576 734 ff.
610 694 642 722 de
659 693 748 735 jzcrcj.
776 693 805 724 δε
829 693 859 723 in
883 692 902 723 l.

42 726 142 780 ¹1⁹1.§.
170 747 195 769 1.
215 737 255 778 ff.
281 737 353 768 Rer.
376 742 461 767 amor.
486 744 514 766 tx
539 734 666 766 Paulum
681 733 902 774 qnoqucL.ll.

45 782 176 811 seruent.
214 779 246 810 T.
271 778 292 810 I.
327 777 354 819 §.
382 787 411 809 2.
445 777 495 807 ubi
526 774 674 817 idipsum
696 776 816 806 dicunt.
862 774 904 806 At

43 820 236 864 Giplianium
255 818 373 852 refutat
390 818 453 859 ipse
471 818 622 858 Ulpianus
639 818 667 846 in
679 817 720 861 ,⁶³-
744 816 821 861 μμ.
835 815 902 856 §.4

44 872 117 894 cum
134 863 198 900 ait,
222 871 312 899 eum,
336 861 387 901 qui
404 859 612 900 jusjurandum
631 858 750 895 desert,
768 865 902 897 priorem

44 906 83 936 de
100 902 256 935 calumnia
271 902 388 942 jurare,
406 900 435 940 fi
455 910 504 930 truc
519 902 665 938 exingnr.
706 897 827 943 ‘Pendet
846 897 899 938 igi-

47 954 96 977 tur
126 944 186 975 hoc
207 943 417 983 jusjurandum
439 952 455 973 a
479 941 644 970 voluntate
660 946 834 979 εκιςυηῑιςς
857 946 901 969 at-

46 986 98 1026 qui
118 995 180 1016 non
197 984 308 1026 pendet
323 984 391 1023 jure
405 991 511 1019 novo,
538 980 586 1011 sed
606 981 735 1010 omnino
757 979 900 1024 praestan·

43 1027 118 1058 dum
139 1024 184 1057 cst
201 1049 210 1064 ‚
243 1024 283 1056 fic
311 1034 343 1055 ut
359 1033 416 1055 nec
437 1022 596 1063 pactione,
621 1029 679 1052 nec
696 1020 902 1051 transaftione

46 1067 178 1109 partium
203 1065 321 1096 remitti
349 1063 439 1105 possit
462 1064 490 1094 d.
514 1063 533 1093 l.
561 1072 588 1093 2.
614 1061 642 1102 ᾗ.
664 1072 695 1101 4.
741 1061 829 1092 Adeo
847 1071 898 1092 ve-

45 1118 112 1141 rum
127 1106 188 1146 est,
211 1107 239 1137 d.
263 1105 292 1146 ᾗ.
313 1115 342 1145 4.
367 1105 462 1136 etiam
482 1103 639 1144 abrogasse
655 1102 899 1143 hberum‚quod

45 1150 120 1182 olim
133 1147 212 1186 fuit,
236 1146 382 1188 exigendi
397 1145 568 1177 arbitrium.
593 1145 711 1177 Movet
730 1145 759 1174 ὅ(
780 1143 898 1184 Gipha-

42 1190 128 1222 nium
143 1198 234 1230 quam
251 1189 405 1226 maxime,
431 1186 514 1228 quod
536 1185 688 1226 Ulpianus
703 1185 733 1216 in
756 1186 784 1216 (ἰ.
801 1185 820 1216 l.
845 1195 897 1231 34.

43 1231 71 1273 §.
92 1241 122 1271 4.
153 1239 229 1262 mox
253 1229 343 1261 addat
362 1240 369 1260 ε
401 1228 466 1259 Hoc
483 1227 682 1268 jzesjuramlmn
700 1230 733 1257 cle
751 1226 899 1257 calumum

41 1281 128 1318 neque
143 1277 264 1312 patrono
277 1293 287 1309 ,
309 1280 397 1312 neque
417 1265 587 1310 parietibus
607 1269 784 1306 retiiictitur,
811 1268 840 1298 ὅ(
859 1266 898 1298 Tic

39 1312 99 1344 eslc
116 1320 207 1355 putat
222 1312 289 1353 jure
304 1320 400 1344 novo.
453 1310 512 1342 Sed
535 1309 600 1349 ejus
617 1309 660 1340 rei
678 1309 897 1348 probationem

38 1353 176 1386 delizlero
194 1377 204 1392 ,
234 1362 325 1394 quam
351 1351 414 1393 ipse
433 1361 495 1384 non
514 1351 615 1382 habet.
661 1349 742 1382 Cum
759 1350 823 1389 ait,
846 1350 895 1381 hoc

34 1396 257 1437 jzcsjnrandwn,
284 1395 424 1435 loquitur
447 1393 486 1423 de
508 1401 565 1430 e0,
591 1391 675 1432 quod
692 1390 896 1431 praestandum

39 1439 82 1467 ext
103 1459 113 1475 ,
139 1434 168 1474 fi
195 1436 244 1466 hoc
266 1437 421 1478 exigatur,-
452 1434 543 1474 idque
565 1431 678 1464 suliicit
693 1433 730 1464 ad
746 1433 894 1464 amolien«

36 1477 110 1508 dum
127 1476 287 1509 emblema.
334 1477 465 1518 Reliqua
476 1474 569 1506 verba
587 1473 674 1505 force
688 1474 783 1505 alium
802 1474 893 1505 inter-

38 1527 158 1564 pretem
175 1519 323 1559 exigunt,
349 1527 440 1559 quam
456 1516 556 1548 adhuc
572 1513 766 1555 nactasunc,
791 1514 893 1547 sedni-

37 1560 82 1591 nil
103 1559 170 1591 haec
190 1559 228 1591 ad
241 1557 360 1591 causam
379 1557 640 1590 emblematicam.

78 1600 147 1642 Age
174 1610 270 1640 vero,
303 1599 482 1642 praestemus
504 1599 534 1630 ὅς
550 1602 574 1626 τι·
595 1602 712 1628 dadum·
726 1597 893 1640 interpola-

36 1642 134 1674 tionis
166 1642 196 1674 &
221 1643 252 1674 in
275 1643 302 1673 ci.
326 1642 346 1673 l.
370 1651 422 1682 44.
452 1641 479 1681 §.
501 1650 530 1680 4.
556 1639 664 1671 Famil.
689 1640 787 1682 erczst.
811 1641 841 1672 δι
863 1641 894 1672 in

34 1685 62 1715 d.
88 1684 109 1715 l.
131 1693 183 1725 34.
207 1682 236 1725 §.
258 1693 289 1724 4.
305 1683 346 1724 ff.
369 1685 402 1713 de
418 1682 519 1724 Jurej.
541 1681 571 1713 <St
587 1682 617 1713 in
638 1682 706 1714 aliis
722 1691 812 1723 quam
830 1682 895 1723 plu-

33 1724 140 1764 rimis,
167 1725 217 1756 ubi
232 1725 337 1756 eadem
355 1725 437 1756 ratio
455 1724 510 1755 est.
556 1722 590 1754 Id
606 1723 696 1754 nullo
714 1724 843 1764 negotio
862 1732 892 1754 e-

33 1765 76 1797 rit
92 1763 263 1808 praestitum
273 1789 284 1806 ,
308 1765 404 1798 modo
421 1764 674 1803 meminerimus,
691 1763 893 1805 Justinianum

31 1805 197 1839 Pandectas
210 1831 219 1846 ,
252 1807 364 1849 quibus
390 1815 521 1848 utraque
541 1806 594 1837 lex
615 1805 730 1837 inserta
747 1804 807 1846 est,
833 1805 893 1837 edi-

31 1847 108 1880 diffe
127 1856 173 1888 17.
194 1847 260 1880 Cal.
280 1848 344 1889 Jan.
364 1858 438 1891 533.
465 1856 498 1879 ut
515 1856 609 1880 nemo
632 1846 731 1879 nescit
747 1857 787 1879 ex
805 1847 825 1879 l.
836 1847 888 1879 ult.

34 1888 65 1930 §.
87 1889 140 1921 ult.
176 1889 208 1920 C.
235 1891 268 1921 de
300 1889 370 1931 Jur.
398 1896 459 1921 vet.
481 1888 575 1920 enucl.
621 1888 891 1921 Constitutionem

32 1937 135 1962 autem
163 1929 324 1970 justiniani
348 1931 380 1962 in
410 1932 438 1962 d.
464 1931 482 1962 l.
510 1941 539 1962 2.
564 1931 597 1962 C.
617 1931 650 1961 de
674 1930 775 1973 Jurej.
795 1936 888 1971 propt.

31 1971 135 2003 calum.
155 1981 196 2003 ex
214 1981 273 2013 qua
291 1971 412 2003 scilicet
437 1971 652 2003 Tribonianus
669 1980 831 2012 utramque
850 1972 891 2003 le-

31 2021 101 2053 gem
116 2012 349 2054 interpolass'et,
385 2012 568 2055 sesquianno
587 2012 648 2044 effe
665 2012 889 2053 posteriorem,

31 2052 147 2085 editam
173 2054 288 2095 quippe
310 2065 340 2094 4.
359 2053 425 2086 Cal.
445 2054 525 2095 Aug.
542 2064 614 2096 534.
639 2053 813 2094 Justiniano
834 2053 888 2086 IV.

33 2094 64 2126 &
88 2093 217 2126 Paulino
241 2095 325 2127 Coff.
356 2104 391 2127 ut
414 2095 530 2127 indicat
550 2094 756 2135 subscriptio,
781 2095 890 2127 iisdem

32 2143 144 2176 nempe
163 2134 371 2174 Consulibus,
394 2137 505 2177 quibus
521 2137 623 2168 editus
637 2136 681 2168 est
701 2138 795 2168 Codex
813 2143 889 2177 repe-

33 2176 94 2206 titae
123 2175 317 2207 Praelec‘tionis
335 2199 347 2215 ,
375 2185 410 2209 ut
437 2187 476 2209 ex
498 2178 677 2220 Praefatione
696 2178 752 2211 ΠΙ.
778 2179 890 2210 Codicis

662 2276 1020 2317 CAPUT

79 2373 176 2409 Nihil
198 2386 218 2410 a
246 2374 439 2411 Triboniano
463 2374 602 2422 ormffimz
628 2377 731 2411 videri
755 2377 788 2411 in
815 2377 855 2411 L.
875 2388 909 2420 5.

1446 112 1484 150 C.
1510 115 1571 151 lx.
1601 110 1645 152 Χ.

950 200 1087 233 apparet.
1113 191 1240 232 Ergone
1257 192 1474 225 Tribonianus
1492 195 1652 227 Pandeffis
1670 194 1821 233 inseruit,

949 234 1034 274 quod
1051 234 1189 264 nondum
1207 241 1274 264 erat
1291 234 1499 266 constitutum
1511 260 1520 275 ‚
1543 236 1591 268 sed
1611 237 1822 268 constitutum

950 275 985 306 iri
1011 274 1207 316 praevidebat
1225 298 1234 313 ,
1268 273 1380 315 spiritu
1403 275 1490 307 forte
1510 278 1705 317 Proplietico
1723 278 1819 318 agita-⁷

950 325 1000 347 tus
1010 319 1026 348 ¹.)
1050 316 1093 348 At
1111 324 1173 347 non
1191 317 1318 347 memini
1339 326 1388 347 me
1405 326 1540 358 unquam
1558 319 1680 358 legere,
1702 318 1822 349 Tribo-

949 358 1076 391 nianum
1093 357 1175 388 vatis
1191 357 1287 389 titulo
1304 357 1482 390 inelaruiss'e
1494 381 1504 397 ,
1529 366 1621 400 atque
1641 360 1682 390 ita
1696 358 1819 400 praesci-

949 399 1043 437 viss'e,
1069 398 1151 439 quod
1170 398 1200 429 in
1217 397 1292 430 satis
1306 407 1382 431 crat.
1429 401 1551 440 Jupiter
1567 400 1647 441 apud
1665 400 1819 432 Ovidium

951 439 990 472 L.
1013 441 1087 472 XV.
1111 439 1237 471 Metam.
1262 442 1295 471 in
1317 439 1370 479 sin.
1392 441 1507 481 jactat,
1533 440 1595 472 lese

1034 499 1119 506 -—-
1248 483 1340 523 incisa
1362 486 1517 520 adamante
1535 485 1660 523 perenni

1037 523 1113 554 Fum
1136 541 1187 546 —
1211 541 1262 546 ——
1285 523 1381 566 leg'ffe
1401 526 1551 566 animoque
1576 524 1690 566 uomffe.

950 564 998 596 sed
1020 564 1106 595 sorte
1120 574 1183 595 non
1209 563 1314 604 solus,
1344 566 1363 597 fi
1383 566 1413 598 δέ
1429 565 1646 597 Triboniamis
1666 567 1732 607 ejus
1750 564 1816 597 fora

950 615 1033 637 tunm
1051 605 1149 637 fuerit
1169 607 1335 648 particeps.
1381 608 1423 639 Et
1449 607 1555 649 quidni
1571 617 1605 639 ea
1624 615 1747 639 ratione
1765 617 1817 647 apa

949 648 1084 688 peilatus
1100 648 1135 679 lit
1160 654 1259 676 mmm
1307 671 1318 686 ,
1351 656 1385 680 ut
1402 649 1593 690 appellatum
1611 647 1719 680 scribit
1736 648 1818 679 Har-

948 689 1135 729 menopulus
1169 688 1209 720 L.
1230 688 1252 720 Ι.
1287 690 1319 721 Τ.
1347 690 1370 722 Ι.
1400 689 1429 731 §.
1457 690 1533 722 rof?
1558 691 1648 732 Saepe
1666 691 1817 727 miratus,

949 730 1022 770 quin
1045 732 1074 761 cz
1098 730 1275 771 indignatus
1299 730 1384 770 sum,
1415 732 1505 764 Viros
1523 741 1665 773 quosque
1681 730 1815 763 dothiu-

948 781 1016 802 mos
1028 781 1182 811 ,quorum
1199 782 1227 803 m
1246 781 1285 803 co
1305 781 1481 814 occupatur
1498 773 1678 814 diligentia,
1698 772 1818 804 utl³an-

946 813 1102 843 dettarum
1125 813 1279 852 dignitas,
1291 822 1435 855 tanquam
1453 824 1533 855 opus
1549 824 1612 846 non
1631 815 1818 856 genuinum,

947 854 1043 894 magis
1062 844 1230 892 evilescat,
1257 862 1378 886 tantum
1397 855 1449 887 fibi
1468 856 1648 896 indulgere,
1676 864 1817 887 ucetiam

944 904 984 926 ex
1004 895 1159 933 Novellis,
1192 905 1321 936 quarum
1350 897 1436 928 nulla
1455 907 1518 928 non
1539 899 1582 928 eil
1600 897 1761 929 Pandeffls
1785 905 1816 927 c-

944 936 1019 967 ditis
1039 937 1211 976 pollerior,
1236 937 1422 969 emblemata
1441 938 1602 971 arcessant.
1649 939 1701 970 Sic
1725 938 1812 970 Lult.

944 977 973 1018 §.
1004 987 1026 1008 1.
1047 977 1087 1017 ff.
1111 979 1144 1008 de
1171 978 1302 1009 Senamr.
1329 979 1549 1020 interpolatam
1567 980 1738 1020 finguntex
1751 980 1814 1011 No-

943 1020 1011 1050 vell.
1029 1022 1081 1049 62.
1107 1017 1210 1050 rursus
1233 1019 1252 1050 l.
1273 1023 1304 1050 6.
1325 1020 1366 1060 ff.
1390 1023 1423 1051 cle
1447 1020 1569 1052 DJvorc.
1593 1019 1629 1055 δέ)
1651 1023 1749 1062 repud.
1773 1030 1815 1052 ex

944 1060 1065 1091 Novell.
1099 1070 1150 1091 22.
1185 1061 1217 1091 C.
1250 1070 1278 1101 7.
1325 1065 1443 1092 lterum
1475 1062 1494 1092 l.
1522 1072 1549 1093 2.
1586 1062 1614 1103 ᾗ.
1639 1073 1687 1102 25.
1707 1063 1747 1103 ff.
1774 1064 1813 1095 ad

944 1102 999 1133 SC.
1031 1101 1153 1132 'l'ertulh
1178 1110 1218 1132 ex
1244 1101 1364 1133 Novell.
1393 1108 1460 1137 118.
1493 1103 1525 1134 C.
1546 1113 1576 1142 5.
1623 1103 1720 1148 Quod
1743 1103 1814 1136 sane

941 1152 995 1181 ea,
1020 1151 1110 1183 quam
1129 1143 1215 1181 dixi,
1229 1144 1352 1174 ratione
1370 1144 1511 1184 ineptum
1529 1144 1608 1183 ell'e,
1620 1147 1715 1176 etiam
1728 1145 1813 1188 Wy-

941 1183 983 1214 bo
998 1182 1102 1215 noster
1119 1183 1300 1215 observavit
1313 1184 1522 1225 D'ffertcztione
1543 1188 1683 1228 managur.
1707 1188 1811 1217 adver-

1749 120 1818 160 223

930 1225 984 1266 fiis
1004 1225 1214 1265 Ilsssffenbachii
1230 1219 1402 1257 emblemata
1427 1227 1458 1257 C.
1486 1226 1509 1258 I.
1536 1226 1563 1267 §.
1589 1237 1616 1268 7.
1645 1230 1674 1260 ὅ(
1699 1228 1731 1259 C.
1752 1227 1809 1259 lv.

940 1266 967 1308 ἓ.
995 1260 1098 1309 13.”8ι
1122 1267 1153 1298 C.
1178 1266 1233 1299 VI.
1260 1272 1288 1307 ᾖ.
1305 1277 1334 1307 4.
1382 1267 1458 1299 Non
1479 1268 1718 1307 animadverto,
1735 1269 1811 1310 quid

941 1309 978 1339 iis
995 1307 1155 1340 vaticiniis
1172 1310 1282 1350 reponi
1299 1309 1391 1348 poffit
1404 1333 1413 1349 ,
1440 1308 1494 1341 nifi
1509 1308 1617 1349 forte,
1640 1311 1725 1352 quod
1748 1309 1811 1342 Cu-

939 1349 1037 1389 jacius
1062 1348 1203 1390 reposuit
1227 1350 1264 1381 ad
1282 1350 1406 1382 Novell.
1426 1350 1447 1382 Ι.
1494 1350 1621 1383 Etenim
1638 1353 1679 1383 ibi
1700 1352 1811 1393 proba-

941 1399 1049 1429 turus,
1074 1391 1094 1422 l.
1117 1401 1167 1423 20.
1193 1390 1220 1433 §.
1248 1401 1274 1423 1.
1291 1391 1333 1433 ff.
1354 1394 1388 1424 cle
1406 1392 1567 1424 Donation.
1593 1392 1655 1425 ess'e
1672 1393 1812 1434 interpo-

940 1432 1033 1463 latam
1051 1441 1092 1463 ex
1115 1433 1135 1464 l.
1157 1433 1210 1464 ult.
1239 1434 1270 1465 C.
1297 1435 1334 1464 ad
1357 1434 1399 1466 L.
1424 1433 1540 1466 Falcid.
1566 1434 1596 1466 &
1613 1443 1757 1467 metuens
1773 1434 1808 1467 fi-

939 1474 1014 1505 mile
1032 1474 1219 1506 vaticinium
1237 1475 1446 1515 Triboniani,
1470 1475 1514 1506 ait
1533 1477 1560 1506 d.
1595 1476 1615 1508 l.
1643 1487 1692 1508 20.
1722 1476 1750 1518 §.
1780 1486 1807 1508 1.

939 1514 989 1556 effe
1005 1521 1138 1556 aptatam
1152 1517 1298 1548 meditatae
1311 1517 1377 1560 jam
1390 1517 1439 1548 vel
1458 1517 1510 1558 usic
1526 1519 1809 1558 receptae-sententie

937 1560 965 1587 a.
988 1556 1007 1588 l.
1032 1557 1086 1588 ult.
1112 1558 1172 1590 Sed
1192 1556 1308 1589 frustra
1327 1559 1353 1590 is
1370 1558 1410 1590 ibi
1431 1565 1553 1597 metus,
1577 1568 1649 1598 cum
1667 1560 1810 1600 promub

938 1606 1009 1639 gata
1027 1598 1063 1630 iit
1087 1600 1115 1631 d.
1140 1599 1161 1631 l.
1184 1599 1237 1631 ult.
1278 1598 1349 1640 post
1364 1598 1573 1631 Consulatum
1592 1599 1754 1642 Lampadii
1778 1601 1810 1633 δε

939 1638 1058 1671 Orestis
1074 1650 1157 1672 anno
1172 1639 1402 1680 secundo‚hoc
1420 1639 1484 1680 est,
1509 1651 1591 1673 anno
1613 1651 1687 1684 532.
1714 1650 1810 1684 atque

938 1681 983 1712 ita
1004 1681 1167 1714 Pandeffis
1195 1682 1335 1714 nondum
1360 1682 1462 1714 editis.
1510 1682 1556 1715 Ea
1571 1683 1728 1724 responfio
1745 1694 1808 1716 ma-

936 1722 983 1763 gis
1008 1723 1196 1754 convenerit
1222 1723 1260 1754 iis
1283 1724 1402 1766 legibus
1428 1723 1579 1763 Codicis,
1602 1734 1671 1765 quae
1691 1725 1808 1757 Pande-

936 1763 994 1797 ctis
1015 1763 1086 1797 sunt
1103 1763 1316 1806 posteriores,
1341 1766 1416 1807 quin
1433 1766 1463 1797 &
1482 1766 1630 1797 omnibus
1649 1766 1807 1807 Novam,

936 1815 976 1836 ex
993 1805 1106 1847 quibus
1121 1806 1311 1838 emblemata
1330 1814 1512 1848 arguuntur.
1544 1807 1604 1839 Sed
1619 1809 1688 1848 quis
1705 1808 1743 1839 de
1759 1809 1808 1849 ju-

937 1856 969 1878 re
985 1847 1138 1879 meditato
1162 1847 1215 1880 vel
1241 1847 1297 1880 usu
1324 1855 1454 1889 recepto
1468 1849 1601 1887 doceat,
1626 1849 1809 1891 priusquam

934 1890 999 1929 lex,
1018 1889 1092 1930 quid
1107 1889 1185 1930 juris
1203 1888 1261 1929 fit,
1286 1890 1458 1921 decernat?
1481 1890 1601 1921 incerta
1619 1891 1751 1922 omnino
1776 1892 1809 1924 &

934 1940 1011 1972 vaga
1034 1929 1080 1961 est
1106 1931 1171 1970 ejus
1189 1930 1233 1961 rei
1251 1931 1441 1971 conjet‘leura.
1487 1930 1539 1962 Ne
1554 1931 1675 1970 dicam,
1701 1931 1805 1971 fasta,

934 1982 1005 2014 quae
1035 1971 1143 2013 postea
1171 1971 1352 2004 incidebant
1371 1996 1380 2011 ,
1412 1972 1598 2013 plerumque
1616 1973 1709 2004 novis
1727 1974 1804 2015 legi—

933 2013 990 2045 bus
1004 2012 1126 2044 causam
1140 2012 1306 2053 praebuisse
1324 2013 1354 2045 ὅ(
1372 2014 1536 2055 originem.
1582 2013 1689 2055 Apage
1708 2014 1806 2056 igitur

933 2055 1085 2086 vaticinia
1103 2078 1112 2093 ,
1147 2053 1168 2086 fi
1193 2063 1242 2086 res
1262 2055 1353 2086 aliter
1379 2053 1463 2086 salva
1484 2054 1545 2086 esse
1562 2053 1673 2095 poffit,
1699 2063 1734 2087 ut
1745 2065 1802 2097 po-

933 2094 993 2127 test
1016 2096 1047 2129 in
1078 2104 1208 2137 utraque
1233 2096 1321 2139 lege,
1345 2105 1438 2138 quam
1458 2096 1579 2128 auCtori
1592 2094 1649 2128 suo
1666 2097 1805 2129 vindica-

932 2138 1045 2170 vimus.

1122 2280 1167 2318 X.

935 2377 965 2425 ς.
988 2390 1016 2413 1.
1045 2378 1083 2414 ff.
1112 2379 1156 2415 de
1180 2380 1267 2415 Stat.
1294 2378 1427 2415 homin.
1454 2376 1546 2427 ,Qm'n
1571 2387 1629 2415 nec
1655 2379 1751 2416 omis-

503 2426 610 2470 fiones
634 2427 853 2461 emblematum
881 2439 1009 2463 numero
1034 2427 1092 2475 ff
1116 2431 1287 2465 habendas.

67 2529 86 2552 n
105 2521 251 2561 catalogo
269 2522 520 2562 Emblematum,
533 2533 627 2565 quem
635 2523 889 2557 Wiffenbachius

88 2562 284 2602 composuit,
309 2563 354 2596 est
372 2565 466 2596 etiam
490 2567 518 2596 d.
544 2566 565 2596 l.
587 2575 619 2605 5.
644 2565 671 2607 §.
700 2575 724 2597 1.
776 2566 808 2597 Si
824 2565 889 2607 ipse

29 2605 95 2642 ejus
118 2603 311 2636 emblematis
333 2605 440 2637 fuiffet
465 2607 574 2638 aut'tor
591 2629 602 2645 ,
637 2609 666 2638 oc
694 2606 714 2638 fi
731 2617 793 2638 non
819 2607 888 2639 aliis

29 2652 121 2685 quam
139 2643 279 2689 plurimis
293 2645 368 2677 esset
384 2647 586 2687 praejudicio,
611 2658 651 2680 eo
660 2647 828 2680 refutando
841 2647 888 2680 su-

26 2683 220 2727 persedissem
232 2709 241 2725 ,
266 2685 316 2718 sed
330 2688 438 2719 auctor
455 2688 501 2720 est
519 2689 629 2721 Petrus
645 2690 777 2731 Bur-gius
801 2690 840 2721 L.
861 2689 885 2722 L

29 2726 154 2771 Eledorj.
182 2727 212 2758 C.
235 2732 262 2761 8.
289 2738 381 2768 quem
398 2739 461 2761 non
484 2730 587 2761 laudat
605 2730 860 2762 Wiffenbacbius
877 2755 887 2770 ,

26 2767 82 2812 nili
107 2767 167 2798 alia
180 2768 271 2813 plane
291 2769 474 2810 occasione,
500 2779 535 2802 ut
554 2771 633 2813 saepe
646 2771 736 2803 solet.
783 2772 889 2814 Opera

25 2816 120 2838 etiam
130 2828 141 2844 ,
163 2807 214 2838 hic
231 2809 405 2850 collocata,
430 2812 460 2843 in
477 2812 563 2852 aliis,
588 2823 656 2854 quae
672 2813 802 2845 fimilem
817 2823 887 2844 cau-

28 2847 242 2895 sam-habent,
276 2859 348 2882 cum
368 2853 503 2884 maxime
524 2855 674 2894 proderit.
721 2854 777 2886 Ait
800 2855 886 2887 Mar-

30 2898 138 2921 cianus
162 2898 201 2935 m·
225 2891 254 2921 d.
276 2891 296 2921 l.
320 2900 351 2930 5.
382 2892 410 2933 §.
437 2903 462 2926 1.
510 2895 595 2926 Servi
613 2897 646 2926 in
664 2897 821 2927 dominium
839 2906 885 2927 no-

23 2929 118 2971 strum
141 2930 312 2976 rediguntur
337 2939 389 2962 aut
410 2933 486 2974 Jure
515 2937 607 2967 Civili
619 2959 630 2975 ,
664 2943 716 2968 aut
733 2938 884 2969 Gentium.

30 2972 107 3012 Jure
132 2971 244 3018 Civili,
259 2970 288 3010 fi
307 2974 370 3013 qais
377 2973 411 3014 fi
433 2978 525 3018 major
539 2979 653 3019 viginti
667 2981 755 3010 annis
770 2979 808 3009 ad
819 2985 885 3019 pre-

30 3015 104 3044 tium
116 3014 355 3052 parttctpandum
379 3017 479 3048 venire
498 3017 594 3057 paffm
611 3017 660 3059 est.
707 3019 785 3060 Jure
805 3021 885 3051 Gen-

29 3056 102 3085 tium
114 3075 132 3098 ,ῃ
145 3052 174 3084 &
189 3053 316 3094 reliqua.
362 3055 495 3096 Burgius
517 3058 587 3099 post
598 3059 693 3100 paffics
709 3060 750 3099 est
762 3085 771 3098 ,
794 3068 887 3102 putat

29 3094 228 3126 Marcianum
251 3095 397 3126 addidisse
412 3120 421 3135 ,
456 3097 492 3132 δέ)
513 3100 618 3131 ‘mulier
643 3111 681 3132 ex
698 3097 730 3133 S'.
748 3103 780 3134 C.
803 3101 889 3133 Clau-

27 3137 133 3173 diano,
155 3133 205 3166 sed
242 3135 292 3167 uia
306 3135 494 3176 Justinianus
508 3161 520 3176 ‚
540 3148 612 3172 eroa
634 3143 763 3174 mollem
782 3142 889 3174 sexum

29 3177 157 3215 mollis,
168 3176 198 3208 S.
219 3144 257 3208 ἓ.
277 3176 480 3224 Claudianum
498 3165 619 3213 sustulit
638 3183 659 3213 ι.
675 3193 726 3215 zm.
744 3185 818 3216 ede
831 3185 889 3215 sc.

32 3218 134 3249 Claud.
153 3217 214 3249 toll.
244 3218 275 3250 &
299 3227 338 3252 ue
354 3220 480 3261 quidem
499 3221 660 3255 randeffis
674 3224 765 3256 inseri
785 3225 891 3257 voluit

904 2761 935 2768 χ

933 2525 961 2567 §.
982 2526 1035 2558 ult.
1061 2525 1134 2567 Inft.
1159 2528 1192 2558 de
1219 2526 1339 2568 Succeff.
1354 2526 1433 2568 subl.
1467 2526 1539 2559 ideo
1562 2527 1797 2560 Tribonianum

932 2567 1161 2600 circumcidiss'e
1190 2570 1219 2600 d.
1248 2567 1276 2609 ἓ.
1306 2578 1334 2600 1.
1358 2568 1494 2609 demptis
1512 2569 1552 2601 iis
1569 2569 1674 2600 verbis
1691 2593 1702 2608 ,
1728 2575 1800 2609 quae

931 2608 1115 2641 Marcianus
1134 2610 1308 2642 addidiss'et.

973 2650 1033 2682 Sed
1050 2651 1122 2691 quia
1136 2651 1292 2683 Marciani
1311 2649 1530 2692 Institutiones,
1555 2660 1595 2682 ex
1611 2659 1742 2691 quarum
1755 2649 1795 2680 L.

931 2690 953 2722 Ι.
979 2690 1133 2732 descripta
1151 2691 1198 2723 est
1220 2694 1249 2724 d.
1267 2693 1287 2724 l.
1306 2702 1338 2732 5.
1361 2693 1454 2724 hodie
1470 2702 1534 2723 non
1550 2692 1692 2729 exstant,
1719 2699 1796 2722 con-

929 2733 1048 2764 currite
1065 2733 1225 2775 Augures,
1251 2733 1437 2775 Aruspices,
1461 2739 1622 2777 quotquot
1640 2732 1712 2776 estis
1730 2731 1798 2762 ubi-

952 2784 990 2805 ue
1008 2782 1158 2806 terrarum
1172 2776 1203 2806 &
1220 2774 1374 2806 Gentium
1385 2798 1395 2813 ,
1420 2775 1450 2805 δε
1467 2783 1507 2805 ex
1524 2774 1639 2814 regulis
1653 2778 1728 2802 art1s
1743 2781 1797 2802 ve-

958 2826 1000 2847 rae
1018 2816 1186 2856 conjicite,
1211 2826 1248 2848 an
1269 2817 1299 2848 &
1325 2816 1399 2856 quid
1416 2813 1495 2859 post.
1504 2816 1599 2845 verba
1612 2811 1709 2853 paffus
1731 2811 1772 2854 est
1786 2836 1799 2851 ‚

929 2867 1026 2898 porro
1044 2856 1200 2896 scripserit
1213 2857 1405 2890 Marcianus.
1452 2854 1520 2886 Nifi
1539 2855 1661 2895 placeat
1679 2854 1716 2885 ad
1727 2856 1796 2886 Ste-

929 2899 1066 2939 phanum
1091 2898 1115 2929 F
1117 2899 1295 2929 oreatulum
1320 2904 1500 2932 recurrere,
1535 2903 1570 2926 ut
1587 2895 1642 2926 ille
1660 2894 1690 2926 &
1707 2895 1795 2928 Mar-

929 2940 1011 2971 ciani
1024 2948 1129 2970 manes
1145 2939 1183 2970 ab
1200 2937 1309 2969 inferis
1325 2943 1476 2974 revocet,
1502 2936 1533 2967 ὃς
1554 2934 1645 2967 testes
1663 2936 1799 2968 interro‹

929 2989 992 3022 get.
1037 2980 1097 3012 Sed
1113 2979 1187 3020 quid
1206 2988 1286 3019 opus
1296 2976 1340 3008 est
1359 2977 1488 3018 magicis
1501 2977 1620 3008 artibus
1631 2977 1667 3008 ad
1677 2975 1799 3009 somnia

928 3019 1147 3053 discutienda?
1171 3019 1226 3050 Ait
1238 3018 1420 3050 Marcianus
1444 3017 1516 3058 Jure
1541 3018 1648 3050 Civile
1669 3016 1796 3051 servum

930 3062 1018 3099 fieri,
1048 3061 1101 3101 qui
1125 3059 1155 3091 se
1171 3082 1181 3098 ,
1212 3067 1248 3090 ut
1271 3058 1416 3096 servum,
1439 3059 1533 3090 vendi
1550 3058 1651 3100 passus
1665 3059 1710 3092 est
1725 3083 1735 3099 ,
1758 3060 1797 3092 ad

932 3103 1068 3144 pretium
1083 3101 1290 3142 partiendum.
1324 3099 1367 3130 Et
1381 3099 1442 3130 hoc
1460 3099 1505 3132 est
1520 3100 1720 3133 veriffimum.
1746 3101 1798 3133 An

932 3143 1012 3175 alios
1027 3142 1139 3173 modos
1156 3141 1308 3173 addiderit
1318 3164 1327 3180 ,
1339 3140 1453 3182 quibus
1469 3140 1548 3173 servi
1564 3141 1645 3174 fiunt
1657 3143 1730 3183 Jure
1745 3142 1799 3174 Ci-

933 3183 1011 3222 vili,
1036 3184 1127 3229 plane
1145 3183 1333 3222 ignoramus.
1380 3181 1475 3214 Certe
1493 3192 1557 3214 non
1574 3183 1652 3215 alios
1672 3193 1801 3225 quoque
1832 3189 1837 3192 ’

933 3224 1091 3258 recenluit
1107 3223 1295 3264 justinianus
1311 3224 1342 3256 in
1371 3223 1398 3265 ᾗ.
1413 3234 1444 3264 4.
1470 3222 1569 3265 Instit.
1591 3226 1625 3257 do
1646 3225 1723 3268 Jure
1735 3231 1801 3307 {jera

1759 3275 1805 3297 on.
