2008 3436
129 96 577 144 osssrnvATmNUM
630 92 767 146 JURIS
817 90 1029 130 Romam
1080 91 1168 130 ΜΒ.
1197 91 1284 131 vn.
1337 91 1490 133 cxxi.
1526 92 1640 134 xxm.

15 195 79 223 aaa.
127 187 266 221 Omnino
289 184 384 226 igitur
408 179 574 214 dicendum
596 176 661 225 est,
693 182 880 216 quacunque

12 217 153 267 foi-mula
168 229 297 261 testator
314 224 464 266 legaverit
480 231 544 253 rem
562 220 712 256 ahenam,
736 216 879 263 dum-mo-

13 276 56 307 do
73 272 243 309 levaverit,
269 269 298 300 ἃ
312 266 410 298 fuerit
426 266 457 296 in
472 264 531 296 fide
548 262 630 293 bona
647 282 666 306 ,·
678 257 880 302 conjuratam

14 298 230 358 poffefiioncm
246 319 318 341 cum
335 309 418 349 ejus,
445 314 512 338 tum
529 305 687 348 legatarii,
711 301 749 352 ad
771 300 879 331 usuca-

14 357 144 399 pionem
161 351 312 395 prodeli'e.
358 350 399 381 lit
419 347 494 389 quid
520 346 697 390 dubitamus
718 341 731 373 2
762 349 821 382 pro
841 341 882 371 le-

15 407 90 429 ·rato
104 396 198 427 etiarn
227 393 308 425 recte
334 390 513 430 usucapitur
530 410 542 426 ,
565 384 683 417 etiamsi
698 392 763 414 non
779 381 856 429 recle
873 405 882 421 ‚

14 423 72 471 {3012
86 439 153 481 jure
170 437 307 477 legatum
329 432 366 464 sit
382 455 391 470 ,
425 430 454 462 id
470 429 553 460 enim
568 424 631 467 post
647 433 771 469 attiguas
788 434 885 469 varze-

16 486 90 512 mtes
109 475 276 511 obtinuille
298 481 405 515 aperte
434 470 540 503 scribit
557 468 831 509 Hermogenianus
855 475 886 497 m

17 523 38 554 l.
60 521 115 553 ult.
136 519 176 561 ff.
204 518 260 549 Pro
284 516 373 557 legat.
459 554 467 559 ἱ
533 553 538 558 ¹
568 553 573 557 .
650 551 654 556 ·
791 549 796 554 ¹

57 562 110 595 Sic
127 560 236 591 videor
255 557 326 589 satis
339 552 587 597 proballc‚nihil
604 559 770 597 quicquam
789 558 884 580 mter-

15 604 76 637 esse
92 625 103 642 ,
126 611 192 643 quo
208 608 320 641 genere
338 598 459 639 legetur
475 618 484 634 ,
508 594 651 635 quinimo
668 599 886 633 importunum

16 645 77 678 effe
99 642 176 676 illud
198 648 252 683 prr
280 640 521 675 (lamnationem,
552 635 572 667 fi
601 633 714 679 inscias
735 634 762 664 cl.
787 633 806 664 l.
838 640 884 673 13.

16 688 46 728 ἦ.
72 695 118 719 10.
151 686 181 716 ἃ
206 683 243 715 ad
268 680 417 713 scientem
445 677 625 710 testatorem
644 677 770 707 referas.
816 672 887 705 Nos

18 721 138 766 iumen,
161 725 215 766 qui
233 722 452 758 defendimus,
473 722 500 751 d.
527 718 554 760 §.
581 727 627 764 io.
655 718 685 747 ὦ.
700 721 885 761 uzuh-pro.-

17 770 120 812 prium
138 772 383 809 germanumque
402 762 527 803 Ulpiani
556 760 616 791 elle
627 781 637 805 ,
662 765 792 800 oportet
809 755 886 788 indi-

17 820 105 849 care,
130 808 205 851 quid
221 807 263 838 ibi
280 805 316 837 sit
338 819 356 832 r·
380 814 469 841 vere,
500 801 672 846 pratsertim
689 809 784 847 quum
800 807 817 844 a
836 806 887 828 ne-

18 853 122 890 mine,
154 848 240 890 quod
268 847 382 884 seiam,
406 845 437 876 id
461 841 888 888 iitcxplicat111u,'&igno-

18 894 119 926 rantia
142 892 208 931 ejus
238 890 282 920 rei
306 888 450 919 videatur
478 883 614 929 effecille
633 906 642 921 ,
666 889 713 929 *ut
739 891 769 926 in
786 881 889 926 Inbris

20 933 167 975 Vulgatis
194 940 251 972 pro
274 939 341 961 vere
374 926 574 960 substitutum
592 926 627 956 lit
644 934 680 954 ei.
727 922 888 968 Nmurum

20 978 50 1008 in
70 983 117 1017 pr.
142 975 169 1005 h.
192 973 222 1011 ἦ.
252 981 299 1004 10.
322 970 444 1001 dlxerat
461 967 633 1008 Ulpianus,
654 962 887 1004 legatariodan-

21 1019 90 1049 dam
115 1006 316 1048 ziccessionein
341 1011 407 1050 ejus
436 1008 585 1048 temporis
606 1028 616 1044 ,
651 1014 715 1050 quo
740 1012 789 1035 res
807 1002 888 1044 apud

23 1058 201 1090 testatorem
225 1053 297 1085 fuit.
344 1050 461 1087 Addit,
482 1050 512 1081 &
535 1056 599 1093 quo
616 1044 684 1092 ,fuit
702 1045 783 1091 apud
800 1043 885 1089 liere-

22 1109 91 1132 (lem
135 1097 196 1129 five
221 1103 314 1135 pure,
344 1092 408 1124 five
424 1089 479 1122 sub
500 1088 686 1120 conditione
702 1086 800 1117 fuerit
815 1085 886 1132 reli-

22 1144 77 1172 cta.
100 1121 186 1170 'Mox
205 1133 380 1175 subjungit:
406 1129 560 1172 Testatoris
579 1134 676 1161 autem
693 1133 804 1175 tempus
811 1129 888 1172 Jem-

16 1190 71 1224 per
90 1179 218 1221 proderit
241 1176 404 1219 legatario,
434 1172 462 1212 fi
481 1173 611 1215 legatum
626 1180 692 1201 vere
703 1172 771 1217 san
788 1169 836 1199 vel
848 1173 888 1214 Ji-

20 1217 244 1260 ciclrommifficm.
291 1217 322 1250 Si
348 1226 406 1258 pro
434 1224 501 1246 ‘cere
528 1214 558 1246 le
580 1221 666 1258 amus
682 1222 728 1251 et,
751 1220 786 1242 ut
810 1209 888 1256 legit

21 1264 174 1304 Vulgata,
196 1261 287 1302 plane
302 1258 384 1290 idem
402 1256 523 1289 diceret
573 1256 709 1295 lpianus‚
733 1251 888 1293 quodJam

19 1305 143 1337 dixerat
166 1303 200 1334 in
217 1309 265 1343 pr.
285 1300 313 1342 §.
360 1298 452 1331 Unde
473 1296 563 1339 supra
583 1294 741 1328 tentabam
764 1293 805 1325 L.
834 1292 886 1325 Vl.

576 1393 937 1433 CAPUT

1728 101 1796 141 241

927 173 957 205 C.
983 184 1034 214 25.
1058 174 1086 216 §.
1109 184 1139 212 9.
1164 185 1201 206 an
1220 176 1379 214 nonalia,
1415 186 1507 218 quam
1526 178 1567 210 ibi
1586 178 1680 218 dedi,
1706 178 1801 209 inter*

922 216 1062 256 pretatio
1077 217 1265 248 conveniret
1285 221 1321 252 τῷ
1341 227 1419 249 vere.
1466 217 1581 259 Nunc,
1606 220 1678 261 quia
1694 222 1806 250 manus

924 257 1115 289 Triboniani
1143 259 1285 299 arguitur
1309 258 1339 289 in
1372 260 1401 290 α’.
1426 257 1456 299 §.
1484 269 1530 291 10.
1563 269 1635 292 nata
1655 261 1732 293 mihi
1756 258 1804 292 cst

924 298 1048 331 ocealio
1060 322 1071 338 ,
1095 307 1130 330 ut
1151 300 1236 331 curis
1254 298 1397 332 secundis
1414 309 1598 333 excuterem
1614 301 1803 334 sententiam

925 342 953 373 d.
975 340 1048 381 vers
1079 338 1246 381 Tellatmn'r.
1292 342 1374 386 Quae
1394 339 1538 381 ibitlixi,
1563 343 1665 375 nolim
1685 343 1803 381 deleri,

928 383 1001 425 quia
1015 383 1102 415 forte
1119 383 1217 424 magis
1238 383 1429 424 placebunt,
1461 393 1554 424 quam
1572 393 1640 425 quae
1657 395 1743 417 nunc
1760 385 1806 416 di-

929 434 1007 456 cam.
1056 424 1203 456 Attamen
1232 425 1331 466 vulgo
1350 425 1464 460 δεόπροᾳ
1492 427 1617 465 φροντίδες
1644 430 1805 465 σοφώτερα.

930 465 1051 507 Igitur,
1083 466 1168 507 quod
1198 466 1352 507 Ulpianus
1377 466 1502 498 dixerat
1521 467 1560 498 de
1577 468 1807 510 conjungendis

930 507 1145 548 temporibus,
1171 507 1192 539 fi
1221 508 1317 539 modo
1340 518 1407 540 vere
1429 507 1528 540 fuerit
1548 509 1687 550 legatum
1702 511 1756 542 vel
1770 509 1805 541 fi-

928 548 1199 587 deicmmniffum,
1233 550 1275 580 ita
1299 559 1383 581 nunc
1401 550 1566 592 intelligo,
1592 551 1690 582 modo
1706 562 1746 584 ne
1762 554 1805 584 le*

929 590 1065 636 gatarius
1089 599 1154 621 rem
1178 590 1311 631 legatam
1333 599 1443 632 putet,
1469 602 1539 634 quae
1558 593 1660 633 legata
1676 603 1740 625 non
1758 603 1806 625 es-v

930 635 994 671 iet,
1014 631 1055 663 lic
1072 631 1156 662 enim
1172 632 1322 664 deficeret
1344 633 1466 666 titulus.
1513 633 1571 665 Pro
1591 634 1688 677 legato
1704 636 1806 678 poffes-

923 672 965 713 fio
994 673 1030 708 (5²
1050 673 1184 714 usucapio
1212 674 1289 705 nulli
1312 675 1388 713 alii,
1410 685 1498 716 qaam
1520 677 1568 706 cui
1585 676 1716 719 legatum
1735 677 1776 721 eft
1794 695 1807 716 9

930 716 1064 756 competit
1085 737 1096 753 ‚
1127 713 1231 755 inquit
1254 715 1335 748 idem
1360 716 1515 758 Ulpianus
1533 717 1565 749 in
1586 717 1608 749 l„
1635 727 1660 750 1.
1679 718 1721 760 ff.
1746 721 1807 752 Pro

931 758 1021 798 legat.
1046 756 1076 787 &
1102 758 1200 797 magis
1227 757 1263 787 ad
1288 767 1354 789 rem
1377 758 1492 790 Paulus
1513 759 1546 791 in
1570 759 1591 790 l.
1614 769 1642 792 2.
1662 761 1704 802 ff.
1731 762 1808 794 an.-

935 800 967 829 δι
988 797 1140 839 pofficleam
1160 798 1290 839 aliquam
1311 810 1391 838 rem,
1413 810 1498 841 quam
1518 802 1662 841 putabam
1676 804 1750 835 mihi
1769 805 1809 835 le-

932 846 1055 881 gatam,
1088 848 1153 870 cum
1179 849 1236 870 non
1261 839 1347 881 affin,
1366 846 1419 881 pro
1438 842 1535 884 legato
1555 852 1612 874 aon
1628 844 1809 886 zgsiccapz'ams

933 882 975 912 Et
993 881 1033 913 lic
1049 879 1095 911 est
1112 880 1143 912 in
1162 881 1240 912 aliis.
1288 882 1350 913 Pro
1366 882 1486 915 donato
1502 883 1667 925 usucapit,
1692 887 1811 919 cuido—

932 922 1071 953 nacionis
1086 921 1176 953 causa
1193 932 1242 953 res
1261 924 1376 955 tradita
1391 924 1457 964 est,
1481 925 1653 967 necfizfficic
1672 930 1811 969 opinari,

921 964 977 1004 sixt
997 962 1033 997 ὅ)
1046 964 1185 994 donatum
1202 964 1253 1004 effe
1270 971 1378 1005 oportet
1402 966 1422 997 l.
1452 976 1477 998 1.
1498 973 1547 1007 pr.
1566 969 1608 1010 ff.
1633 968 1693 1001 Pro
1707 971 1812 1003 donat.

930 1005 973 1036 Et
1000 1013 1059 1046 pro
1082 1004 1234 1036 derelicto
1258 1016 1354 1037 nemo
1377 1006 1544 1048 usucapit,
1570 1010 1625 1042 nili
1644 1010 1698 1049 id,
1723 1013 1811 1053 quod

930 1054 1040 1077 revera
1055 1055 1115 1086 pro
1132 1045 1284 1078 derelicto
1306 1048 1448 1079 habiturn
1464 1048 1510 1080 est
1522 1074 1531 1088 ,
1558 1061 1630 1083 cum
1649 1051 1725 1084 falsa
1741 1054 1809 1085 exi-

931 1086 1070 1118 stim-atio
1088 1096 1152 1118 non
1173 1085 1307 1119 sufficiat
1330 1089 1350 1120 l.
1372 1091 1402 1121 6.
1426 1089 1466 1130 ff.
1499 1091 1558 1122 Pro
1582 1094 1711 1126 derelict„
1756 1097 1810 1128 Ex

930 1128 980 1159 his
997 1135 1077 1169 puto
1093 1128 1257 1169 constare,
1283 1139 1347 1171 quo
1362 1129 1451 1162 sensu
1471 1132 1507 1163 ad
1526 1134 1746 1175 conjungenda
1765 1145 1810 1169 tea

931 1168 1057 1202 statoris
1076 1170 1106 1201 &
1125 1170 1266 1212 legatarii
1291 1171 1343 1203 vel
1370 1172 1647 1206 fideicommissarii
1670 1185 1815 1218 tempora

932 1211 1088 1252 Ulpianus
1105 1212 1326 1245 deiideraverit
1337 1236 1349 1253 ,
1385 1221 1420 1245 ut
1438 1223 1528 1247 VERE
1545 1215 1584 1249 fit
1603 1217 1743 1259 legatum
1758 1219 1810 1253 vel

931 1252 1220 1286 fideicommissum.
1750 1272 1752 1274 ·

1037 1392 1222 1434 XXII.

70 1492 159 1529 Pura
179 1497 260 1539 puta
282 1488 380 1526 Pauli
406 1487 507 1524 verba
529 1483 609 1534 effe,
634 1493 702 1530 quae
728 1482 876 1531 leguntur
902 1484 936 1519 in
961 1483 1002 1520 L.
1029 1496 1066 1530 4.
1091 1483 1123 1534 §.
1154 1497 1185 1521 1.
1212 1479 1251 1521 ff.
1279 1484 1324 1522 de
1365 1483 1533 1534 Usurpat.
1558 1484 1597 1525 &
1623 1489 1765 1538 usucap.

53 1590 84 1674 ἢ
116 1591 142 1622 it
166 1588 210 1622 ibi
237 1589 372 1621 Paulus:
401 1585 564 1628 Usucapere
583 1580 807 1630 potestscz'lz'qet
829 1581 889 1630 Pa-

137 1631 324 1672 terfamilias.
352 1627 606 1668 Filiusfamilias,
633 1624 669 1660 ἐξ
691 1633 817 1673 qupme
835 1634 888 1671 ma·

20 1677 62 1707 les
93 1679 124 1707 in
154 1671 256 1714 castris
281 1670 477 1713 adquisitum,
505 1669 684 1714 usucapiqffi
707 1665 813 1697 Etiam
837 1665 889 1697 hic

19 1717 99 1749 latet
109 1715 217 1758 anguis
231 1715 262 1747 in
278 1714 390 1753 herba,
410 1712 430 1745 fi
445 1712 552 1743 credas
574 1710 709 1749 CuJacio
732 1707 887 1739 Commeat.

19 1759 57 1790 ad
79 1759 109 1790 d.
131 1757 152 1789 l.
174 1767 203 1798 4.
228 1755 257 1798 §.
284 1765 311 1788 1.
336 1755 366 1786 δί
387 1753 550 1795 Giphanio
577 1752 735 1783 Commeat.
756 1748 794 1780 ad
815 1748 834 1780 l.
859 1759 889 1781 2.

20 1800 52 1832 C.
78 1801 112 1831 de
136 1800 279 1830 Servitut.
298 1796 334 1832 ὅ)
349 1806 397 1838 aq.
416 1794 561 1837 quamvis
571 1790 756 1837 Accursius,
769 1798 804 1822 ut
813 1800 890 1823 mox

18 1841 145 1879 audies,
164 1849 237 1872 ante
254 1847 424 1880 utrumque
438 1837 469 1868 id
484 1836 546 1877 jam
558 1834 746 1867 indicaverit
757 1840 826 1878 ,mut
836 1831 888 1864 sae-

19 1892 58 1924 pe
72 1892 112 1915 ex
129 1891 189 1920 e0,
210 1891 276 1914 non
295 1880 422 1912 laudato
435 1903 444 1918 ,
461 1877 513 1909 sua
527 1875 722 1916 interpolant
738 1874 801 1905 alu.
826 1873 889 1905 Cu·

19 1923 91 1966 jacii
111 1924 194 1956 ratio
208 1923 270 1962 est,
296 1921 382 1963 quod
399 1918 619 1953 filiusfamilias
637 1915 710 1957 Jure
728 1914 891 1947 pandecta.

19 1975 89 1998 rum
103 1974 167 1998 non
184 1963 365 2005 usucapiat,
397 1961 453 1994 nisi
476 1958 658 2004 castrenfia,
682 1958 828 2003 adflantur
851 1964 891 1988 et-

19 2009 101 2045 iam,
126 2003 348 2048 inquit,'qaafi
371 2001 535 2044 casti-easta.
586 2000 620 2032 T
622 2000 890 2045 ribqnianum'xse-

19 2057 58 2080 ro
74 2054 164 2090 putat
180 2045 323 2088 adjeciss'e
346 2045 382 2081 ἐξ
401 2047 545 2084 maxime,
569 2041 655 2084 quod
671 2039 890 2072 filiusfammas

21 2099 157 2130 paganus
174 2085 268 2120 hodie
285 2088 380 2120 etiam
398 2085 573 2118 adventitia
588 2082 682 2126 poffit
699 2080 888 2122 usucapere,

23 2131 96 2171 quia
120 2129 271 2171 possidere
286 2152 296 2169 ‚
327 2129 444 2170 sibique
469 2128 583 2159 habere
597 2122 711 2172 potest.
757 2121 829 2154 Nee
852 2124 892 2156 de

20 2181 61 2202 eo
81 2170 126 2203 cst
141 2171 365 2210 dubitandum,
388 2168 458 2211 post
481 2179 551 2201 uam
570 2167 760 2212 Justimanus
778 2164 891 2212 adven-

22 2212 170 2244 titiorum
193 2211 368 2243 dominium
391 2211 465 2244 filiis
482 2210 602 2242 amilias
625 2209 757 2250 larg1tus
781 2207 827 2239 est
857 2217 890 2239 m

22 2254 45 2286 1.
62 2257 94 2286 6.
113 2258 166 2295 pr.>
188 2254 220 2286 C.
243 2254 277 2284 de
303 2252 390 2284 Bonis
409 2263 468 2294 quae
491 2253 575 2284 liber.
625 2250 744 2282 Eadem
765 2257 893 2290 quoque

18 2295 104 2327 ratio
131 2293 177 2326 est
200 2293 371 2336 Giphanii,
400 2293 455 2326 nisi
471 2293 556 2335 quod
575 2291 640 2334 ipse
657 2290 741 2337 quafi
759 2289 892 2323 castren-

19 2335 96 2369 sium
115 2335 337 2377 usucapionem
355 2335 451 2367 etiam
467 2334 532 2376 Juri
547 2343 636 2366 novo
656 2332 784 2364 tribuat.
827 2332 892 2380 .Ad·‘

19 2377 95 2418 jecit
121 2377 219 2419 igitur
242 2376 280 2412 ὅ)
300 2377 427 2408 maxime
443 2398 454 2415 ,
484 2386 523 2408 ne
540 2375 743 2408 excludamus
763 2383 893 2421 eir‘Jure

19 2427 108 2451 novo
122 2419 314 2457 adventitia,
347 2427 381 2450 ut
403 2417 571 2458 Cujacius,
595 2417 649 2448 vel
666 2416 841 2448 adventitia
861 2416 893 2448 δι’.

20 2460 103 2501 quast
121 2459 284 2492 castrenfia
300 2459 388 2492 fimul
399 2483 410 2499 ,
436 2468 471 2491 ut
489 2458 666 2500 Giplianius
677 2455 868 2504 suspicatur.

61 2501 122 2534 Sed
136 2502 269 2534 nimium
286 2510 327 2533 ne
345 2501 439 2533 crede
463 2501 578 2532 colori.
623 2499 701 2541 Ag1t
720 2498 837 2531 Paulus
853 2498 893 2530 de

20 2541 92 2582 his,
116 2543 169 2584 qui
180 2541 350 2584 usucapere
382 2539 893 2587 ossunt,&ait‚patremfamilias

18 2582 188 2625 usucapere
244 2583 357 2625 ffe‚p0
384 2593 402 2615 e
420 2584 450 2616 ὅ(
464 2581 892 2628 filiumfamilias‚hacmter-

18 2623 172 2665 jefflone,
245 2626 381 2657 maxime
396 2625 532 2657 militem
543 2649 553 2664 ‚
572 2625 657 2666 quod
674 2633 707 2655 in
723 2623 832 2656 castrls
844 2624 894 2655 ad-

44 2666 159 2698 uilivit.
203 2666 236 2698 Si
251 2666 428 2707 interjestio
455 2665 593 2706 abesset,
618 2665 700 2698 nihil
719 2665 830 2706 utique
845 2674 892 2697 es—

18 2677 66 2741 set
84 2708 190 2739 verius
206 2715 337 2749 utraque
354 2707 558 2747 definitione,
589 2715 692 2748 neque
711 2707 796 2738 enim
816 2713 892 2739 tune

17 2749 93 2791 quic
118 2759 186 2780 uam
203 2748 344 2787 diceret,
368 2758 460 2791 quarn
476 2748 642 2789 personam
667 2749 784 2789 patris,
803 2756 892 2790 aeque

18 2799 56 2821 ac
79 2758 274 2821 ficii-{familias
297 2789 497 2831 usucapionis
518 2790 580 2822 esse
596 2799 765 2831 capacem,
789 2798 892 2830 neque

21 2830 148 2862 adderet
165 2853 175 2869 ,
205 2830 238 2861 in
263 2831 352 2870 cujus
375 2840 442 2863 rem
463 2831 710 2863 commodumve
729 2830 892 2873 usucapiat

16 2870 249 2903 filiusfamilias.
294 2871 448 2913 Usucapit
479 2880 584 2905 autem
601 2873 634 2905 in
647 2882 713 2904 rem
729 2873 846 2914 patris,
869 2872 891 2905 fi

19 2911 171 2953 postideat
191 2921 258 2942 rem
283 2912 414 2944 alienam
437 2923 478 2945 ex
493 2913 584 2946 causa
601 2914 774 2956 peculiari,
798 2923 890 2945 exce-

17 2962 74 2995 pta
93 2951 244 2984 castrenfi.
325 2954 388 2988 uod
404 2954 482 2986 adeo
502 2964 613 2987 verum
631 2954 696 2995 est,
722 2963 760 2987 ut
779 2955 864 2988 filius
881 2978 893 2994 ,

18 2995 115 3026 etiam
132 2993 236 3025 infans
263 2993 294 3025 ὃ(
334 2993 475 3035 uriosus,
498 3005 540 3028 ex
555 2995 646 3029 causa
663 2997 815 3038 peculiari
839 3006 891 3038 pa-

20 3035 61 3066 tri
81 3034 298 3076 poffeffionern
313 3034 453 3076 adquirat
472 3036 503 3069 &
518 3036 700 3079 usucapiat,
719 3046 756 3070 ut
774 3037 840 3079 ipse
853 3038 890 3070 il-

18 3076 51 3108 le
70 3075 184 3108 Paulus
201 3074 311 3108 scribit
321 3076 352 3108 in
376 3076 398 3108 l.
422 3085 450 3108 1.
472 3077 504 3117 ς.
523 3087 556 3119 5.
573 3078 614 3120 ff.
638 3081 674 3111 de
697 3079 828 3121 Adquir⁴
842 3079 892 3110 vel

18 3118 104 3149 amit.
117 3116 223 3158 poffeff.
268 3116 389 3164 Quidni
408 3117 505 3159 igitur
517 3119 650 3152 Paulum
663 3121 717 3153 hic
735 3121 891 3161 intelliga-

17 3168 108 3197 mus,
133 3166 228 3199 atque
252 3157 274 3191 fi
302 3157 451 3197 dixisset,
473 3159 574 3192 filium
590 3161 674 3193 reue
692 3160 864 3202 usucapere
881 3183 892 3199 ,

15 3199 96 3272 salx,
116 3208 151 3230 ut
169 3199 289 3272 ἷυίεο,
311 3200 345 3233 in
361 3199 534 3235 utilitatem
556 3203 717 3244 parentis,
741 3201 824 3243 saepe
848 3209 893 3234 ta-

92 3251 146 3272 Om.
189 3264 198 3271 .

932 1592 1005 1615 men
1024 1583 1057 1615 in
1084 1582 1187 1625 suam,
1221 1583 1385 1618 castrensia
1404 1592 1538 1628 nempe,
1561 1586 1698 1629 ideoque
1715 1591 1813 1621 maxi-²

931 1635 975 1656 me
993 1634 1028 1657 ea
1047 1624 1236 1668 usucapere,
1261 1635 1384 1659 remota
1400 1627 1523 1660 scilicet
1538 1628 1672 1670 persona
1687 1631 1784 1671 patris
1795 1629 1815 1664 ‘2‘

932 1666 1063 1699 Habent
1091 1668 1161 1700 haec
1188 1667 1310 1700 sensum
1327 1669 1531 1701 commodum
1543 1694 1552 1710 ,
1579 1671 1610 1703 ἀ
1627 1679 1751 1703 remota
1767 1679 1815 1704 et*

932 1708 994 1755 iam
1014 1708 1207 1742 Triboniani
1222 1709 1356 1752 persona
1374 1711 1586 1752 interJestioni
1614 1711 1667 1745 sua
1687 1713 1814 1748 constat

932 1757 1024 1782 rat1o.

975 1791 1035 1824 Sed
1054 1792 1076 1824 fi
1096 1793 1240 1834 placeat,
1262 1802 1299 1826 ut
1315 1796 1417 1838 vulgo
1435 1796 1560 1838 placet,
1573 1791 1725 1839 quicquid
1734 1796 1815 1830 Pau-

932 1833 982 1866 lus
996 1834 1040 1865 ait
1058 1834 1097 1866 de
1115 1834 1202 1876 filio,
1228 1836 1409 1878 intelligere
1435 1838 1474 1869 de
1493 1838 1581 1877 filio,
1606 1840 1658 1880 qui
1683 1839 1738 1871 fibi
1757 1840 1814 1882 ipfi

933 1874 1099 1917 usucapit‚
1124 1886 1185 1919 ego
1201 1877 1306 1909 rursus
1321 1888 1386 1911 non
1405 1879 1621 1918 intercedam,
1653 1880 1702 1920 &,
1737 1881 1815 1922 quid

934 1917 1012 1948 mihi
1032 1917 1178 1951 videatur
1195 1943 1206 1959 ,
1239 1928 1397 1960 exponam
1411 1944 1421 1960 ‚
1447 1920 1613 1962 postquam
1629 1921 1815 1955 Accurfium

935 1966 1132 2000 praeeuntem
1158 1961 1381 1993 audiverimus.
1435 1962 1494 1994 Ille
1519 1971 1611 2003 putat
1638 1964 1664 1992 τέ
1686 1965 1816 1996 maxime

935 2000 1110 2040 abundare,
1143 2002 1230 2044 quod
1254 2003 1292 2034 ad
1316 2002 1381 2034 sola
1396 2003 1558 2035 castrenfia
1574 2004 1728 2037 referatur
1745 2015 1813 2037 ora-

935 2042 1005 2081 tio,
1029 2041 1081 2074 sed
1103 2043 1174 2075 haec
1201 2053 1285 2076 mera
1305 2045 1354 2076 vis
1370 2044 1426 2076 est.
1471 2045 1533 2077 Vel
1550 2046 1703 2088 intelligit
1723 2047 1762 2078 de
1777 2047 1815 2079 fi->

933 2083 1119 2116 liofamilias
1151 2087 1277 2118 maxime
1309 2086 1425 2125 milite,
1445 2086 1508 2118 hoc
1527 2085 1572 2118 est
1588 2110 1597 2126 ‚
1622 2088 1678 2129 qui
1697 2098 1730 2120 re
1748 2086 1814 2130 ipsa

934 2125 1053 2157 militat
1064 2149 1074 2165 ‚
1121 2127 1184 2158 uod
1202 2127 1242 2158 de
1259 2136 1411 2159 veterano
1426 2128 1526 2169 magis
1545 2129 1639 2169 poffit
1655 2130 1817 2169 dubitari,

934 2166 965 2199 &
982 2167 1083 2208 major
1111 2169 1138 2200 it
1153 2168 1236 2209 Juris
1250 2169 1332 2200 ratio
1353 2170 1385 2201 in
1403 2179 1461 2209 eo,
1492 2171 1546 2211 qui
1563 2170 1762 2212 Reipublicae
1780 2181 1815 2203 o-

933 2218 1040 2250 peram
1057 2218 1153 2242 navat
1171 2209 1378 2251 praesentem,
1404 2221 1496 2253 quarn
1514 2211 1546 2243 in
1562 2221 1623 2251 eo,
1647 2213 1702 2254 qui
1718 2223 1813 2245 nava-

934 2251 986 2283 vit
1001 2250 1090 2284 olim.
1137 2251 1219 2298 Quae
1242 2252 1484 2294 interpretatio,
1520 2255 1664 2295 quamvis
1681 2255 1750 2286 aliis
1769 2255 1817 2289 vi-

934 2292 1024 2324 deam
1046 2293 1192 2334 placere,
1227 2294 1306 2325 mihi
1326 2294 1399 2326 ideo
1415 2293 1584 2336 displicet,
1606 2295 1681 2337 quia
1694 2296 1816 2335 milites

935 2334 967 2366 ἀ
984 2335 1127 2367 veterani
1148 2335 1179 2366 in
1195 2335 1324 2377 peculio
1340 2336 1403 2376 J'am
1423 2335 1655 2378 subscriptione
1686 2336 1728 2370 D.
1748 2337 1815 2370 Her-⁴

934 2375 1034 2407 driani
1059 2375 1182 2408 fuerint
1212 2377 1348 2418 aequati,
1378 2386 1415 2409 ut
1432 2376 1528 2410 estin
1545 2383 1593 2419 pr.
1619 2376 1692 2420 Inst.
1720 2379 1814 2428 Quibi

935 2426 994 2447 non
1017 2415 1058 2459 est
1076 2424 1172 2459 perm.
1185 2419 1254 2459 fac.
1280 2417 1393 2460 testam.
1437 2419 1485 2451 Ut
1502 2419 1547 2452 ita
1565 2419 1654 2452 Pauli
1665 2430 1738 2453 aevo
1748 2431 1815 2453 non

936 2461 1109 2492 conveniat
1120 2461 1156 2494 ,τί
1186 2461 1326 2492 maxime.
1380 2460 1460 2500 Vel,
1495 2461 1599 2504 inquit
1616 2462 1785 2496 Accurfius
1802 2482 1816 2501 ,

936 2508 1100 2541 MAXIME,
1121 2507 1241 2543 propoer
1255 2502 1405 2543 peculium
1425 2501 1507 2545 quafi
1527 2501 1689 2546 castrense,
1710 2504 1814 2537 &hoe'

936 2543 1059 2583 probo,
1089 2544 1120 2575 ἃ
1145 2552 1223 2575 mox
1240 2544 1333 2585 plena
1351 2553 1446 2576 manu
1461 2544 1634 2587 exsequar,
1659 2546 1732 2587 quia
1755 2550 1817 2577 neo

936 2584 1021 2627 ipse,
1045 2593 1105 2616 nec
1144 2585 1287 2627 uisquam
1304 2585 1402 2625 alius,
1421 2586 1509 2627 quod
1528 2586 1641 2626 sciam,
1662 2586 1818 2628 exseqou

937 2637 989 2659 tus
1005 2625 1061 2658 est.
1139 2627 1190 2666 el,
1221 2636 1292 2668 quae
1339 2635 1428 2659 uarta
1452 2627 1594 2660 Accurfii
1608 2628 1790 2669 eonjetstura
1803 2644 1818 2667 9

937 2669 968 2701 δι’.
990 2666 1092 2709 ipsum
1119 2667 1241 2708 Cuiacii
1269 2669 1300 2701 &
1358 2669 1474 2710 iphanii
1502 2669 1657 2702 emblema
1677 2669 1743 2708 est,
1768 2679 1814 2700 re⁴

925 2710 1031 2751 spexit
1053 2710 1091 2741 ad
1113 2719 1192 2741 nova
1209 2711 1303 2753 jura,
1324 2720 1395 2742 nam
1416 2711 1498 2742 hodie
1521 2712 1554 2742 in
1579 2712 1755 2742 adventitiis
1777 2720 1812 2742 u-

926 2752 1048 2794 Jucapit
1066 2750 1299 2793 filiusfamilias.
1346 2751 1423 2791 Sed,
1444 2751 1518 2783 dum
1536 2752 1622 2783 aliud
1645 2750 1782 2792 superest
1800 2771 1814 2792 5

936 2802 972 2825 ut
991 2793 1057 2825 hoc
1078 2793 1237 2833 dicamus,
1263 2792 1344 2826 seeta
1358 2802 1428 2824 mea
1443 2802 1507 2824 non
1524 2793 1654 2834 patituri
1698 2793 1814 2834 Super-

935 2834 981 2867 est
1006 2842 1113 2866 autem
1142 2834 1227 2866 aliud
1246 2857 1258 2873 ‚
1287 2843 1353 2865 non
1376 2833 1473 2865 modo
1490 2843 1545 2873 ea,
1567 2843 1659 2874 quam
1676 2835 1818 2876 primurn¹

935 2876 1100 2913 dicebam,
1131 2875 1255 2907 ratione
1276 2898 1286 2914 ,
1320 2874 1372 2906 sed
1398 2873 1498 2906 fi-vel
1527 2875 1652 2906 tertiam
1674 2875 1819 2908 Accurfii

935 2917 1150 2958 conJ‘ecturam
1167 2916 1349 2957 sequamur,
1365 2914 1428 2946 hoc
1444 2913 1552 2947 sensu:
1573 2915 1599 2947 F
1602 2916 1817 2955 iliusfamilias

935 2959 990 2991 fibi
1006 2957 1152 2998 usucapit
1175 2956 1260 2998 quasi
1286 2955 1449 2988 castrenfia
1466 2976 1477 2995 ς
1502 2955 1573 2996 sed,
1598 2957 1620 2989 fi
1634 2958 1726 2990 miles
1746 2957 1785 2991 fit
1801 2979 1814 2999 ς

935 3001 1063 3031 maxime
1087 2996 1260 3030 castrensia.
1304 2996 1348 3028 Et
1364 2995 1436 3028 sane
1453 2997 1620 3039 Cuiacius,
1645 3007 1736 3032 antea
1754 2999 1815 3032 lar-⁴

935 3044 1038 3082 gnus,
1062 3038 1158 3070 etiam
1173 3038 1255 3079 quafi
1266 3036 1429 3070 castrensia
1443 3039 1528 3071 reste
1543 3039 1671 3083 usucapi
1690 3046 1816 3082 temp0⁴

934 3081 1022 3113 ribus
1038 3087 1185 3112 veterum
1202 3078 1376 3120 JCtorum,
1401 3079 1454 3111 hic
1472 3080 1566 3113 nobis
1583 3082 1748 3124 negotium
1766 3082 1816 3115 fa:

934 3121 1051 3153 ceffere
1066 3120 1176 3161 nequit
1186 3141 1197 3159 ,
1210 3120 1266 3153 nifi
1281 3120 1448 3162 probaret,
1473 3122 1559 3163 quod
1574 3132 1734 3166 nunquam
1741 3133 1817 3166 prof

934 3162 1037 3200 babit,
1045 3161 1100 3193 sub
1107 3161 1225 3193 vocula
1234 3162 1362 3193 maxime
1372 3164 1481 3204 potius
1495 3163 1630 3206 intelligi
1639 3165 1819 3204 adventitia

936 3212 978 3239 ex
986 3204 1111 3236 ratione
1118 3213 1204 3277 {pais
1213 3203 1303 3244 novi,
1314 3212 1410 3246 quam
1429 3204 1514 3247 quafi
1530 3204 1694 3247 castrensia
1708 3216 1749 3239 ex
1767 3215 1818 3252 raa

1138 3273 1153 3278 ,,
1752 3251 1816 3279 “10⁴
