2008 3436
393 121 696 158 RERUM
771 132 850 157 Er

70 213 173 249 pfgnus
192 212 213 241 fi
234 210 411 247 publicetur,
442 214 485 248 jus
507 215 631 251 pignoris
657 219 716 240 non
742 211 934 247 erstinguitur.

780 252 802 280 Ι.
826 260 888 279 112.
909 262 933 280 a.

171 299 227 318 nou
243 287 342 316 liberat
364 291 539 322 debitorem,
561 288 609 317 nili
626 288 774 318 stut'cccrit.
823 292 887 318 228.
908 292 932 318 Ι).

69 331 201 360 Plenoris
215 331 257 364 jus
280 326 383 357 salvum
401 329 439 357 etl
456 328 587 357 creditori
604 329 695 355 athico
710 349 717 360 ‚
743 329 819 356 lires
836 329 931 363 pigno-

108 377 167 397 rata
185 370 318 405 capiatur.
505 389 510 394 .
821 374 885 400 2237.
906 375 931 394 a.

68 410 168 439 Piratae
186 407 261 438 sunt.
283 405 444 444 quinullius
460 403 594 440 Principis
611 404 775 434 austeritate
788 411 859 434 terra
877 413 932 434 rua-

108 449 188 483 111102
206 455 326 483 rapiunt.
818 451 885 473 222.
905 454 929 472 a.

69 501 148 508 -—-
168 484 235 517 lint,
256 493 307 512 uec
329 493 378 517 ne,
401 480 465 509 inde
481 481 607 517 pendet,
635 490 668 509 an
687 481 848 510 mandatum
865 493 930 520 pra:-

109 524 193 552 daudi
211 524 372 553 habuerint,
408 528 459 548 nec
483 528 526 547 ne.
819 528 884 557 ²24·
905 533 930 551 a,

67 577 147 586 -—
171 570 226 589 uon
247 562 306 589 (rint
319 558 493 594 Algerienscs
510 558 560 586 ἃς.
598 558 634 586 V.
656 559 840 595 Algertenses.

169 601 333 628 Dominium
352 606 409 625 non
427 604 545 625 mutant.
819 606 884 626 220.
905 608 930 626 a.

68 640 169 668 Piratae
190 638 276 666 exuri
293 659 299 669 ‚
331 636 349 664 sr
368 634 462 672 nostros
479 635 529 663 lint
550 634 699 671 depraedati
723 635 748 664 ὅ(
767 638 930 673 capiamur,

107 677 179 714 apud
191 675 302 703 nostros
316 673 783 711 ree'teaccusati&puniripol'sunt.
817 683 881 709 223.
904 677 928 703 Ι).

171 716 220 750 qui
237 722 336 742 exteros
352 714 412 741 sunt
429 713 595 749 depiaezlati,
617 722 652 741 an
669 714 743 750 apud
765 721 816 741 nos
834 714 931 749 depre-

106 752 182 781 hensi
200 762 215 780 a
231 753 312 780 uobis
331 752 448 786 judicari
469 751 578 788 posiiur.
818 760 873 786 224
904 762 929 780 a.

66 793 224 822 Piratarum
238 799 321 829 poena
337 790 459 827 vulgaris
478 789 516 818 cit
538 790 635 827 capitis
653 790 849 826 bonorumque
873 790 930 826 sup-

105 831 229 868 plicium.
823 830 886 856 111111.
907 830 930 856 b.

67 884 146 892 —---
167 878 245 897 more
265 867 392 895 nonnulli
409 867 561 903 puniuntur
584 867 621 894 ob
647 869 823 896 atrocitatem
840 868 930 895 crimi-

107 916 189 939 num,
212 908 276 935 ilcet
293 907 406 943 proprie
425 906 522 933 Piratae
538 914 595 933 non
621 905 681 935 sint.
821 915 886 934 222.
908 908 932 934 1).

69 957 84 975 a
98 947 198 975 Piratis
215 953 295 981 capta
316 944 490 981 postliminio
508 953 563 972 nou
585 952 677 980 egent.
823 946 886 973 ibid.
906 955 931 972 a.

66 986 195 1015 Piraticae
210 985 346 1019 judicium
368 992 402 1011 an
429 983 482 1010 fori
504 984 660 1011 communis
676 984 706 1012 fit
724 1006 730 1015 .
752 992 786 1012 an
807 992 875 1012 vero
897 983 932 1011 ad

106 1024 315 1052 Admiralitates
338 1024 485 1058 pertineat.
819 1030 884 1057 223.
906 1024 930 1051 I).

65 1063 230 1092 Prie-ationis
247 1069 313 1097 crgo
330 1061 468 1088 habentur
484 1061 566 1088 ctiam
588 1059 700 1095 praedia.
777 1062 797 1088 I.
822 1064 883 1094 187.
907 1062 930 1089 b.

65 1100 200 1138 Piarw'ffl’
218 1101 296 1138 Jctis
321 1099 423 1127 dicitur
436 1119 444 1132 ‚
475 1099 553 1135 quod
573 1099 626 1135 pr‘o
650 1108 678 1126 rc
693 1104 768 1127 certa
785 1098 837 1127 fuit
854 1100 930 1127 habi<

107 1148 176 1168 turn.
820 1146 882 1172 152.
905 1148 929 1165 a.

65 1179 154 1214 Plagir'
175 1177 289 1204 crimen.
820 1184 883 1211 355.
904 1178 928 1204 l).

67 1219 103 1246 de
126 1216 270 1252 Plagiariis
296 1214 357 1242 Lex
379 1214 464 1241 Fabia
480 1235 486 1246 ,
520 1214 597 1247 cuius
620 1214 749 1249 cognitio
773 1214 930 1251 specialiter

103 1255 236 1282 dataerat
247 1251 416 1290 quibusdam
426 1253 658 1281 Procuratoribus
672 1253 794 1281 Caesaris.
837 1258 882 1289 65.
903 1264 928 1282 a.

65 1294 227 1325 Plumbatae.
724 1300 769 1320 20.
790 1302 815 1320 a.
838 1296 882 1327 38.
905 1294 929 1321 b.

64 1333 197 1362 Piae-erac
212 1330 246 1359 ab
262 1330 379 1365 antiquo
390 1330 492 1366 pluveo.
818 1339 883 1366 249.
905 1333 929 1360 h.

66 1372 147 1400 Prima
166 1378 219 1406 pro
237 1367 331 1406 rasuris.
620 1369 642 1396 Ι.
673 1371 716 1398 18.
735 1378 758 1396 a.
782 1369 816 1398 11.
840 1378 883 1404 19.
905 1371 929 1398 b.

83 1414 85 1416 '
167 1408 292 1445 capitalis
315 1415 374 1435 non
401 1412 510 1435 tantum
534 1407 572 1434 ob
594 1405 690 1435 dolum
713 1407 851 1443 irrogatur
866 1410 931 1446 Jure

105 1447 193 1476 civili.
791 1447 813 1475 1..
836 1455 885 1481 91.
905 1457 931 1477 a.

166 1485 248 1513 variae
264 1485 299 1512 ab
316 1482 449 1512 adulteris
464 1483 595 1518 privatim
611 1483 803 1518 exigebantur.
821 1494 883 1520 152.
907 1487 931 1515 b.

165 1525 280 1552 nomine
305 1523 404 1559 legata.
445 1523 480 1550 V.
500 1522 628 1557 Legata,
660 1521 799 1551 hereditas
816 1544 825 1559 ,
852 1524 932 1553 fidei-

103 1562 262 1596 commill'a,
283 1561 406 1590 libertas.

66 1612 100 1632 an
119 1603 221 1634 Poena,
243 1609 277 1629 an
294 1600 424 1629 conditio
439 1620 448 1635 ‚
476 1607 510 1627 an
534 1598 682 1627 translatio
699 1598 745 1634 fit,
768 1600 844 1629 unde
860 1600 929 1637 diju-

105 1640 265 1669 dicandum.
643 1666 647 1671 ,
863 1648 928 1675 451.

64 1680 94 1708 in
109 1680 203 1708 Poenis
223 1678 280 1706 fere
296 1676 427 1714 distingui
443 1676 511 1705 solet
528 1677 600 1706 inter
615 1677 739 1705 austeres
758 1675 784 1704 δε
806 1677 929 1715 reliquos

82 1728 83 1731 ¹
104 1716 229 1754 eiusdem
249 1716 341 1745 delicti
356 1723 469 1744 correns
485 1737 494 1750 ‚
522 1716 595 1745 inter
609 1715 784 1745 honestiores
799 1716 825 1745 ἃ
841 1718 930 1746 humi-

100 1756 194 1784 liores.
814 1759 881 1791 426.
902 1766 929 1786 a.

63 1795 198 1828 Poenahs,
217 1802 271 1831 pro
286 1801 321 1822 eo
337 1814 345 1828 ,
364 1793 409 1830 qui
423 1799 521 1830 poenam
537 1795 643 1823 meruit.
835 1803 881 1823 20.
902 1805 928 1824 a.

63 1833 192 1863 Poenales
214 1831 302 1861 modi.
815 1837 880 1869 456·
903 1835 927 1863 b.

62 1872 185 1902 Poenalis
205 1871 334 1899 conditio
349 1869 454 1904 adiecta
471 1869 568 1899 heredi
584 1870 629 1899 vel
646 1871 781 1907 legatario
796 1892 805 1906 ,
840 1881 853 1899 a
871 1880 928 1908 quo

102 1910 250 1946 legabatur
267 1931 275 1944 ,
303 1908 348 1938 vel
363 1910 389 1937 ei
404 1931 411 1943 ‚
442 1909 487 1938 cui
507 1909 667 1946 legabatur,
688 1919 722 1939 an
739 1910 816 1948 quod
836 1910 872 1939 ad
888 1910 929 1939 ef„

102 1948 202 1977 sectum
236 1949 291 1976 uris
306 1969 313 1980 ‚
336 1947 449 1977 interiit.
861 1952 926 1985 448.

63 1987 192 2017 Poenales
233 1987 410 2022 ipulationes.
717 1988 753 2015 ΙΙ.
777 1991 840 2023 368.
863 1992 927 2023 369.

62 2027 238 2056 Poenitentiae
252 2023 344 2054 locum
362 2033 396 2053 an
414 2023 481 2054 dent
495 2026 635 2054 minorum
652 2025 797 2063 sponsalIa.
819 2028 854 2056 V.
870 2028 928 2056 Mi-

103 2073 214 2093 norum.
565 2076 569 2081 ·

63 2103 154 2132 Polire
168 2125 176 2136 ‚
195 2104 309 2140 politus,
329 2103 480 2138 politiones.
503 2102 580 2139 quid.
766 2104 789 2132 Ι.
812 2111 855 2139 79.
881 2107 927 2134 80.

64 2142 182 2175 ΡοΙίιον,
202 2150 255 2178 pro
271 2140 409 2177 agricola,
430 2150 568 2176 nusquam
586 2141 695 2170 lcstum.
837 2146 882 2172 80.
903 2145 928 2171 b.

62 2181 194 2216 Politique
211 2180 390 2208 Ordonrzantie
405 2189 457 2209 van
471 2179 600 2209 Hailand.
801 2182 837 2210 11.
859 2190 891 2226 41
895 2185 926 2247 t}

64 2218 271 2286 1301Ιὶιίξᾶιῖοὲ11
300 2254 326 2284 ἃ
351 2255 412 2283 voti
436 2256 601 2285 differentia:
624 2264 707 2294 quam
729 2222 927 2294 plurimaejbzl..

774 2304 836 2330 191.
860 2305 870 2325 1
897 2305 924 2325 2.

63 2333 154 2364 Pondo
170 2333 275 2370 semper
293 2333 416 2370 appendi,
426 2341 483 2361 non
494 2334 633 2361 numerari
647 2333 788 2362 dicuntur.
802 2336 837 2363 11.
851 2305 894 2370 1353
903 2337 928 2364 b.

63 2373 225 2407 Pontifices,
244 2372 291 2408 qui
307 2375 350 2406 jus
373 2371 475 2399 sacrum
500 2371 707 2400 constituebant
722 2372 747 2400 δι
764 2374 927 2410 interpreta-

83 2420 86 2423 ’
103 2413 215 2444 bantur,
230 2411 297 2437 olim
314 2411 396 2438 etiam
412 2411 454 2444 jus
463 2409 544 2437 civile
554 2410 781 2439 moderabantur.
798 2412 817 2439 1.
828 2414 927 2446 412.b.

63 2450 209 2480 Pontiticis
239 2449 360 2477 Maximi
389 2449 486 2476 titulus
513 2448 676 2477 adscribitur
700 2449 875 2486 Principibus
898 2451 927 2479 in

100 2488 216 2518 Edietts.
815 2496 880 2523 421.
900 2499 926 2518 a.

62 2527 229 2557 Pontificem
244 2526 311 2553 olim
328 2524 402 2562 apud
419 2525 565 2553 Romanos
582 2526 611 2554 in
625 2526 669 2561 J'us
685 2533 788 2554 vocare
804 2535 839 2554 an
859 2527 926 2555 sem-

84 2574 151 2602 'per
168 2564 247 2593 nefas
263 2564 356 2592 fuerit.
757 2565 793 2593 II.
817 2573 879 2600 153.
899 2567 925 2596 h.

62 2604 205 2635 Pontificii
219 2603 384 2631 Sacerdotes
400 2624 408 2636 ,
441 2610 475 2630 an
499 2601 566 2630 olim
583 2602 673 2631 Curiae
688 2601 841 2631 subfuerint
854 2604 924 2632 Hol-

102 2642 178 2670 land.
471 2650 475 2653 ¹
813 2649 876 2676 310.
898 2653 923 2672 a.

84 2688 88 2692 ·
205 2678 387 2707 Ecclefiastici
402 2700 410 2712 ‚
441 2678 486 2706 vel
515 2677 589 2707 sacra
617 2687 726 2714 eorum*
741 2679 805 2708 loca
832 2689 866 2709 an
890 2690 925 2710 ex

97 2718 265 2748 testamento
281 2725 379 2753 capere
393 2717 504 2753 poffint.
859 2727 926 2754 374,

199 2763 251 2784 an,
273 2754 298 2783 δι
313 2761 450 2791 quatenus
470 2755 563 2784 testari
584 2755 693 2792 poffint.
859 2761 924 2793 376.

62 2797 181 2826 Pontius
205 2793 310 2822 Pilatus
333 2794 501 2822 Procurator
523 2794 608 2830 Syriae
623 2794 647 2822 δι
662 2794 761 2831 Judaeae
776 2794 845 2829 fuit,
879 2796 925 2824 sed

82 2832 86 2835 ’
101 2834 201 2873 Judaeae
217 2840 279 2860 cum
295 2830 442 2859 Praefidiali
457 2832 610 2868 potestate,
626 2841 682 2861 non
699 2833 792 2869 Syriae.
833 2835 855 2862 1.
877 2838 924 2864 66.

62 2873 187 2912 Populus
202 2871 277 2900 idem
293 2875 387 2898 manet
401 2890 410 2903 ,
440 2869 505 2898 licet
530 2877 652 2901 mutetur
667 2872 756 2900 forma
772 2873 925 2909 regiminis,

757 2911 794 2939 11.
816 2914 881 2945 287.
900 2921 926 2940 a.

63 2950 213 2979 Portorr'um
227 2947 300 2977 idem
317 2945 394 2984 quod
410 2946 537 2980 vectigal.
770 2951 792 2977 1.
814 2958 879 2983 209.
899 2960 924 2978 a.

62 2992 91 3018 in
104 2987 195 3016 ‘Portu
211 2987 302 3016 Amici
319 2994 353 3013 an
370 2985 453 3013 liceat
473 2993 573 3021 capere
592 2986 637 3014 vel
659 2987 773 3023 aggredi
798 2987 924 3022 hostem,

100 3027 191 3055 Amici
207 3033 265 3054 non
291 3023 407 3052 hostem.
448 3024 482 3052 V.
502 3023 613 3053 Hostes.

62 3066 204 3095 Portubus
219 3063 366 3092 hostilibus
381 3083 387 3094 ‚
408 3061 526 3090 navibus
542 3061 635 3090 cinctis
652 3062 677 3090 δε
696 3064 805 3093 obseffis
820 3086 827 3097 ,
855 3064 926 3093 nihil

101 3105 253 3140 quicquam
270 3101 336 3129 licet
353 3100 501 3128 advehere.
713 3103 749 3131 11.
772 3111 837 3131 212.
859 3110 925 3137 213.

61 3147 140 3165 —·—-
163 3140 231 3177 quid
246 3141 299 3168 hac
315 3139 349 3168 de
364 3147 394 3167 re
416 3138 593 3167 decreverint
613 3138 736 3169 Ordines
753 3142 857 3170 Gener.
878 3144 924 3169 26.

89 3180 164 3225 Jun.
188 3183 270 3214 1630.
859 3187 923 3214 213.

928 122 963 158 v
999 123 1027 158 Ε
1063 114 1416 162 tt'ssottUM.

1767 144 1836 177 507

978 213 1017 242 Po
1044 222 1056 240 e
1075 222 1127 249 pro
1148 214 1245 242 debere.
1702 222 1725 248 1.
1747 222 1791 249 86.
1814 220 1838 246 b.

977 251 1155 288 Pulsiffi'onem
1179 262 1256 280 maizu
1272 253 1385 280 militari
1403 254 1563 291 transferre,
1581 257 1657 292 quid.
1792 260 1838 290 85.

976 290 1106 319 l’otl'etlio
1124 299 1152 318 ut
1172 291 1345 318 nanciscatur
1360 293 1485 319 omnium
1503 303 1607 327 rerum,
1629 305 1690 331 quse
1706 298 1732 325 111
1748 296 1838 324 fundo

1016 329 1093 360 suut,
1116 337 1172 356 non
1194 329 1372 357 neccisarrum
1394 330 1522 364 videtur,
1545 339 1574 359 ut
1598 333 1705 369 lingula:
1720 343 1838 370 (luceque

1013 367 1198 402 corporaliter
1222 368 1491 403 apprehendantur,
1527 369 1571 397 sed
1601 371 1699 399 sullicit
1730 375 1839 399 animus

1014 405 1170 442 pollidendi
1185 424 1194 439 ,
1224 414 1288 435 cum
1309 406 1448 443 potestate
1473 409 1701 443 apprehendendi
1723 412 1840 444 coujun-

1013 444 1079 470 ξὶυς.
1730 456 1792 476 211.
1813 452 1838 476 [ν.

974 481 1105 510 Posse-llio
1122 480 1147 509 ὃ(
1165 481 1320 511 dominium
1337 483 1397 519 pari
1417 481 1492 520 passu
1516 483 1661 512 ambulant
1681 486 1742 519 jure
1759 494 1839 514 natu-

1012 529 1056 548 ra).
1669 524 1705 551 ll.
1729 532 1792 559 124.
1813 536 1840 553 α.

973 572 1052 579 ——
1075 557 1092 585 fi
1116 559 1207 586 amiss‘a
1228 558 1285 593 est,
1300 561 1384 587 etiam
1407 558 1563 589 dominium
1580 561 1724 590 amittitur.
1777 564 1841 591 ibid.

973 610 1052 618 —-
1074 595 1157 624 solius
1172 598 1255 625 animi
1274 607 1306 626 ex
1320 598 1382 632 jure
1398 598 1473 627 civili
1492 599 1541 628 ei’t.
1728 608 1792 634 129.
1814 611 1838 628 a.

975 649 1050 656 —
1076 635 1102 661 in
1125 635 1172 663 usu
1194 635 1325 664 consistit.
1775 640 1839 667 initi.

974 672 1104 701 Poffcffio
1119 682 1202 702 mans
1219 674 1284 710 quid
1302 673 1418 711 praestet.
1729 678 1793 706 ibid.
1815 679 1839 706 Ι).

1112 713 1308 741 immobilium.
1351 714 1385 740 V.
1405 715 1572 743 Immobilia.

974 749 1148 778 Polli-silonis
1169 751 1353 787 adipiscendae
1372 751 1509 786 judicium
1527 763 1561 783 an
1580 754 1686 791 semper
1707 754 1742 782 ad
1761 753 1842 782 alter-

1008 796 1098 816 utram
1116 790 1228 818 Curiain
1247 791 1420 827 pertinuerit.
1730 801 1793 828 312,
1815 795 1840 821 b.

973 827 1108 855 Poffeisor
1128 829 1227 857 axdituu
1249 837 1306 857 non
1327 829 1445 866 possidet
1461 829 1581 867 singulos
1599 830 1720 868 lapides,
1743 833 1837 867 tigna,

1012 873 1144 894 caementa
1159 889 1166 900 ,
1196 874 1334 904 quatenus
1359 873 1491 905 tanquam
1515 878 1556 897 res
1575 871 1695 898 mobiles
1713 870 1840 898 contiue-

1013 913 1127 938 rantur,
1150 906 1194 933 sed
1208 908 1270 941 jure
1286 906 1472 935 univerfitatis
1486 929 1493 940 ‚
1518 915 1654 944 quatenus
1671 910 1728 938 haec
1743 911 1842 937 omnia

1010 944 1081 971 iuter
1103 942 1128 972 se
1145 945 1293 979 conjuneta
1311 947 1388 978 sunt,
1410 946 1528 981 pollidet
1545 946 1675 976 dominus
1695 969 1702 981 ‚
1732 948 1757 976 &
1780 948 1840 976 usu-

1011 983 1087 1019 capit
1104 989 1236 1017 tanquam
1253 993 1295 1012 res
1310 984 1478 1013 immobiles.
1680 988 1702 1015 1.
1728 995 1794 1014 212.
1814 998 1840 1015 a.

1110 1022 1188 1049 malae
1209 1022 1297 1054 fidei,
1326 1023 1404 1059 quod
1420 1022 1555 1059 pout-dit,
1587 1023 1612 1051 ἂ
1633 1032 1666 1052 ex
1680 1025 1839 1053 hereditate

1011 1059 1149 1096 poffidere
1167 1059 1260 1093 dcfiit,
1283 1060 1338 1088 five
1358 1061 1440 1093 dolo.
1470 1061 1527 1089 ssve
1542 1062 1623 1099 culpa
1640 1085 1647 1096 ‚
1680 1062 1734 1092 five
1754 1064 1817 1093 casu
1831 1086 1841 1100 ‚

1013 1098 1040 1126 id
1073 1106 1156 1126 omne
1181 1099 1280 1127 viftori
1314 1099 1458 1127 restituere
1480 1101 1580 1132 debet.
1610 1103 1695 1131 etiam
1719 1102 1841 1137 fruetus,

1012 1144 1071 1164 non
1098 1143 1207 1165 tantum
1231 1146 1302 1174 quos
1326 1146 1474 1175 percepit,
1503 1139 1548 1168 sed
1566 1139 1590 1168 ὅ(
1612 1148 1682 1177 quos
1697 1143 1842 1178 percipere

1010 1176 1113 1212 potuit.
1726 1184 1792 1209 262.
1812 1192 1839 1210 a.

1107 1214 1189 1242 bonae
1212 1214 1297 1249 fidei,
1327 1215 1398 1244 nihil
1414 1215 1556 1250 restituit,
1584 1217 1635 1245 nili
1657 1226 1790 1254 quantum
1807 1228 1841 1248 ex

1012 1261 1044 1280 ea
1061 1262 1090 1280 re
1107 1252 1279 1289 locupletior
1295 1254 1334 1282 est
1351 1254 1447 1282 faetus.
1776 1259 1842 1286 ibid.

973 1291 1179 1320 Postliminium
1201 1300 1250 1320 cur
1275 1291 1307 1321 fit
1328 1293 1356 1321 in
1373 1292 1459 1321 bello.
1749 1303 1794 1330 37.
1815 1300 1841 1326 b.

1108 1331 1136 1358 111
1154 1338 1224 1365 pace
1243 1338 1302 1359 non
1317 1331 1449 1359 omnibus
1468 1331 1506 1359 est
1520 1354 1527 1366 ‚
1552 1331 1597 1361 sed
1614 1333 1656 1361 his
1671 1353 1680 1368 ‚
1702 1336 1749 1370 qui
1767 1336 1841 1364 bello

1014 1369 1105 1398 subito
1122 1374 1186 1397 orto
1201 1368 1274 1406 apud
1291 1369 1383 1398 hostes
1400 1369 1664 1407 deprehenduntur,
1685 1372 1704 1400 fi
1720 1373 1789 1402 nihii
1807 1375 1842 1403 de

1010 1408 1042 1436 iis
1059 1414 1172 1436 cautum
1188 1406 1219 1436 fit
1236 1407 1344 1444 legibus
1364 1409 1450 1445 pacis.
1777 1414 1840 1442 ibicl.

1110 1446 1145 1474 ad
1161 1454 1204 1474 res
1220 1447 1270 1475 soli
1293 1448 1438 1484 pertinet,
1467 1455 1525 1476 non
1551 1448 1586 1477 ad
1607 1457 1649 1477 res
1671 1450 1790 1480 mobiles
1812 1453 1842 1482 111

1013 1485 1107 1522 praeda
1120 1492 1217 1521 captas
1236 1507 1242 1517 ‚
1264 1494 1326 1522 quae
1342 1486 1514 1522 capientium
1529 1486 1609 1516 fiunt.
1795 1495 1842 1525 76.

1108 1525 1194 1552 etiam
1209 1523 1252 1552 his
1266 1523 1305 1552 est
1316 1544 1325 1560 ‚
1346 1525 1394 1562 qui
1415 1525 1491 1553 bello
1512 1527 1587 1562 capti
1604 1525 1630 1554 ὗε
1645 1535 1714 1564 pace
1728 1529 1839 1562 reversi,

1009 1568 1150 1591 renovato
1165 1561 1240 1590 bello
1256 1563 1357 1592 iterum
1372 1564 1537 1601 capiuntur,
1558 1563 1585 1593 &
1599 1564 1635 1594 fic
1651 1564 1687 1594 ad
1704 1566 1837 1603 pristinos

1013 1601 1144 1629 dominos
1157 1607 1345 1630 revertuntur.
1728 1606 1792 1634 ibid.
1813 1608 1840 1636 b.

1102 1647 1162 1668 non
1183 1639 1222 1668 est
1244 1640 1292 1674 ei,
1320 1648 1402 1677 quem
1416 1646 1497 1678 pater
1516 1641 1668 1677 vendidit,
1702 1642 1728 1671 &
1742 1653 1838 1680 quare.

971 1731 1086 1740 -——-
1106 1717 1192 1746 etiam
1219 1717 1249 1745 in
1274 1717 1390 1756 integris
1410 1719 1524 1757 populis
1553 1720 1649 1750 locum
1676 1720 1771 1750 habet.
1799 1723 1837 1751 11.

1724 1768 1789 1789 220.
1811 1771 1839 1790 a.

1103 1803 1141 1824 eo
1159 1802 1218 1824 non
1233 1801 1318 1833 egent
1339 1802 1422 1834 capta
1443 1805 1458 1825 a
1477 1797 1588 1827 Piratis.
1723 1806 1789 1827 222.
1811 1810 1838 1829 a.

1111 1833 1188 1863 Vide
1205 1833 1323 1872 amplius
1342 1844 1407 1865 voe.
1425 1836 1600 1870 immobilia,
1620 1836 1748 1866 mobilia.

970 1870 1096 1909 Postula,
1113 1871 1217 1909 pustula
1229 1893 1239 1908 ‚
1255 1873 1348 1911 pusula
1367 1875 1526 1911 promiscue
1542 1875 1653 1904 dicitur.
1678 1876 1702 1904 Ι.
1722 1884 1790 1911 252.
1810 1887 1836 1906 a.

970 1910 1115 1940 Postulare
1137 1912 1186 1948 qui
1201 1913 1416 1949 prohibeantur.
1728 1923 1792 1943 112.
1812 1926 1841 1945 a.

1103 1950 1290 1986 prohibentur
1308 1952 1383 1980 caeci.
1727 1961 1793 1989 114.
1813 1956 1838 1982 b.

970 1987 1211 2017 Postulationibus
1227 1990 1394 2026 prohibetur
1410 2012 1418 2025 ‚
1448 1991 1495 2027 qui
1511 1999 1627 2028 operam
1648 1990 1723 2020 suam
1740 1992 1775 2020 ad
1791 1992 1839 2021 be-

1010 2026 1074 2055 stias
1096 2028 1123 2055 in
1140 2036 1225 2056 arena
1239 2028 1439 2065 depugnandas
1455 2030 1569 2059 locavit.
1727 2038 1790 2066 152.
1811 2041 1838 2060 a.

970 2064 1134 2099 Postumus,
1157 2074 1193 2095 ne
1207 2068 1359 2104 agnatione
1377 2067 1416 2096 sui
1432 2075 1543 2105 rumpat
1558 2067 1753 2097 testamentum
1768 2092 1775 2102 ‚
1797 2070 1839 2098 in-

1006 2103 1161 2133 stituendus
1180 2104 1236 2139 est,
1257 2104 1302 2134 vel
1317 2105 1543 2135 exheredandus.
1591 2110 1656 2142 276.
1679 2117 1703 2136 a.
1726 2110 1791 2142 278.
1812 2110 1838 2136 h.

1104 2143 1291 2173 instituendus
1312 2144 1351 2172 est
1374 2153 1408 2173 ex
1426 2145 1488 2180 jure
1511 2145 1596 2174 Civili
1616 2145 1672 2173 five
1694 2146 1811 2182 antiquo
1826 2166 1837 2181 ‚

1009 2180 1053 2209 vei
1070 2190 1104 2210 ex
1121 2182 1198 2218 Lege
1216 2183 1435 2221 JuniaiVelleia.
1724 2187 1789 2218 276.
1811 2194 1837 2213 α.

970 2219 1095 2249 Postumi
1118 2227 1236 2257 nepotes
1250 2243 1257 2255 ‚
1286 2223 1429 2258 ceterique
1452 2230 1541 2250 mares
1557 2241 1566 2254 ‚
1599 2227 1713 2249 mortuo
1735 2228 1833 2258 patre,

1009 2260 1176 2287 nominatim
1197 2265 1277 2288 erant
1299 2259 1515 2294 exheredandi,
1541 2259 1606 2294 quia
1627 2259 1666 2288 sui
1684 2261 1837 2289 nasceban-

1009 2303 1071 2332 tur,
1094 2297 1140 2326 sed
1155 2305 1190 2326 eo
1205 2299 1286 2332 vivo,
1300 2299 1374 2326 inter
1386 2303 1496 2326 ceteros
1515 2296 1668 2326 sufficiebat
1684 2299 1835 2327 exhereda·
1853 2318 1855 2320 -

1006 2345 1046 2365 re.
1722 2340 1787 2372 278.
1809 2339 1834 2367 b.

970 2374 1103 2403 Potentia
1112 2374 1220 2403 navalis
1232 2384 1247 2403 a
1256 2375 1338 2403 maris
1353 2374 1482 2404 dominio
1495 2382 1530 2403 an
1543 2373 1665 2407 differat.
1688 2376 1723 2404 11.
1736 2379 1797 2410 136.
1808 2378 1834 2405 b.

969 2411 1104 2450 Potestas,
1125 2422 1178 2450 pro
1197 2411 1378 2451 Magistrum.
1696 2414 1717 2441 Ι.
1741 2422 1786 2449 35.
1807 2424 1834 2443 α.

969 2451 1104 2480 Potorium
1118 2451 1215 2479 differt
1234 2453 1269 2479 ab
1293 2451 1397 2488 escario.
1768 2456 1834 2481 216.

968 2489 1163 2519 Praecedentiae
1179 2490 1223 2524 jus
1241 2491 1313 2517 inter
1327 2489 1460 2524 Legatos.
1661 2490 1698 2520 11.
1721 2497 1786 2525 254.
1806 2501 1833 2520 α.

1239 2529 1311 2556 iuter
1330 2528 1485 2564 Principes.
1637 2539 1641 2542 ·
1766 2530 1833 2558 ibid.

1238 2566 1272 2594 de
1290 2573 1325 2594 eo
1340 2567 1409 2603 saepe
1424 2571 1560 2595 certatum
1570 2566 1742 2603 InterReges
1751 2567 1834 2595 Fran-

1004 2604 1052 2632 ciae
1072 2604 1097 2633 ὅ(
1114 2604 1264 2641 Hispaniae.
1338 2604 1341 2609 ’
1721 2606 1784 2635 ibid.
1807 2607 1833 2635 b.

968 2656 1082 2666 >—-
1237 2643 1272 2671 de
1287 2651 1323 2671 eo
1338 2643 1386 2679 qui
1410 2642 1573 2680 disputant,
1601 2642 1621 2670 si
1641 2643 1667 2670 in
1685 2651 1771 2672 unum
1793 2643 1833 2671 lo-

1007 2690 1071 2710 cum
1095 2681 1218 2710 debeant
1239 2683 1394 2716 eonvenire
1407 2702 1417 2717 ,
1444 2681 1592 2719 qnomodo
1610 2683 1666 2709 hoc
1681 2683 1831 2710 terminan-

1008 2720 1085 2750 dum.
1723 2722 1786 2750 288.
1804 2729 1831 2750 a.

968 2758 1162 2788 Praecedentiae
1181 2759 1224 2794 jus
1244 2760 1317 2789 inter
1332 2757 1455 2786 Ordines
1469 2756 1608 2785 Foederati
1623 2756 1722 2793 Belgii.
1762 2758 1830 2788 Vid.

1007 2797 1131 2826 Ordines
1150 2798 1228 2827 Foed.
1248 2797 1326 2832 Belg.

967 2835 1108 2873 Praecepta
1127 2835 1285 2864 officiorum
1304 2839 1442 2870 quatenus
1464 2831 1658 2869 distinguenda
1675 2843 1690 2862 a
1710 2842 1830 2872 praecep.

1006 2875 1040 2902 tis
1055 2874 1081 2902 δι
1097 2874 1200 2910 regulis
1214 2874 1292 2908 juris.
1671 2874 1694 2900 1.
1717 2881 1782 2908 359.
1803 2883 1829 2902 a.

966 2911 1062 2941 Praeda
1083 2914 1160 2942 navis
1176 2911 1283 2940 hostilis
1298 2931 1305 2944 ,
1329 2918 1412 2947 quam
1431 2918 1487 2939 una
1502 2909 1630 2946 pluresve
1645 2917 1732 2939 naves
1748 2920 1832 2948 cepe·

1004 2957 1071 2980 runt
1086 2972 1094 2984 ‚
1121 2949 1182 2979 aliis
1199 2957 1262 2978 cum
1277 2954 1422 2986 caperetur
1435 2948 1631 2986 praesentibus,
1654 2957 1689 2978 an
1706 2949 1737 2977 fit
1753 2958 1830 2979 com-

1006 2990 1107 3018 munis.
1657 2988 1694 3016 ]1.
1716 2996 1782 3023 225.
1802 2990 1829 3018 b.

1070 3032 1152 3063 capta
1173 3035 1188 3054 a
1210 3027 1276 3054 navi
1290 3047 1299 3059 ‚
1327 3034 1386 3055 non
1405 3025 1497 3054 erniss'a
1511 3024 1546 3053 ad
1565 3024 1761 3062 praedandum‚
1783 3027 1830 3056 cut

1007 3065 1038 3093 fit
1051 3064 1251 3099 adjudicanda.
1762 3068 1829 3096 228.

968 3119 1047 3125 -—
1068 3103 1131 3132 casu
1148 3103 1233 3129 obvia
1243 3101 1418 3139 &aprivatis
1428 3109 1509 3138 capta
1521 3102 1550 3131 fit
1560 3103 1740 3140 capientium.
1762 3111 1828 3138 230.

967 3140 1067 3170 Praedae
1082 3142 1227 3170 maritima:
1242 3141 1267 3169 ἃ
1290 3140 1424 3170 terrestris
1438 3141 1576 3177 judiciuin
1593 3141 1628 3170 ad
1650 3150 1721 3180 quos
1743 3143 1827 3179 perti·
1852 3179 1857 3183 ς

1002 3185 1077 3208 neat.
1762 3182 1829 3208 226.

1109 3217 1137 3245 Χ
1157 3224 1175 3253 ,κ
1194 3225 1213 3246 x
1234 3224 1250 3244 2
1762 3217 1832 3245 Pra-
