2008 3436
169 105 457 155 QUAEST.
509 98 734 151 JURIS
783 100 1141 146 PRIVATI,
1193 100 1376 141 LIBAV.
1417 107 1686 147 C.X1V.XV.

49 202 86 226 ut
112 192 165 225 hic
188 193 336 225 definiam
356 216 365 230 ‚
398 190 450 224 sed
477 201 493 224 a
520 190 696 229 Dentisco‚
722 200 794 222 cuin
821 191 920 223 tutela

49 235 220 275 navigans,
240 234 403 274 navigavit
421 234 563 275 periculo
583 231 678 264 solius
695 233 823 265 Mat-vii.
857 233 919 266 Res

47 276 216 308 videbatur
240 276 280 308 fic
308 276 376 308 satis
393 284 489 307 certa.
534 274 639 319 Quare
661 275 866 306 Scabinornm
888 276 919 306 ὅ(

49 317 157 350 Curiae
172 317 331 349 sententia:
351 317 491 358 probata:
505 316 574 348 fluit
589 320 618 350 8.
637 316 722 357 Sept.
739 321 827 357 1728.
845 316 917 357 (τ’.)

92 357 202 403 Quum
219 358 397 391 assecuratae
422 357 520 390 client
546 366 666 388 merces
691 368 753 389 <utin
780 357 918 389 Alarlnt‘x

49 404 83 435 in
105 402 269 442 Vratzkryk
291 406 332 431 tot
353 401 449 432 Cadix
474 400 506 429 in
538 398 691 441 Spanjen‚
717 400 822 438 navis,
846 409 916 441 quae

47 453 170 478 merces
198 442 344 483 portabat
359 464 371 480 ,
394 451 411 472 a
431 439 618 481 praedatoria
639 440 812 480 Hispanica
834 442 917 482 capi-

48 492 120 524 tur,
139 486 170 518 &
186 494 259 517 cum
282 483 438 516 mercibus
461 481 641 522 publicatur
658 490 707 520 29.
724 483 802 522 Maj.
825 492 916 523 1720.

46 526 235 559 sententiam
248 549 258 562 ,
279 525 318 556 de
334 523 548 565 publicatione
563 523 675 556 dictam
687 547 695 563 ,
717 524 787 556 Rex
805 523 917 565 Hispa—

46 569 170 601 niarum
189 566 335 607 probavit
357 570 387 601 8.
409 565 468 605 Jul.
499 573 588 605 1720.
612 575 678 597 non
702 565 844 598 obstante
872 566 917 597 rei

46 609 265 641 vindicatione
284 630 296 646 ,
323 617 415 649 quam
441 606 561 638 domini
591 607 680 639 navis
710 608 741 640 δε
764 607 919 640 mercium

46 650 256 683 instituerant.
302 648 518 688 Rotterdami‚
544 647 596 680 ubi
611 649 773 681 contracta
791 656 858 680 erat
873 658 919 680 as-

46 691 227 731 securatio,
253 690 440 723 affecuratus
459 690 497 721 ab
518 690 780 723 affecui-atoribus
803 690 919 732 repetit

46 734 197 766 damnum
221 743 272 780 23.
296 733 368 765 Ost.
394 742 485 773 17²2·
510 731 592 773 apud
614 731 808 774 Delegatos,
830 741 915 764 nem-

47 785 90 818 pe
112 774 151 806 ad
177 778 284 807 caulas
312 774 482 806 maritimas
498 797 508 812 ‚
534 775 565 805 ὅ(
588 773 618 805 hi
647 783 697 810 29.
721 774 794 814 Apr.
824 783 915 814 1724.

47 816 271 851 assecuratores
286 815 434 848 damnant
458 815 496 846 ad
514 813 693 848 solvendam
723 816 804 848 intra
829 824 916 847 men-

46 858 112 897 sem
131 859 295 901 pecuniam
311 881 320 897 ,
355 867 414 898 pro
446 866 507 897 qua
534 856 774 898 subscripserant
797 880 809 894 ‚
842 865 916 888 cum

47 899 145 934 usuris
165 899 348 938 trientibus,
372 898 393 931 fi
417 897 486 936 post
504 898 594 930 illum
620 897 756 930 mensem
785 897 915 930 solutio-

46 950 119 973 nem
146 939 320 974 differrent.
366 939 622 979 Affecuratores,
653 940 821 981 praeteritis
842 939 914 971 Sca-

47 983 148 1022 binis,
174 992 209 1014 ut
233 983 274 1015 ibi
296 982 391 1019 licet,
416 981 578 1022 appellant
602 981 639 1012 ad
657 980 795 1013 Curiam.
828 979 914 1013 Affe-

48 1034 179 1057 cutatus
190 1048 200 1064 ,
224 1026 260 1066 by
274 1022 425 1065 propositt'e
440 1033 501 1054 van
523 1023 658 1054 Grz'even
674 1033 693 1054 a
710 1024 853 1061 minima,
880 1028 916 1052 ut

48 1076 170 1098 vocant
183 1091 190 1102 ,
203 1068 299 1098 etiam
318 1065 460 1106 queritur
474 1065 513 1095 de
531 1064 701 1104 iniquitate
725 1063 888 1098 sententiae
904 1086 915 1101 ,

51 1109 125 1150 quia
146 1107 268 1140 scilicet
284 1108 314 1140 ei
333 1106 517 1146 adjudicata:
535 1115 599 1137 non
619 1112 708 1137 erant
729 1103 828 1136 usurae
845 1103 917 1146 post

47 1149 187 1183 mensem
204 1171 215 1188 ‚
237 1158 277 1181 ex
300 1157 364 1190 quo
393 1155 511 1178 merces
533 1157 592 1188 pro
614 1146 770 1179 derelictis
790 1145 916 1179 fuerant

49 1191 187 1230 habitae,
213 1199 248 1222 ut
273 1191 304 1222 in
336 1188 549 1221 instrumento
576 1187 812 1220 assecurationis
839 1197 916 1220 con-

50 1240 203 1270 venerat,
225 1241 324 1273 utque
342 1231 438 1262 etiam
454 1230 536 1270 apud
556 1229 732 1271 Delegatos
753 1237 840 1261 erant
863 1239 915 1272 pe-

49 1274 129 1306 titae.
174 1272 271 1306 Curia
292 1283 343 1305 22.
368 1272 454 1312 Sept.
492 1281 581 1312 1729.
606 1270 793 1304 sententiam
821 1269 917 1303 Dele-

49 1324 196 1357 gatoruni
217 1324 329 1347 contra
351 1313 573 1345 ass'ecuratores
591 1312 760 1354 probavit,
786 1312 816 1344 δι
832 1322 919 1353 repa-

51 1357 130 1389 ratis
141 1356 374 1398 gravaminibus
389 1355 561 1386 assecurare
574 1353 694 1386 addixit
707 1353 812 1386 usuras
825 1354 919 1386 trien-

50 1407 100 1431 tes
123 1396 193 1439 post
220 1397 358 1431 mensem
379 1407 396 1428 a
418 1396 573 1428 derelictis
598 1396 753 1428 mercibus
773 1395 918 1437 elapsum.

51 1440 103 1477 Ex
127 1439 339 1480 appellatione
367 1439 405 1470 ad
438 1439 588 1470 Senatum
607 1459 619 1476 ,
649 1437 815 1478 quaesitum
842 1436 888 1469 est
907 1459 919 1476 ,

51 1481 129 1524 quid
143 1481 220 1521 juris
232 1481 249 1513 ‘2

96 1522 332 1555 Affecuratores
350 1521 446 1554 tribus
462 1522 638 1555 rationibus
654 1531 672 1554 a
687 1520 718 1554 se
732 1522 921 1555 amolieban-

50 1570 103 1598 tur
127 1565 285 1599 damnum.
313 1574 340 1596 1.
363 1564 448 1603 quod
474 1564 562 1595 navis
580 1587 590 1603 ‚
616 1564 647 1595 δε
667 1563 794 1604 quidem
816 1574 922 1607 perpe-

52 1616 143 1645 ram,
167 1605 341 1647 navigasset
364 1604 419 1638 sub
445 1605 573 1646 aplustri
596 1603 745 1647 Anglico.
775 1615 804 1638 2.
836 1605 922 1648 quod

49 1648 140 1685 navis
163 1649 261 1680 etiam
285 1656 406 1680 merces
429 1646 554 1680 illicitas
578 1646 739 1688 portass'et.
795 1672 803 1680 .
837 1648 924 1690 quod

52 1689 170 1722 actioni
189 1689 229 1721 de
247 1688 362 1721 damno
385 1688 557 1730 repetendo
584 1689 646 1729 Jam
670 1688 726 1720 diu
745 1691 775 1721 el
789 1690 822 1722 'et
841 1698 920 1731 prae-

50 1730 213 1772 scriptum.
258 1729 347 1763 Duas
372 1731 492 1771 priores
523 1730 662 1762 rationes
689 1731 858 1772 nequidem
889 1731 922 1764 in

50 1772 138 1807 faQo
163 1771 236 1805 satis
261 1772 435 1814 probabant
459 1771 682 1805 assecuratores
697 1795 708 1812 ‚
740 1774 771 1806 ἄ
788 1797 798 1812 ,
822 1773 844 1805 fi
870 1773 922 1805 vel

51 1814 254 1858 probassent,
277 1814 357 1846 nibil
378 1815 547 1855 quicquam
562 1814 601 1846 ad
617 1823 683 1847 rem
701 1816 858 1855 pertinere
874 1815 920 1846 vi-

51 1856 214 1888 debantur.
259 1857 290 1889 Si
307 1855 496 1888 Navarchus
515 1855 689 1887 ostenderit
707 1856 841 1897 aplustre
859 1855 921 1888 An-

53 1898 194 1939 glicum,
217 1907 281 1932 non
298 1898 358 1930 alia
383 1896 473 1928 causa
499 1896 697 1935 ostenderat,
722 1907 813 1939 quam
836 1898 922 1940 quod

51 1938 190 1981 putasset
205 1939 312 1972 navim
320 1938 520 1980 Hispanicum
537 1938 632 1971 fuiffe
646 1938 820 1972 Tureicam
831 1963 841 1979 ‚
851 1949 923 1972 nam

52 1982 138 2013 inter
157 1980 282 2022 Anglos
293 1982 323 2014 &
334 1980 484 2012 Barbaros
499 1980 532 2012 in
547 1979 658 2012 Africa
674 1989 751 2013 tunc
765 1990 826 2022 pax
842 1990 919 2013 erat.

52 2022 107 2060 De
135 2022 258 2054 illicitis
280 2023 435 2057 mercibus
461 2023 493 2055 id
516 2021 639 2063 ajebant
671 2022 894 2055 affecuratores
909 2045 921 2062 ,

55 2064 141 2106 quod
156 2074 251 2096 nemo
267 2065 453 2097 Senatorum
468 2064 539 2096 satis
555 2063 773 2106 intelligebat,
798 2072 920 2097 tantum

52 2106 160 2142 abest,
184 2115 220 2138 ut
235 2106 411 2148 putassent,
436 2107 489 2139 has
510 2114 630 2138 merces
651 2107 706 2138 vel
728 2106 802 2138 navi
827 2105 921 2138 fuisse

53 2147 214 2188 impositas
232 2171 244 2186 ,
273 2148 326 2180 vel
353 2148 560 2188 publicationi
592 2146 714 2180 causam
743 2147 919 2189 praebuiss'e.

54 2189 104 2221 Ad
121 2188 188 2225 haec
206 2190 298 2229 plena
310 2189 373 2221 fide
397 2189 582 2228 constabat,
605 2198 746 2228 merces,
770 2189 822 2221 hic
845 2189 919 2221 affe-

54 2239 198 2266 curatas‚
225 2240 289 2263 non
309 2229 403 2262 fuisse
432 2231 558 2262 illicitas
578 2254 588 2269 ,
619 2231 703 2271 quod
727 2240 823 2262 unum
843 2253 854 2269 ‚
884 2238 921 2262 ut

54 2271 299 2304 ass'ecuratorum
316 2281 352 2304 os
368 2271 536 2303 obturetur
547 2296 557 2310 ,
582 2271 723 2303 sufficere
746 2271 847 2303 visum
864 2271 920 2304 est.

55 2313 101 2346 Et
116 2314 263 2355 quicquid
281 2313 329 2346 his
344 2313 517 2346 rationibus
535 2322 703 2354 peecatum
727 2313 821 2353 effet,
845 2323 919 2355 pec-

1757 123 1826 159 453

961 190 1057 223 cass'ct
1076 188 1282 228 Navarehus,
1305 191 1334 222 &
1355 200 1465 224 contra
1485 195 1550 234 ejus
1566 197 1674 231 dolum
1692 200 1744 231 vel
1761 200 1826 231 cui.

961 243 1031 274 pam
1056 233 1189 265 rotunde
1211 232 1262 264 hic
1278 233 1375 265 etium
1395 244 1461 264 erat
1478 236 1700 278 all'tcuraturn,
1725 242 1755 273 δι’
1771 242 1826 272 tlo-

962 275 1055 306 minis
1081 275 1232 306 mercium
1256 273 1427 306 assecurare
1450 276 1526 306 iicet
1546 301 1555 315 ‚
1590 280 1608 310 1'1
1642 281 1679 311 de
1707 282 1828 313 ligo-{bug

960 315 1303 350 Rotterdaimnenlibns
1325 316 1409 348 recle
1425 316 1581 357 disputavi
1603 319 1689 360 stipi-a
1712 310 1756 354 C.Q
1771 323 1827 354 lv.

960 358 1002 399 aas*
1028 357 1177 388 Pericula.
1225 357 1323 398 Igitur
1341 359 1472 391 sen-„irus
1489 359 1565 390 duas
1588 361 1706 400 priores
1728 365 1826 395 ratio-

961 408 1016 431 nes
1038 398 1163 440 paribus
1185 399 1323 440 stiffi-agis
1344 400 1467 440 rejecit.

1004 440 1111 481 Magis
1129 439 1304 473 laboratum
1331 440 1376 473 est
1401 441 1439 472 de
1468 443 1557 474 tertia
1584 443 1706 476 ratione
1723 468 1732 484 ,
1757 456 1829 478 nam

960 492 1036 514 ecce
1054 481 1082 523 ᾗ.
1110 485 1155 513 16.
1182 482 1223 515 R.
1249 483 1290 515 V.
1323 484 1352 515 ὅ(
1375 482 1404 524 §.
1426 487 1467 520 69
1490 485 1531 516 R.
1567 485 1613 516 Ν.
1638 486 1831 525 desiderunt,

961 532 998 556 ut
1015 524 1096 555 astio
1111 524 1150 555 de
1165 524 1279 556 damno
1299 523 1480 557 instituatur
1499 527 1581 558 intra
1598 526 1721 559 XVIII.
1745 538 1831 560 nien—

961 565 1006 598 ses
1027 575 1044 596 a
1068 565 1182 597 damno
1202 588 1213 604 ,
1242 567 1274 598 in
1296 566 1425 607 Europa
1445 566 1555 606 facto,
1587 568 1728 609 alioquin
1753 578 1832 610 prae-

960 606 1123 648 scriptioni
1138 606 1246 640 locum
1263 607 1346 647 ess'e,
1373 608 1425 639 liic
1449 617 1556 641 autem
1585 618 1658 641 ante
1676 609 1833 643 aetionena

959 647 1136 681 institutam
1158 647 1225 680 fere
1254 649 1417 681 abiverant
1442 650 1552 684 XXII.
1586 651 1706 683 menses
1725 675 1735 689 ,
1769 662 1834 684 non

960 698 1082 722 tantum
1099 700 1116 721 a
1129 689 1244 723 damno
1258 690 1363 729 fauo,
1386 689 1439 722 sed
1455 702 1471 723 a
1487 693 1586 733 prima
1601 692 1756 725 sententia
1776 703 1831 734 pu*

959 732 1150 764 blicationis.
1197 732 1240 764 Et
1269 733 1400 765 Senatus
1421 734 1516 765 etiam
1543 745 1593 766 22.
1619 734 1710 766 Febr.
1739 744 1833 776 ›¹725-

958 773 1113 813 J'udicavit
1131 796 1141 811 ,
1167 781 1308 816 tempora
1327 773 1573 815 praescriptionis
1599 776 1629 808 in
1651 777 1714 808 hoc
1738 786 1834 818 argu-

959 823 1069 847 mento
1093 815 1265 856 diligenter
1294 815 1356 847 ess'e
1385 816 1601 858 observanda,
1638 826 1674 850 ut
1701 818 1830 850 memini

958 865 1009 888 me
1031 856 1136 888 dicere
1160 856 1249 930 ssipra
1276 858 1310 889 C.
1340 856 1417 889 XII.
1450 857 1493 899 vs.
1528 859 1584 891 Sed
1608 870 1699 900 vero,
1724 862 1757 891 in
1772 859 1835 900 fin.

958 897 1115 930 Adversus
1133 898 1182 940 lap
1200 908 1252 931 um
1267 899 1332 939 ejus
1346 901 1497 940 temporis
1514 900 1745 934 restitutionem
1764 901 1833 941 qui-

957 939 1029 971 dem
1050 939 1082 971 in
1105 940 1262 982 integrum
1291 941 1471 973 concedunt
1496 943 1525 974 d.
1559 942 1606 984 ἓξ.
1637 947 1683 975 16.
1709 944 1745 979 &³
1772 947 1826 981 69.

959 979 1010 1012 sed
1031 990 1094 1013 non
1110 981 1166 1013 nili
1187 991 1228 1014 ex
1246 982 1359 1014 idonea
1376 982 1477 1015 causa.
1515 984 1653 1016 Perierat
1668 987 1764 1017 etiam
1784 996 1832 1016 ie-

960 1021 1158 1054 stitutionem
1188 1023 1377 1056 ass'ecuratus
1396 1047 1405 1062 ‚
1440 1024 1491 1057 sed
1527 1036 1591 1058 non
1620 1026 1679 1058 alia
1716 1026 1833 1068 causa,

960 1072 1053 1104 quam
1069 1063 1154 1104 quod
1171 1063 1282 1105 saepius
1300 1066 1526 1098 ass'ecuratores
1548 1068 1586 1099 de
1609 1068 1768 1100 solutione
1787 1069 1834 1100 in-

961 1104 1171 1146 terpellass‘et,
1195 1106 1344 1147 quodque
1363 1106 1413 1146 hi,
1439 1109 1534 1140 variis
1551 1111 1760 1150 praetextibus
1777 1110 1833 1146 nii,

958 1155 1028 1177 eam
1052 1145 1260 1186 distuliss'ent‚
1291 1156 1383 1189 atque
1409 1157 1478 1180 eam
1504 1150 1626 1182 causam
1650 1173 1659 1188 ‚
1689 1161 1834 1193 tunquam

959 1186 1031 1219 satis
1057 1188 1221 1227 idoneam,
1246 1189 1455 1230 probaverant
1476 1190 1601 1231 Judices
1628 1191 1776 1234 Delegati
1803 1194 1834 1225 dc.

961 1228 1074 1269 Curia,
1099 1239 1209 1262 verum
1226 1230 1265 1262 de
1281 1231 1329 1262 his
1346 1232 1491 1264 omnibus
1509 1233 1590 1265 nihil
1613 1234 1782 1275 quicquam
1801 1234 1834 1266 in

961 1270 1047 1304 fasto
1064 1269 1247 1310 constabat,
1273 1273 1302 1304 ἃ
1317 1273 1451 1304 dubitari
1470 1273 1591 1314 pollet,
1617 1285 1654 1307 an
1683 1276 1735 1307 vel
1767 1275 1832 1307 sola

962 1313 1175 1353 interpellatio
1201 1313 1358 1346 sufficeret
1380 1315 1417 1345 ad
1442 1314 1730 1357 interrumpendam
1754 1327 1833 1358 pra:-

963 1353 1168 1395 scriptionem
1189 1378 1200 1393 ‚
1222 1365 1312 1394 nam,
1337 1364 1372 1387 ut
1395 1356 1483 1396 aiunt
1505 1358 1535 1389 cl.
1559 1357 1606 1398 ᾗς.
1637 1362 1684 1390 16.
1717 1358 1752 1394 &²
1778 1362 1831 1396 69.

961 1395 1028 1436 ipsa
1049 1395 1133 1428 aetio
1159 1395 1348 1428 instituenda
1370 1397 1417 1429 est
1441 1398 1520 1430 intra
1545 1399 1667 1431 XVIII.
1701 1400 1833 1433 menses„

961 1438 992 1470 Si
1013 1444 1115 1469 tamen
1136 1447 1201 1470 non
1225 1446 1349 1470 tantum
1371 1439 1598 1480 interpellass'et
1624 1441 1833 1481 ariboni-atus,

962 1478 1014 1512 sed
1039 1480 1069 1511 ὅτ.
1095 1479 1150 1520 ipsi
1173 1479 1397 1513 affecuratores
1414 1482 1505 1513 'diem
1538 1482 1576 1514 ad
1600 1482 1836 1516 deliberandum

963 1519 1123 1562 petiissent
1142 1543 1153 1560 ,
1173 1522 1228 1554 vel
1255 1520 1479 1562 instrumenta,
1503 1533 1573 1564 quae
1598 1524 1636 1555 ad
1659 1525 1739 1557 hanc
1762 1535 1835 1557 cau-

963 1562 1028 1595 sam
1044 1563 1225 1604 pertinent,
1251 1563 1305 1595 fibi
1320 1564 1462 1597 exhiberi
1477 1564 1698 1606 postulassent,
1721 1568 1773 1598 vel
1795 1564 1836 1598 de

965 1604 1178 1637 transactione
1195 1606 1318 1637 interea
1334 1605 1412 1638 effet
1435 1606 1557 1646 austum,
1579 1615 1616 1640 ut
1633 1608 1702 1640 haec
1727 1608 1836 1640 omnia

965 1645 1068 1678 sanae
1088 1645 1262 1679 affirmabat
1280 1647 1491 1688 affecuratus,
1517 1649 1590 1681 satis
1610 1649 1658 1682 hae
1682 1650 1782 1683 causae
1798 1650 1838 1683 ad

964 1687 1200 1721 restitutionem
1229 1689 1262 1721 in
1293 1689 1448 1730 integrum
1474 1690 1616 1726 sufficere
1641 1691 1715 1725 visae
1744 1691 1841 1731 sunt,

965 1728 1016 1762 sed
1037 1730 1092 1762 has
1107 1731 1239 1771 probare
1253 1741 1320 1765 non
1338 1732 1383 1764 est
1398 1732 1431 1764 in
1446 1731 1555 1772 facili,
1580 1734 1651 1775 quia
1674 1733 1742 1766 fere
1757 1733 1839 1775 intra

963 1772 1105 1812 privatos
1124 1773 1277 1813 parietes,
1300 1774 1432 1806 remotis
1446 1775 1590 1813 arbitris,
1612 1775 1763 1816 ejusmodi
1780 1774 1838 1808 ser-

964 1822 1074 1846 mones
1087 1814 1260 1847 caeduntur.
1285 1814 1378 1848 Unde
1392 1815 1523 1849 Senatus
1537 1816 1683 1849 decrevit
1702 1825 1749 1857 15.
1767 1816 1835 1858 Jan.

968 1864 1059 1896 1729.
1084 1856 1160 1897 (3)
1178 1856 1200 1889 fi
1219 1854 1442 1890 ass'ecuratores
1461 1858 1661 1899 jureJurando
1682 1858 1838 1890 affirmare

966 1897 1065 1938 parati
1084 1898 1199 1938 effent,
1223 1897 1305 1930 nihil
1333 1899 1447 1932 horum
1469 1898 1673 1932 intervenifl'e
1691 1922 1702 1939 ‚
1721 1899 1838 1933 rescin-

965 1938 1087 1971 deretur
1107 1947 1258 1981 utraque,
1284 1949 1376 1981 quarn
1392 1941 1479 1980 dixi,
1505 1941 1678 1982 sententia,
1703 1942 1735 1974 δε
1761 1941 1838 1973 ass'e-

965 1988 1092 2012 curatus
1105 1981 1148 2013 ob
1171 1980 1441 2023 praescriptionem
1466 1983 1693 2025 repelleretur;
1715 1983 1759 2016 fin
1786 1993 1840 2015 au-

964 2022 1084 2068 tem-id
1107 2023 1320 2063 J'usjurandum
1349 2025 1450 2065 jurare
1478 2025 1602 2057 nollent
1620 2047 1630 2064 ,
1652 2024 1838 2066 probaretur

965 2063 1071 2095 Cunae
1098 2064 1252 2097 sententia
1267 2089 1277 2105 ,
1300 2075 1371 2098 nam
1395 2066 1434 2098 de
1458 2065 1557 2099 usuris
1582 2067 1639 2099 illa
1666 2066 1731 2099 sola
1753 2066 1838 2098 recte

962 2105 1174 2146 judicaverat,
1199 2116 1263 2139 non
1288 2115 1411 2140 tantum
1438 2118 1480 2140 ex
1507 2109 1677 2140 conti-actu
1693 2132 1702 2148 ‚
1728 2108 1780 2141 sed
1807 2108 1839 2139 δι’.

964 2147 1112 2188 exlege,
1135 2158 1226 2190 quam
1249 2148 1422 2189 praescribit
1449 2150 1480 2190 §.
1502 2154 1554 2185 68.
1587 2150 1628 2182 R.
1655 2150 1700 2182 N.
1724 2147 1838 2183 Postea

962 2189 1125 2228 comperi,
1145 2190 1178 2222 id
1191 2191 1403 2231 Jusjurandum
1420 2192 1458 2223 ab
1479 2190 1739 2224 ass'ecuratoribus
1769 2199 1836 2221 non

964 2229 1156 2303 pgkaestituff,
1181 2232 1235 2265 sed
1254 2231 1294 2262 de
1321 2240 1388 2264 tota
1412 2233 1471 2264 lite
1496 2233 1577 2264 inter
1601 2239 1707 2273 partes
1739 2237 1837 2264 trans-

964 2282 981 2303 a
1016 2281 1098 2303 ume
1125 2281 1154 2305 e.

663 2411 1188 2449 CAPUTXV.

57 2500 183 2536 Iterum
208 2499 348 2547 disczgffae
376 2499 417 2542 ἐξ
443 2502 567 2547 rejeezae
592 2501 711 2547 aliquot
737 2500 983 2548 afficuratormn
1015 2499 1222 2547 defenfiones.
1274 2500 1432 2536 Nonnihil
1456 2501 1492 2536 de
1517 2500 1644 2546 usuris,
1667 2513 1710 2536 an
1735 2512 1756 2536 a
1782 2501 1839 2536 lite

109 2559 220 2594 mota,
244 2562 287 2585 an
313 2564 334 2586 a
358 2551 535 2598 cuinesiam
569 2550 822 2595 adjudicandis?
850 2549 1090 2596 Afficuratione
1104 2548 1202 2596 faeta
1238 2560 1284 2595 op
1312 2549 1553 2596 bederffelyke
1580 2561 1623 2587 en
1649 2550 1841 2588 onbederf·

108 2599 229 2645 felyke
253 2600 448 2645 goederen‚
465 2600 673 2646 frumentum
699 2598 741 2640 ὅ)
765 2600 917 2634 hordeum
944 2601 987 2634 iis
1013 2601 1145 2634 vocibus
1169 2600 1251 2634 reste
1276 2600 1506 2645 comprehendi.

1567 2600 1619 2634 An
1631 2625 1640 2641 ,
1658 2599 1693 2642 fi
1717 2598 1837 2645 affecta·

110 2650 196 2683 ratio
220 2647 320 2693 fabia
346 2648 394 2693 fic
428 2651 470 2684 ad
494 2649 640 2686 fluvium
665 2649 866 2691 Nannecis,
890 2650 1066 2696 periculum
1094 2647 1340 2695 cfficuratortcitz
1367 2647 1490 2695 ceffet,
1509 2647 1542 2694 fi
1565 2650 1660 2684 navis
1674 2647 1774 2692 salva
1799 2645 1843 2682 ad

103 2696 246 2744 fluvium
267 2702 472 2743 pervenerit,
489 2700 553 2745 sed
577 2710 697 2736 merces
718 2700 877 2745 perierint
897 2725 907 2742 ‚
933 2706 1104 2745 antequam
1130 2700 1164 2733 in
1191 2698 1311 2733 Urbem
1337 2699 1521 2733 Nannctem
1537 2696 1681 2745 fument
1706 2696 1842 2735 delatae‘?

165 2794 353 2827 ffecuratum
374 2794 419 2827 est
436 2796 634 2830 Rotterdami
659 2800 707 2830 18.
735 2796 806 2829 ott.
833 2805 925 2838 1721.

178 2843 211 2877 op
223 2835 310 2877 thip
329 2846 365 2867 en
383 2839 456 2879 gued
473 2848 534 2869 van
552 2839 661 2870 Nerva
678 2847 715 2868 en
735 2838 794 2869 alle
813 2840 846 2870 de
871 2840 928 2870 cir-

63 2879 276 2922 cwizjacentien
300 2888 361 2909 ‘1:272
377 2880 445 2910 ιίἰεη
467 2885 509 2910 τοι
530 2878 737 2921 Amsterdam,
762 2880 826 2912 hoc
843 2879 927 2911 addi-

64 2927 122 2958 to,
144 2922 196 2952 dat
213 2921 246 2952 de
263 2918 345 2958 rifico
367 2921 454 2952 zoude
480 2920 577 2960 inopen
597 2931 660 2955 van
676 2922 711 2954 de
733 2932 788 2953 uur
809 2932 846 2953 en
869 2922 929 2963 dag

62 2963 119 3003 af,
142 2963 193 2994 dat
211 2962 259 2993 lm*
268 2963 355 3002 schip
373 2963 459 2994 zoude
474 2961 580 2994 hebben
600 2964 745 3004 beginnen
777 2969 804 2996 te
819 2964 932 3005 equipe-

63 3006 128 3036 r‘en.
171 3002 294 3042 Navis,
320 3013 388 3044 qua:
416 3002 556 3034 Rcvaliae
580 3003 723 3044 jacebat,
745 3005 808 3038 fine
833 3013 932 3037 onere

60 3045 193 3086 ,navigat
209 3043 349 3077 Nervam
365 3044 416 3080 seu
431 3043 572 3079 Narvatn
588 3043 713 3084 versus,
737 3055 773 3079 ut
789 3046 832 3077 ibi
850 3055 930 3079 onus

64 3085 154 3119 suum
176 3086 342 3127 reciperet.
392 3084 503 3131 Quum
527 3085 715 3126 perveniffet
733 3087 774 3122 ad
797 3087 931 3122 fluvium

104 3205 172 3245 (2)
194 3207 332 3247 observat.
358 3207 475 3239 Tumult.
499 3205 571 3237 Tum.
592 3207 629 3238 X.
651 3216 679 3244 η.
698 3213 784 3243 2459.

969 2795 1107 2836 ejusdem
1131 2795 1269 2828 nominis
1287 2816 1298 2832 ,
1327 2794 1479 2831 anchoras
1502 2792 1631 2835 projicit
1654 2793 1690 2834 by
1713 2795 1747 2826 de
1768 2793 1842 2826 Zee-

970 2838 1069 2869 mzmd.
1116 2835 1305 2878 Praeparatio
1321 2835 1358 2866 fit
1374 2835 1412 2867 ad
1427 2845 1508 2867 onus
1527 2834 1740 2874 recipiendum
1751 2858 1762 2874 ‚
1786 2834 1841 2870 sed

972 2877 1119 2921 postridie
1134 2879 1200 2919 ejus
1214 2876 1275 2913 diei
1285 2898 1296 2915 ‚
1321 2886 1375 2912 ,no
1388 2876 1433 2908 ibi
1447 2875 1547 2913 stabat
1562 2875 1596 2907 in
1606 2875 1772 2916 anchoris,
1789 2886 1841 2914 na-¹

966 2921 1021 2955 ‚vis
1037 2944 1047 2961 ,
1076 2919 1197 2962 ingenti
1220 2926 1316 2961 proce
1333 2918 1361 2949 la
1388 2918 1426 2949 ab
1450 2916 1593 2951 anchoris
1613 2917 1651 2948 de
1676 2916 1760 2957 ulsa,
1784 2918 1841 2952 ali-

968 2971 1052 3005 ‚quot
1066 2961 1159 3003 pedes
1175 2961 1206 2992 in
1223 2958 1442 2994 continentem
1459 2959 1596 2999 ejicitur.
1642 2926 1750 3002 &uum
1766 2958 1842 2993 affe-

973 3012 1100 3037 curatus
1113 3025 1123 3041 ,
1146 3000 1295 3048 quicquid
1309 3000 1376 3040 ejus
1398 3001 1443 3032 rei
1468 2999 1562 3038 esset,
1584 2998 1845 3037 affecuratoribus

972 3042 1187 3085 fignificass‘et,
1211 3042 1242 3073 hi
1269 3051 1319 3073 20.
1340 3040 1424 3073 Dec.
1451 3050 1543 3082 1721.
1565 3039 1736 3075 affecurato
1757 3051 1844 3078 man-

968 3085 1067 3124 dant,
1085 3084 1111 3119 is
1126 3084 1224 3116 vellet
1240 3092 1352 3116 navem
1371 3084 1422 3116 vel
1437 3083 1571 3120 inmate
1587 3081 1767 3122 deducere,
1790 3083 1845 3115 vel

1730 3154 1733 3156 .
1769 3134 1843 3158 vem

1083 3203 1300 3286 (3)1(ῗῡ]“ενυαε.
1322 3204 1440 3246 Tumnlc.
1461 3203 1534 3237 Tom-
1554 3204 1606 3239 11.
1627 3214 1656 3237 n.
1674 3212 1761 3243 2492,

1098 3255 1125 3286 L
1206 3263 1227 3295 3
