2008 3436
145 117 212 158 388
387 107 790 146 CORNELII

142 207 209 231 tum
225 199 335 231 condit
354 208 426 230 cum
444 196 660 239 derogatoria,
684 204 748 237 quo
764 193 1006 234 compotoribus

138 241 200 272 suis
218 241 366 282 relinquit
385 240 551 273 maximam
569 237 751 270 hereditatis
770 243 903 276 partem.
946 232 1007 266 Sed

140 283 194 314 ille
212 281 306 321 cajus
325 282 448 314 tandem
463 281 591 322 relipuit
603 302 613 317 ‚
639 279 669 310 ὁ(
684 278 786 316 dixit,

204 323 294 355 Edite
315 324 463 362 lurcones,
488 323 669 357 comedones,
695 320 792 349 vivite
810 323 936 349 ventres.

139 375 211 396 nam
235 365 266 396 in
282 365 334 396 via
352 365 478 396 obviam
496 362 598 395 faetus
615 361 737 397 amice,
762 358 867 391 effufis
885 359 916 390 in
938 358 1005 397 ejus

139 406 237 437 sinum
255 406 426 449 lachrymis
437 412 564 445 ,1¹0gat,
575 410 609 434 ut
621 425 631 440 ,
649 401 686 432 ad
703 401 769 441 ejus
787 409 913 442 preces,
924 408 1005 444 ’011111

138 456 238 478 matre
261 448 291 479 in
308 448 440 489 gratiam
456 446 556 477 redire
572 442 682 485 posset.
729 442 781 474 Sic
797 451 853 483 per
861 449 1006 486 ‘amicum-

140 489 232 520 matri
253 489 475 521 reconciliatus
488 509 498 524 ,
521 487 558 517 ad
577 485 643 524 ejus
661 484 790 515 domum
804 482 905 518 redit,
922 480 1004 511 &ibi

139 531 306 572 aliquando
325 530 407 560 vivit
418 553 426 568 ,
451 536 558 570 gratus
574 527 603 557 ἃ
620 533 770 565 acceptus
787 523 877 555 matri
889 545 899 568 ,
912 530 1006 567 quarn

139 571 243 604 denuo
267 571 413 604 heredem
436 568 547 602 scribit
567 565 746 608 postremo,
767 565 852 607 quod
870 563 937 595 dixi
959 570 1004 593 te-

737 654 1011 691 CAPU

864 114 974 141 VAN

1047 101 1647 139 BYNKERSHOEK

1048 189 1211 222 stamento.
1258 190 1338 233 Quae
1353 189 1492 228 narravi,
1518 190 1549 221 in
1566 188 1651 221 facio
1662 190 1790 230 probata
1803 200 1906 233 crant,

1049 233 1078 264 &
1101 233 1154 265 vix
1171 233 1267 271 ullus,
1291 232 1330 263 de
1345 231 1498 271 ejusmodi
1517 230 1600 261 fauo
1616 230 1796 271 consultus,
1820 235 1907 266 aliter

1049 272 1274 314 responderet,
1297 282 1387 314 quam
1410 271 1627 303 testamentum
1645 282 1716 303 cum
1736 272 1878 306 Clauluia
1890 286 1908 307 a

1049 315 1290 356 compotoribus
1310 314 1399 346 malis
1418 313 1535 344 artibus
1555 312 1649 343 suiss'e
1666 313 1826 348 elicitum.
1852 326 1904 356 po-

1048 355 1196 388 stremum
1215 365 1293 387 vero
1310 355 1402 387 fuiss'e
1422 354 1597 394 profectum
1616 363 1656 385 ex
1672 364 1744 386 vera
1763 356 1791 387 ἀ
1813 356 1905 388 since-

1048 407 1081 428 ra
1107 397 1174 436 Caji
1196 397 1374 429 voluntate.
1419 397 1517 427 Erant
1538 396 1568 426 ὅ(
1585 395 1768 434 Senatores,
1797 399 1848 438 qui
1867 408 1906 430 ex

1049 437 1175 470 defectu
1192 437 1424 470 solemnitatum
1450 436 1675 477 respondebant
1693 446 1802 469 contra
1819 439 1906 471 testa-

1050 487 1190 511 mentum
1207 487 1279 509 cum
1296 478 1459 516 Clausula,
1479 478 1530 510 sed
1541 478 1613 514 3111,
1629 476 1650 508 sl
1665 486 1702 509 ex
1714 488 1753 510 eo
1768 488 1815 511 res
1832 480 1908 512 ess'et

1049 519 1241 558 definienda,
1264 521 1396 561 amplius
1416 519 1651 552 deliberandum
1672 519 1843 553 censebant.

1060 654 1096 689 T
1192 654 1324 691 V11.

189 750 259 785 Res
284 763 304 786 α
328 749 478 796 Supremo
505 747 647 790 Senatu,
688 756 738 780 me
761 744 915 780 Senatore
941 745 995 778 vel
1017 742 1174 788 Praefide,
1200 741 1245 778 de
1270 740 1428 777 clausula
1453 740 1676 789 derogatoria
1695 740 1859 788 judicum.

204 857 277 888 crgo
307 846 467 878 recensere
488 843 592 877 causas
613 866 624 882 ,
647 851 719 884 quas
741 842 873 874 Senatus
896 841 1006 881 Supre-

225 898 312 926 mus,
336 898 403 919 mea
422 887 591 924 memoria,
615 884 771 925 judicavit
797 883 835 913 de
855 881 1008 922 ejusmodi

141 929 306 968 Clausala,
334 930 363 961 &
382 939 421 961 ne
438 938 527 970 quam
547 937 587 958 ex
604 927 651 958 his
669 925 813 956 omittam
830 946 840 962 ,
865 923 1010 964 1111101101-

140 983 188 1005 ter
213 980 351 1008 moneo,
382 971 414 1002 in
431 968 522 1001 causa
547 967 726 1000 consobrini
749 965 832 1004 mei,
861 965 912 996 cui
928 964 1008 1005 judi-

140 1013 248 1047 cancia:
268 1010 333 1053 ipse
353 1010 499 1044 interesse
518 1020 580 1042 non
599 1008 710 1050 potui,
725 1008 873 1039 Senatum
886 1006 1005 1046 28.Ju1.

143 1065 234 1097 1714.
259 1053 276 1093 (
292 1053 334 1094 1)
356 1052 504 1093 iudicasse
528 1061 586 1092 pro
610 1049 796 1082 testamento
814 1046 1008 1088 posteriore,

140 1107 203 1138 quo
215 1102 364 1127 revocata
375 1102 464 1125 erant
474 1093 581 1125 omnia
590 1092 694 1132 priora
706 1089 901 1128 testamenta,
911 1088 1007 1119 etiam

140 1149 177 1170 ea
188 1161 196 1176 ‚
221 1137 334 1177 quibus
350 1135 472 1168 insertae
489 1134 587 1166 essent
603 1130 757 1164 Clausulae
775 1129 1006 1175 derogaroriae,

139 1187 272 1221 quorum
295 1185 398 1209 tamen
420 1175 551 1208 testator
571 1174 673 1214 ajebat
686 1171 716 1203 se
728 1181 791 1203 non
811 1170 1005 1209 meminisse,

140 1223 234 1264 idque
243 1226 354 1251 contra
364 1217 581 1250 testamentum
591 1238 602 1253 ,
615 1213 778 1245 conditum
788 1222 861 1258 cum
873 1212 1006 1251 ejusmo-

139 1264 171 1295 di
192 1259 330 1294 clausula
345 1267 419 1291 ante
437 1267 532 1290 annos
548 1255 642 1288 XXI.
655 1253 848 1294 aposteriori
862 1276 872 1292 ,
889 1253 1006 1284 &con-

139 1305 242 1337 ditum
252 1326 261 1342 ,
275 1311 346 1333 cum
355 1299 487 1332 testator
499 1306 621 1329 tantum
631 1305 694 1328 non
703 1293 874 1340 exceffisset
892 1302 1008 1324 annum

143 1346 245 1382 aetatis
264 1342 354 1376 XIV.
380 1340 485 1372 Probo
504 1337 710 1374 sententiam,
729 1343 871 1377 quamv1s
895 1333 1008 1366 conso-

141 1387 250 1420 brinus
263 1393 351 1417 meus
367 1379 457 1413 causa
475 1379 638 1412 ceciderit.

184 1426 244 1460 Sed
253 1424 318 1457 noli
329 1430 440 1465 putare
449 1446 458 1462 ,
468 1431 532 1454 non
542 1420 664 1453 exstare
670 1420 800 1453 Senatus
810 1417 1009 1456 sententiam,

140 1479 198 1512 pro
215 1464 360 1499 Clausala
377 1463 575 1505 derogatoria
591 1463 702 1500 latam,
719 1461 820 1495 exstat
835 1460 919 1492 enim
934 1459 1009 1491 utri-

140 1511 236 1552 usque
253 1506 376 1546 Curiae‚
402 1506 433 1538 ἀ
448 1507 605 1548 Supremae
626 1504 751 1545 quidem
769 1502 894 1544 paribus
905 1499 1009 1533 suffra-

141 1553 221 1595 giis,
245 1550 277 1582 in
295 1549 358 1580 hoc
381 1547 479 1581 facto.
522 1545 632 1578 Titius
652 1544 858 1578 Calvinianus
874 1542 1009 1575 habebat

140 1598 326 1636 proneptem
338 1612 349 1628 ,
371 1589 480 1621 itidem
495 1586 711 1620 Calvinianam
720 1608 733 1625 ‚
753 1585 806 1618 sed
821 1593 1007 1626 pauperem,

140 1637 172 1668 &
186 1643 239 1676 per
260 1631 449 1664 imbecillam
458 1629 672 1662 valetudinem
690 1628 793 1661 minus
808 1626 953 1658 idoneam
963 1625 1010 1657 vi-

139 1676 204 1708 ctui
221 1672 401 1716 quaerendO.
423 1670 511 1705 Huic
526 1670 680 1703 codicillo
705 1668 791 1702 facto
811 1669 895 1709 legat
914 1670 1009 1700 6000.

137 1717 300 1753 florenos,
323 1714 405 1747 unde
422 1712 454 1746 se
469 1712 642 1745 exhiberet.
687 1710 773 1757 Quia
797 1717 906 1743 autem
931 1717 1010 1741 uxo-

140 1769 209 1792 rem
237 1756 372 1790 habebat
396 1754 483 1788 domi
501 1778 512 1794 ,
544 1754 575 1786 &
600 1762 641 1785 ex
661 1762 698 1784 ea
718 1751 835 1785 liberos
850 1749 1012 1791 Utriusque

140 1801 253 1839 sexus,
286 1798 337 1830 sed
362 1806 471 1831 omnes
493 1795 681 1828 Pontificios
698 1818 709 1834 ‚
738 1801 881 1826 metuens
901 1791 1012 1830 forte,

142 1851 180 1877 ut
203 1851 278 1874 mox
293 1839 469 1880 intelliges,
492 1847 533 1869 ne
549 1836 587 1868 ab
604 1836 653 1868 his
671 1836 710 1869 ad
726 1834 941 1868 revocandum
968 1833 1011 1865 10-

141 1891 248 1926 gatum
272 1880 474 1914 induceretur
491 1897 502 1917 2
524 1878 700 1920 posteriori·
715 1876 866 1909 codicillo
890 1885 919 1916 7.
938 1874 1011 1907 Οᾶὶ.

148 1934 239 1966 1711.
261 1925 398 1966 priorem
414 1921 547 1962 probat,
572 1921 601 1952 ὅ(
617 1919 703 1951 addit
722 1917 901 1951 Clausulam
920 1916 1011 1949 dero-

144 1966 307 2006 gatoriam.
331 1963 424 1996 Haud
438 1963 493 1995 d-iu
509 1961 601 2002 post,
624 1970 736 2002 nempe
759 1958 904 1999 252Dec.
920 1967 1013 1999 1711.

144 2008 278 2045 Titius,
301 2015 341 2037 ex
360 2004 473 2036 morbo
493 2002 702 2042 decumbens,
726 2011 799 2034 cum
822 2008 921 2033 uxore
945 2008 1013 2032 mu-

146 2059 236 2081 tuum
260 2046 482 2079 testamentum
504 2045 633 2084 condit,
659 2053 747 2086 quo,
770 2042 927 2074 revocatis
947 2041 1015 2074 fim-

145 2090 275 2131 pliciter
293 2088 438 2125 omnibus
456 2087 541 2126 aliis,
566 2095 700 2119 uxorem
720 2084 884 2118 &liberos
906 2082 1016 2115 scribit

146 2130 276 2163 heredes
289 2152 300 2167 ,
321 2128 372 2161 sed
391 2137 470 2160 uxor
486 2151 496 2164 ,
520 2135 662 2160 metuens
682 2125 927 2166 Dei-ogatoriarn
943 2148 952 2164 ,
977 2123 1017 2155 de

147 2182 207 2214 qua
235 2170 322 2203 forte
344 2169 491 2201 nonnihil
513 2169 540 2199 ei
563 2167 742 2199 suboluerat
757 2189 767 2205 ,
800 2175 874 2197 cum
900 2165 1016 2197 marito

148 2217 201 2246 26.
213 2213 276 2253 Jan.
300 2220 390 2251 1712.
416 2209 583 2251 componit
602 2208 687 2240 aliud
704 2208 943 2241 instrumentum
961 2216 1016 2248 pu-

147 2255 267 2288 blicum
278 2260 298 2291 ,¹
312 2261 376 2293 quo
397 2261 506 2283 omnes
524 2250 760 2291 derogator-ias,
778 2250 799 2281 fi
815 2259 885 2290 quae
902 2248 1015 2289 effent,

150 2297 303 2335 abrogant
314 2316 326 2332 ,
340 2293 370 2325 ὅς
386 2293 492 2324 valere
506 2292 615 2331 jubent
631 2299 775 2324 mutuum
796 2290 1016 2323 testamentum

150 2347 211 2377 25.v
223 2336 304 2369 Dec.
328 2343 419 2375 1711.
464 2332 628 2366 Defuneto
643 2331 739 2364 Titio
760 2332 924 2373 proneptis
945 2332 1017 2364 Cal-

152 2378 279 2411 viniana
300 2377 437 2417 legatum
453 2376 535 2416 petit
557 2373 638 2414 apud
655 2373 784 2406 Curiam
811 2383 851 2404 ex
872 2372 1018 2407 Clausula

151 2421 322 2460 derogante
340 2439 350 2454 ‚
380 2416 430 2448 sed
450 2416 544 2448 vidua
570 2417 599 2447 ὅ(
626 2414 715 2446 liberi
735 2414 960 2447 contradicunt
978 2425 1019 2447 ex

152 2470 266 2493 mutuo
288 2456 478 2490 testamento
499 2457 528 2489 ἀ
551 2455 760 2488 instrumento
782 2465 859 2488 mox
878 2455 1020 2502 sequutO.

153 2502 251 2534 Curia
267 2499 437 2532 secundum
456 2505 643 2539 proneptem
660 2496 845 2530 sententiam
864 2498 946 2530 dicit
969 2508 1018 2535 29-

153 2543 236 2582 Maji
259 2545 349 2582 1716.
368 2541 428 2572 reis
441 2541 538 2573 etiam
553 2541 583 2571 in
603 2538 753 2580 expensas
769 2539 934 2571 damnatis.
959 2539 1022 2581 Ap-

153 2585 307 2625 pellatum
321 2581 377 2613 est.
409 2582 471 2613 Res
487 2581 603 2622 pendet
619 2590 660 2612 ex
675 2579 761 2613 fatto
772 2603 783 2618 ‚
806 2581 836 2613 &
855 2581 888 2613 in
900 2590 939 2612 eo
950 2590 1021 2612 ver-

155 2625 280 2656 tebatur
298 2646 307 2661 ‚
341 2632 379 2654 an
399 2622 567 2654 codicillus
593 2631 665 2654 cum
691 2621 828 2654 clausula
846 2644 859 2660 ,
887 2632 925 2654 311
945 2631 1023 2654 vero

155 2665 309 2707 posterius
327 2662 548 2696 testamentum
565 2663 596 2694 in
612 2663 727 2694 malam
742 2662 836 2694 fidem
849 2663 1023 2695 incideret?

155 2708 187 2740 Si
205 2707 290 2749 prius
308 2728 318 2744 ,
341 2704 534 2738 existimavit
553 2703 685 2735 Senatus
701 2725 712 2740 ‚
735 2707 829 2736 etiam
851 2703 1023 2744 fimplicem

155 2748 395 2779 revoca-tionem
420 2745 561 2779 sufficere
570 2766 581 2782 ‚
611 2744 633 2776 11
658 2742 834 2785 posterius,
859 2745 1022 2785 repetitio-

155 2799 226 2822 nem
247 2788 395 2820 formulae
417 2787 480 2820 ess'e
498 2785 710 2819 neceffariam.
754 2785 922 2818 Prudentis
939 2786 1022 2826 Judi-

157 2832 204 2864 eis
225 2829 295 2869 011,
320 2830 425 2862 omnia
447 2828 529 2861 fac'ta
542 2834 723 2864 excutere,
747 2827 778 2859 δε
797 2826 969 2859 secundum
987 2837 1024 2860 ea

156 2872 367 2914 pronunciare
384 2894 394 2909 ,
426 2870 510 2912 quod
533 2869 650 2910 aequius
673 2868 785 2900 melius
811 2867 866 2900 est.
918 2867 1025 2901 Nemo

157 2921 261 2945 autem
281 2913 467 2945 Senatorum
485 2912 518 2943 in
542 2910 604 2942 hoc
627 2909 713 2941 facio
733 2909 897 2942 dubitabat
915 2931 926 2947 ,
951 2911 1024 2951 quin

156 2954 342 2995 praevaleret
369 2953 533 2986 codicillus
559 2950 632 2983 01101
664 2950 800 2983 clausula
816 2973 827 2989 ‚
850 2959 921 2982 nam
951 2961 1026 2982 ecce

160 2995 251 3035 plena
267 2995 327 3026 flue
345 2994 527 3033 constabat„
552 2992 697 3030 Titium,
722 2993 774 3033 qui
792 2992 932 3033 alioquin
948 3003 1025 3024 uxo-

161 3036 202 3068 ris
219 3035 280 3067 suae
299 3035 490 3076 majestatem
507 3034 643 3066 comiter
661 3032 866 3072 observabat,
881 3033 1023 3065 Advoca-

162 3085 211 3107 tos
241 3076 378 3117 aliosque
402 3077 481 3117 Juris
503 3075 623 3118 peritos
646 3073 856 3115 consuluiss'c,
882 3076 1023 3117 quemad-

197 3208 211 3244 (
223 3207 258 3245 1)
280 3206 418 3246 Oiffifrvar.
443 3207 558 3239 Yiemult.
585 3207 615 3237 T.
632 3209 668 3238 V.
690 3218 717 3239 τι.
735 3213 815 3242 1067.

1052 839 1179 872 modum
1197 839 1300 881 poss'et
1311 839 1455 880 pronepti
1472 838 1534 871 suae
1553 839 1656 880 legare
1672 836 1733 869 fine
1742 846 1909 870 1110111000-Ι

1052 882 1176 919 trariae,
1189 891 1279 923 quam
1297 880 1509 921 praevidebat‚
1527 879 1723 912 inductionis.
1748 878 1832 925 Quin
1849 878 1911 920 ipse

1051 921 1205 954 Notarius
1223 921 1408 961 testabatur,
1433 922 1508 960 fibi,
1533 932 1603 953 cum
1628 919 1822 952 codicillum
1840 919 1911 951 scri-

1050 963 1160 1003 beret,
1181 964 1214 995 id
1233 962 1333 1005 ipsum
1351 962 1532 1005 significasse
1550 963 1673 995 Titium
1687 984 1697 1000 ,
1719 962 1748 993 ἃ
1763 961 1852 992 enixe
1861 969 1910 992 ro-

1051 1005 1154 1045 gasse,
1180 1013 1215 1037 ut
1232 1005 1317 1036 omni
1337 1014 1399 1046 ope
1417 1013 1557 1044 curaret,
1582 1013 1622 1035 ne
1642 1003 1703 1036 sine
1726 1002 1914 1044 repetitione

1051 1047 1198 1080 solemnis
1213 1046 1363 1079 formulae
1381 1047 1517 1087 legatum
1535 1054 1686 1077 revocare
1701 1044 1812 1086 poss'et.
1850 1043 1911 1075 Ad-

1052 1089 1143 1120 debat
1164 1088 1249 1120 idem
1275 1086 1451 1126 Notarius,
1475 1086 1622 1123 Titium,
1648 1095 1718 1118 cum
1746 1086 1807 1126 jam
1830 1084 1914 1117 aliud

1051 1129 1269 1172 posteriusque
1287 1127 1505 1161 testamentum
1521 1128 1802 1161 &instrumentum
1820 1127 1914 1160 fecis-

1050 1172 1097 1205 set
1113 1194 1122 1210 ,
1146 1172 1226 1211 apud
1248 1168 1278 1201 se
1294 1192 1305 1208 ,
1327 1170 1364 1202 ad
1384 1179 1536 1211 aegrotum
1555 1177 1682 1201 euntem
1697 1191 1707 1208 ,
1730 1168 1823 1200 fuisse
1840 1177 1915 1199 con-

1051 1211 1193 1253 questum
1213 1233 1224 1249 ,
1254 1219 1418 1242 extortum
1437 1210 1491 1242 sibi
1517 1210 1578 1242 01Υο
1599 1210 1683 1241 aliud
1705 1210 1778 1251 quid
1794 1232 1806 1248 ‚
1829 1208 1916 1250 quod

1052 1251 1235 1294 ignorabat,
1259 1251 1290 1282 δι
1306 1259 1410 1283 tamen
1433 1251 1604 1292 signaverat
1621 1251 1658 1282 ad
1680 1260 1788 1289 preces
1805 1250 1834 1282 ἀ
1857 1250 1915 1282 mi-

1051 1303 1106 1326 nas
1121 1293 1225 1326 uxoris
1244 1291 1318 1324 suae.
1361 1292 1571 1324 Testabantur
1588 1291 1618 1322 id
1639 1293 1669 1324 &
1685 1292 1760 1331 alii,
1784 1290 1834 1323 sed
1851 1300 1915 1324 non

1051 1335 1257 1375 undequaque
1279 1334 1384 1366 idonei
1406 1333 1506 1366 testes.
1532 1333 1581 1365 Ad
1601 1333 1670 1364 haec
1689 1332 1745 1364 vix
1765 1340 1826 1365 tres
1835 1342 1918 1364 men-

1052 1375 1099 1409 ses
1116 1376 1304 1408 effluxerant
1322 1386 1340 1408 a
1355 1375 1507 1408 codicillo
1523 1373 1626 1413 facto,
1651 1383 1722 1406 cum
1739 1374 1916 1406 Titiismu-

1054 1427 1144 1451 tuum
1158 1416 1377 1450 testamentum
1396 1417 1567 1455 conderet,
1588 1425 1688 1457 neque
1708 1424 1782 1448 tunc
1798 1415 1917 1452 oblitus

1053 1468 1118 1493 erat
1138 1459 1291 1492 Codicilli
1311 1469 1384 1491 cum
1399 1458 1553 1497 clausula,
1564 1457 1617 1491 sed
1634 1466 1786 1489 revocare
1800 1459 1916 1501 noluit,

1052 1502 1136 1544 quod
1160 1502 1244 1534 bona
1262 1508 1367 1533 mente
1385 1499 1504 1532 fecerat
1526 1500 1564 1531 ad
1581 1498 1759 1532 evitandam
1782 1499 1916 1532 (10101111-

1051 1554 1113 1577 ma:
1133 1542 1242 1576 uxoris
1258 1541 1421 1574 offensam.
1468 1541 1585 1573 Odium
1610 1540 1773 1582 religionis
1790 1551 1856 1574 eam
1874 1541 1919 1576 af-

1052 1585 1203 1623 flaverat,
1225 1583 1254 1616 ἅ
1271 1583 1431 1616 afflaverat
1446 1592 1555 1616 omnes
1570 1582 1702 1622 liberos,
1726 1591 1806 1624 quos
1821 1586 1921 1617 mater

1053 1637 1112 1670 pro
1131 1625 1284 1668 imperio,
1310 1625 1395 1667 quod
1417 1624 1602 1664 obtinebat,
1627 1623 1719 1657 saeris
1746 1623 1809 1657 suis
1831 1626 1919 1659 innu-

1055 1669 1195 1702 triverat.
1240 1667 1340 1700 Erant
1365 1667 1395 1699 ἀ
1420 1666 1501 1705 alia,
1531 1675 1600 1708 quae
1623 1665 1695 1700 satis
1716 1666 1889 1707 probabant
1907 1690 1920 1708 ,

1055 1712 1195 1753 priorem
1211 1709 1295 1741 Titii
1317 1709 1513 1741 voluntatem
1530 1706 1624 1744 fuiffe
1640 1707 1786 1741 sinceram
1797 1707 1918 1749 ,poste-

1055 1753 1171 1785 riorem
1189 1760 1254 1783 non
1275 1751 1352 1783 item
1364 1773 1375 1790 ,
1398 1749 1449 1783 sed
1467 1749 1554 1782 taedii
1568 1758 1617 1781 res
1632 1749 1720 1790 plena
1740 1748 1815 1782 ess'et
1825 1773 1837 1790 ,
1851 1750 1920 1784 haec

1056 1794 1164 1827 omnia
1181 1792 1264 1825 facia
1275 1801 1372 1833 porro
1389 1792 1521 1823 recitare
1531 1815 1541 1829 ‚
1564 1791 1594 1823 ἃ
1610 1791 1648 1832 de
1662 1790 1787 1830 fingulis
1798 1791 1829 1824 in
1841 1801 1917 1824 con-

1055 1836 1157 1868 filium
1173 1835 1230 1866 ire.
1254 1834 1383 1866 Senatus
1401 1833 1498 1875 igitur
1515 1832 1638 1874 paribus
1657 1831 1807 1874 suffragiis
1817 1832 1918 1867 Curiae

1056 1876 1243 1911 sententiam
1268 1875 1418 1916 probavit
1440 1884 1470 1915 7.
1489 1874 1582 1906 Febr.
1607 1883 1695 1915 1720.
1721 1873 1796 1916 (2)
1818 1875 1920 1916 Atque

1057 1919 1126 1951 haec
1148 1917 1241 1950 unica
1267 1917 1355 1950 causa
1373 1913 1439 1955 est,
1462 1916 1492 1948 in
1510 1925 1569 1957 qua
1587 1915 1716 1947 Senatus
1734 1915 1919 1957 Suprcmus‚

1057 1970 1108 1992 me
1133 1960 1286 1992 Senatore
1310 1959 1340 1991 &
1364 1957 1512 1997 Praefide,
1538 1957 1663 1998 paribus
1687 1955 1839 2001 suffragiis
1861 1967 1920 2000 pro

1058 2001 1202 2034 Clausula
1219 2000 1417 2041 derogatoria
1432 1999 1598 2039 judicavit.

1101 2043 1222 2083 Accipe
1239 2051 1323 2073 nunc
1338 2041 1430 2073 aliam
1439 2039 1576 2080 speciem
1586 2062 1596 2078 ,
1607 2039 1636 2071 ὅ(
1648 2040 1839 2073 contrarium
1856 2041 1923 2073 litis

1059 2091 1218 2116 eventum.
1265 2082 1430 2120 Maevius,
1452 2082 1574 2122 juvenis
1591 2090 1739 2113 annorum
1756 2081 1862 2114 XVlI.
1888 2082 1921 2115 iu
1954 2091 1956 2095 ’

1059 2126 1179 2158 Indiam
1196 2124 1392 2156 Orientalem
1419 2124 1643 2164 navigaturus,
1668 2132 1718 2154 22.
1735 2122 1811 2163 Apr.
1832 2132 1923 2165 17031

1060 2167 1241 2209 Cognatum
1265 2164 1429 2206 quemdam
1445 2164 1531 2196 suum
1550 2162 1659 2195 scribit
1684 2164 1848 2203 heredem,
1873 2168 1924 2197 ad-

1059 2209 1124 2240 dita
1141 2206 1289 2240 Clausula
1306 2204 1655 2247 derogatoria&f0rma
1672 2205 1839 2237 revocandi
1851 2215 1924 2240 cum

1060 2250 1155 2282 certis
1173 2249 1289 2280 verbis.
1334 2247 1474 2280 Maevius
1489 2247 1521 2279 in
1541 2247 1646 2285 India,
1671 2256 1782 2279 munus
1800 2247 1927 2288 aliquod

1059 2292 1208 2331 adeptus,
1231 2289 1330 2321 haeret
1343 2311 1354 2328 ,
1377 2288 1499 2329 nuptias
1523 2288 1566 2319 ibi
1589 2287 1773 2326 contrahit,
1799 2288 1829 2320 &
1853 2298 1925 2323 curn

1061 2341 1161 2364 uxore
1172 2338 1315 2363 mutuum
1328 2328 1547 2361 testamentum
1559 2329 1668 2361 condit
1678 2339 1728 2369 24.
1739 2328 1818 2370 Aug.
1833 2338 1923 2370 1720.

1061 2382 1092 2405 at
1117 2382 1156 2405 ue
1171 2373 1214 2404 ita
1235 2371 1342 2404 XVII.
1363 2372 1392 2403 &
1409 2371 1493 2412 quod
1508 2370 1648 2409 excedit,
1661 2369 1925 2410 annospostprius

1063 2417 1108 2447 tei
1124 2421 1294 2446 amentum.
1309 2412 1481 2444 Posterior-i
1499 2411 1684 2444 testamento
1701 2410 1745 2442 illi
1767 2410 1868 2450 Conju
1891 2421 1926 2444 es

1063 2456 1169 2488 omnia
1189 2455 1295 2496 priora
1315 2453 1498 2485 testamenta
1522 2460 1674 2484 revocant
1688 2473 1700 2490 ‚
1722 2450 1772 2483 scd
1790 2452 1859 2483 0130
1877 2453 1928 2484 ula

1064 2497 1219 2539 generali,
1243 2497 1274 2528 ἃ
1291 2495 1474 2527 seinvicem
1500 2494 1684 2533 recipi-om,
1709 2499 1743 2523 ut
1763 2491 1850 2531 ajunt
1866 2516 1874 2528 .
1897 2504 1926 2526 a-

1065 2548 1155 2571 more
1169 2537 1355 2580 provocati,
1380 2545 1420 2567 cx
1436 2536 1498 2568 affe
1511 2534 1677 2566 instituunt
1699 2531 1838 2566 heredes.
1863 2533 1927 2566 De-

1065 2580 1175 2613 functo
1193 2579 1318 2612 Maevio
1335 2577 1494 2618 Cognatus
1509 2585 1548 2607 ex
1563 2574 1657 2619 priori
1679 2571 1926 2608 testamentohe·

1065 2622 1229 2654 reditatem
1247 2619 1344 2661 petit,
1369 2628 1450 2650 uxor
1465 2627 1504 2650 ex
1524 2613 1712 2656 postel'lori,
1737 2615 1766 2647 ὅ(
1786 2615 1826 2647 de
1849 2626 1926 2650 con-

1067 2662 1216 2695 troversia
1238 2662 1270 2693 in
1291 2661 1437 2693 Senatum
1453 2659 1638 2698 Supremum
1655 2658 1927 2697 compromittunt.

1068 2703 1199 2736 Certum
1215 2702 1277 2740 est,
1301 2701 1385 2742 quod
1403 2700 1432 2732 &
1453 2698 1540 2739 supra
1556 2696 1929 2736 observavi‚Clausulam

1066 2745 1296 2785 derogator-iam
1316 2743 1402 2774 bono
1425 2739 1557 2773 confilio
1577 2737 1670 2770 fuisse
1693 2739 1902 2773 introductam
1916 2761 1928 2779 .·

1066 2786 1117 2819 sed
1139 2786 1223 2817 malo
1248 2783 1314 2815 fere
1335 2789 1449 2821 eventu
1468 2803 1478 2819 ,
1502 2789 1571 2812 nam
1596 2780 1808 2820 experientia,
1833 2781 1928 2817 etiam

1067 2827 1236 2860 stultorum
1250 2823 1413 2865 magistra,
1437 2821 1523 2854 testis
1541 2820 1604 2859 cst,
1629 2821 1695 2861 ejus
1711 2821 1852 2854 clausula·
1864 2822 1930 2855 lon-

1068 2878 1107 2910 ge
1122 2867 1269 2906 maiorem
1292 2864 1354 2896 effe
1370 2864 1496 2897 abusum
1510 2886 1520 2901 ,
1543 2872 1635 2904 quam
1655 2861 1752 2895 usum.
1797 2862 1875 2894 Sane
1899 2865 1933 2895 in

1068 2912 1133 2942 1100
1147 2907 1232 2941 facto
1250 2906 1347 2939 facile
1361 2914 1469 2938 omncs
1492 2905 1644 2941 credent,
1667 2912 1701 2935 ut
1724 2903 1857 2936 credidit
1879 2905 1930 2937 Se-

1069 2957 1159 2983 natus
1168 2973 1178 2988 ,
1187 2948 1340 2990 posterius
1350 2946 1569 2979 testamentum
1579 2946 1664 2986 prius
1673 2945 1808 2977 vincere.
1825 2944 1933 2988 Quem

1070 2991 1246 3033 putabimus
1274 2989 1326 3020 hic
1352 2989 1511 3020 auctorem
1536 2986 1628 3020 fuiffe
1655 2986 1721 3025 ejus
1746 2985 1900 3020 Claul'ulae
1919 3011 1931 3026 ‚

1070 3032 1224 3065 Maevium
1235 3056 1244 3071 ,
1261 3040 1299 3062 an
1315 3030 1381 3070 ejus
1391 3028 1595 3071 Cognatum?
1621 3027 1800 3068 Cognatum
1819 3028 1933 3069 procui

1069 3073 1165 3106 dubio
1177 3097 1187 3113 ,
1211 3073 1283 3114 qui,
1308 3081 1343 3103 ut
1363 3079 1503 3112 captaret
1521 3069 1742 3107 hereditatem,
1758 3069 1837 3102 hanc
1851 3069 1934 3115 Ma:->

1875 3118 1933 3142 νισ

1106 3204 1166 3244 (2)
1191 3205 1264 3236 lbid.
1288 3203 1359 3236 Tom.
1383 3205 1448 3234 VII.
1471 3214 1498 3234 η.
1520 3206 1604 3234 1602.
