2008 3436
240 108 500 149 OPUSC.
561 106 654 144 DE
707 103 963 142 REBUS
1025 108 1390 151 MANCIPI

69 203 168 234 vum,
193 191 224 225 id
241 190 304 233 est,
328 199 394 224 rem
405 189 748 236 mancipi,·0pp0nens
763 191 943 232 caeterisre-

68 235 147 276 bus,
169 234 300 276 antiquo
314 234 385 275 jure
401 242 418 264 a
434 231 527 265 servo
546 229 720 277 distinctis,
748 227 843 259 rebus
860 225 940 259 scili-

1 264 3 301 J
68 287 121 309 cet
139 287 198 310 nec
216 275 364 317 mancipi.
388 274 430 307 fic
446 274 531 307 enim
553 272 623 304 haec
635 276 840 318 interpretor.

52 331 55 333 ·
148 320 201 352 uin
225 317 307 350 servi
329 317 409 349 adeo
436 314 507 348 sunt
523 324 572 348 res
592 321 750 353 mancipi,
771 319 942 353 earumque

66 318 227 404 'possffima
245 354 364 402 species
375 382 385 398 ,
411 366 447 389 ut
466 355 522 389 sub
539 356 587 388 his
605 361 831 394 nonnunquam
848 361 941 399 cate-

66 413 110 436 rae
139 412 188 435 res
215 400 351 442 mancipi
378 398 607 440 intelligantur.
653 395 774 428 Praeter
796 392 940 440 Justinia-

64 437 142 480 num
184 453 278 486 quem
295 441 409 481 attuli,
425 439 521 471 etiam
538 437 649 470 testem
665 437 748 468 dabo
765 435 939 476 Ulpianum

64 469 187 530 Fragin.
213 485 248 518 Τ.
269 484 329 518 XI.
353 483 380 526 §.
405 493 433 515 2.
459 480 530 522 qui,
554 486 590 511 ut
610 478 770 527 pleraeque
780 477 860 509 Edd.
885 477 938 524 ha-

54 519 141 562 ‘benc
156 528 304 569 mancipia
319 548 331 566 ,
364 524 447 556 dixit
462 546 471 562 ,
501 522 532 554 ὅ(
547 531 593 553 res
611 527 740 567 mancipi
761 518 932 567 intellexit.

67 569 181 604 Tutoris
222 567 346 610 inquit,
374 565 533 598 austeritas
559 562 718 604 neceſjaria
744 559 787 609 effi
805 561 935 609 meliert·

53 612 114 644 <bus
137 612 170 642 in
187 592 237 642 ’bis
260 610 343 640 rebus
359 630 371 647 ,
395 607 424 647 fi
441 607 526 649 lege,
549 610 602 636 aut
627 606 757 653 legifimo
767 604 881 646 judicio
903 613 934 634 a-

53 664 56 666 ·
84 659 157 693 ant,
172 651 242 700 fise
256 651 386 694 obligent
400 672 412 690 ,
431 648 460 688 fi
477 647 567 680 civile
593 654 743 694 negocium
760 650 889 718 fferam)
908 643 938 684 fi

53 663 170 728 -fibertae
188 697 251 736 Juae
272 693 453 734 permittant
480 692 513 721 in
540 691 724 720 contubermo
742 698 759 735 a
775 697 836 718 zeni
848 688 933 728 servi

60 738 169 769 morari
181 759 193 775 ‚
209 734 239 776 fi
252 742 429 767 MANCIPiA
443 733 585 765 alienent.
630 730 874 778 Pupillzs'autein
882 730 932 760 hoc

52 778 207 820 amplius,
229 778 319 809 eiiam
333 777 366 806 in
381 785 482 807 rerum
502 783 556 805 nec
578 774 709 819 mancipi
731 772 931 818 alienatione,

59 822 164 852 tutoris
177 818 349 852 austeritate
368 827 382 848 o
404 827 436 849 us
453 815 503 857 esl.
529 815 630 861 liquet
647 814 700 860 id,
731 812 816 859 quod
836 812 928 851 dixi,

59 870 102 894 ex
122 860 335 903 oppositione.
401 867 475 900 tque
492 859 536 890 ita
549 856 629 888 nihil
644 862 809 893 intererit,
825 861 931 901 utrum

58 905 158 935 manci
180 905 210 934 ia
224 901 306 944 apud
321 899 492 942 Ulpianum
509 899 613 940 legas,
635 904 671 928 ut
684 897 784 942 yulgo
802 897 929 942 legitur,

59 954 98 977 an
115 955 149 976 re
164 944 266 976 cribris
287 952 347 975 rem
373 942 471 973 manci
491 942 503 971 ἰ
513 963 524 978 ,
549 946 584 970 ut
601 947 643 984 ex
664 937 763 969 Libro
780 936 863 969 Tilii
882 947 928 969 re-

49 985 169 1019 ,scribit
190 984 339 1027 Cujacius
360 982 401 1014 L.
420 982 452 1014 X
487 980 527 1012 11.
557 980 680 1020 Observ.
708 979 740 1010 C.
758 982 810 1012 28.
834 986 930 1020 utque

59 1028 190 1060 exhibet
216 1022 279 1069 ipsa'
302 1024 383 1056 Tilii
413 1022 532 1060 editio,
566 1020 618 1053 sed
636 1029 759 1058 tamen,
783 1028 818 1051 ut
835 1030 931 1062 augu—

58 1078 130 1109 ror,
160 1077 202 1100 ex
226 1067 358 1109 alicujus
385 1063 626 1102 emendatione,
658 1071 729 1095 nam
750 1071 847 1095 nemo
869 1073 931 1094 rem.

661 1155 1029 1205 CAPUKT

51 1226 68 1292 ξς
106 1247 162 1285 De
187 1246 460 1298 Quadrupedum,
485 1247 681 1290 aliorumque
704 1244 896 1281 animalium
919 1246 1156 1293 appellatione,
1188 1247 1322 1298 defhnsa

1448 119 1488 155 C.
1517 120 1565 158 V.
1592 121 1667 160 VI.
1795 133 1865 170 335

984 190 1118 230 mancipi
1134 213 1146 230 ,
1175 191 1197 223 fi
1222 192 1268 224 ita
1292 193 1332 225 ab
1355 195 1452 228 initio
1477 197 1630 241 scriptum
1648 202 1776 243 fuiss'et,
1797 213 1865 238 mu-

985 230 1078 262 taffet
1101 231 1133 264 in
1161 235 1314 275 mancipia
1331 258 1342 274 ,
1373 235 1425 269 sed
1449 244 1623 282 mancipia,
1656 254 1725 285 quae
1745 249 1784 278 ab
1802 246 1866 279 11οο

984 272 1061 305 1000
1081 273 1271 308 videbantur
1291 277 1409 318 aliena,
1430 279 1528 313 facile
1546 291 1613 314 erat
1634 289 1795 321 mutarein
1804 299 1867 320 rem

984 316 1126 356 mancipi.
1150 316 1182 348 id
1193 318 1278 350 enim
1288 317 1618 363 sequentiapostularc
1634 326 1762 361 dixeris.
1786 329 1864 362 For-

985 363 1018 387 te
1035 356 1065 389 &
1087 366 1104 388 a
1122 361 1280 400 mancipiis
1300 383 1311 400 ‚
1343 369 1379 393 ut
1394 372 1411 394 a
1427 365 1587 406 praecipua
1607 365 1729 407 specie,
1749 371 1860 405 dicun-

985 405 1037 430 tur
1056 408 1106 431 res
1122 403 1275 442 mancipi,
1304 402 1335 435 &
1358 402 1447 436 forte
1472 406 1545 438 inde
1563 407 1638 449 ipsae
1658 409 1860 454 locutiones,

982 442 1129 482 mancipio
1156 443 1226 474 dare
1254 444 1284 476 ὃς
1311 446 1450 486 accipere.
1499 447 1576 490 Ipsae
1606 459 1735 492 quoque
1750 455 1860 487 condi·

982 482 1106 523 tiones,
1127 485 1243 526 quibus
1259 494 1400 519 veneunt
1425 498 1474 521 res
1493 491 1654 533 mancipi,
1681 494 1754 525 inde
1773 494 1862 528 forte

981 523 1051 555 Lex
1070 527 1292 568 mancipiorum.
1338 528 1386 561 lta
1404 531 1484 572 apud
1505 532 1680 566 Varronem
1704 536 1732 567 d.
1756 536 1796 568 L.
1817 537 1857 569 L.

979 565 1069 598 Libr.
1093 567 1132 599 V.
1160 575 1195 609 p.
1214 578 1251 600 m.
1272 579 1323 609 59.
1356 573 1391 602 ab
1418 582 1448 604 eo
1461 573 1558 614 scribi
1579 581 1701 616 coeptuin
1724 579 1756 608 in
1774 578 1857 621 Lege

978 609 1211 649 mancipiorum,
1230 614 1335 643 vadem
1364 623 1399 646 ne
1413 616 1541 656 ptycerec
1558 639 1569 655 ,
1593 627 1646 648 nec
1662 619 1802 657 dabitur,-
1825 622 1857 653 (Sc

978 649 1059 689 apud
1088 649 1277 685 Ciceronem
1309 654 1349 686 L.
1369 654 1393 687 I.
1418 658 1452 688 de
1476 657 1564 690 Orat.
1590 659 1621 690 C.
1645 665 1715 701 178.
1738 661 1768 693 ὃς
1788 662 1857 694 11111-

975 691 1104 734 pliciter
1120 695 1302 735 mancipium
1328 697 1410 737 apud
1431 699 1564 732 eundem
1584 701 1700 733 ibidem
1729 704 1762 735 C.
1787 713 1855 744 179.

976 732 1007 763 ἃ
1031 732 1070 765 L.
1090 733 1144 766 111.
1176 737 1210 767 de
1243 736 1328 778 OffiC.
1358 739 1390 771 C.
1409 744 1460 781 67.
1486 750 1545 782 pro
1572 742 1642 784 lege
1661 753 1774 786 nempe
1789 755 1853 776 em-

974 775 1096 814 ptionis
1116 776 1146 808 &
1176 778 1372 812 venditionis
1398 782 1484 823 quod
1506 783 1543 814 ad
1561 784 1661 826 aedes,
1687 796 1752 818 rein
1769 797 1852 819 man-

973 815 1058 857 cipi,
1082 816 1250 852 distractas.

1017 857 1094 890 Non
1121 859 1229 893 servos
1254 869 1377 895 tantum
1393 889 1403 905 ,
1428 865 1479 898 sed
1500 867 1630 910 &ipsos
1650 869 1767 902 liberos
1781 869 1856 911 Jure

973 900 1187 942 antiquisfimo
1203 902 1297 935 fuisse
1319 914 1367 936 res
1384 909 1521 950 mancipi
1539 910 1699 942 ostendam
1720 911 1854 952 opuscu-

974 941 1008 972 10
1026 943 1060 973 de
1081 942 1158 984 Jure
1186 946 1276 976 occid.
1296 947 1441 981 vendenti.
1472 950 1509 984 &²
1521 958 1623 992 expon.
1641 953 1744 984 liberos
1767 954 1800 986 C.
1823 953 1847 984 I.

972 983 1129 1015 rationem
1147 985 1345 1028 redditurus,
1371 1000 1429 1023 cur
1443 1000 1498 1023 eos
1515 992 1568 1024 hic
1589 994 1786 1028 transmifiss'e
1803 995 1851 1027 vi-

974 1024 1085 1057 deatur
1104 1026 1268 1068 Ulpianus.

1130 1159 1169 1196 V
1193 1160 1220 1196 Ι.

1338 1252 1511 1300 scriptura
1536 1256 1577 1292 L.
1606 1267 1640 1294 2.
1666 1270 1719 1308 pr.
1748 1260 1791 1298 ff.

807 1293 852 1329 ad
876 1295 918 1330 L.
945 1296 1065 1343 Aquil.

148 1395 256 1429 Servis
271 1395 310 1429 ad
327 1392 554 1440 Quadrupedes
569 1400 634 1440 non
655 1400 786 1434 magnus
804 1389 854 1439 est
869 1389 923 1425 sal-

171 1445 223 1470 tus
239 1461 250 1478 ,
280 1447 350 1470 nam
374 1438 457 1469 inter
483 1434 542 1466 hos
560 1434 683 1466 &illos
698 1458 708 1474 ,
734 1433 871 1475 Leg1bus
894 1434 925 1466 ἀ

50 1469 196 1514 moribus
221 1479 436 1512 Romanorum
452 1500 465 1517 ,
497 1477 555 1510 vix
579 1475 749 1522 quicquam
763 1483 922 1508 intererat.

49 1519 154 1564 Igitur
174 1520 329 1563 Ulpianus
355 1519 523 1553 secundam
550 1518 687 1560 speciem
701 1526 836 1564 eorum,
854 1527 923 1559 ,quae

49 1557 84 1597 se
95 1564 251 1602 mo'vent,
274 1559 305 1595 ’δι
324 1571 372 1594 res
400 1560 536 1602 mancipi
562 1559 654 1600 sunt,
676 1559 756 1591 dicit
774 1558 836 1607 esse
856 1569 923 1601 qua-

48 1603 105 1636 dm
125 1606 210 1644 edes,
231 1613 292 1647 quae
307 1603 385 1646 (ἰωῇ)
404 1602 687 1649 collovedomaniur
702 1601 797 1633 velun
819 1601 921 1642 boves,

49 1611 144 1686 mulli,
165 1647 250 1689 equi,
270 1639 354 1686 asini.
400 1645 450 1677 Ab
470 1643 518 1676 his
541 1649 667 1685 excipit
688 1642 874 1689 elephantos
892 1643 923 1679 δι

46 1687 210 1728 camelos,
238 1688 311 1730 qui,
345 1687 467 1728 inquit,
497 1687 632 1728 quamvis
659 1685 729 1716 collo
748 1686 862 1732 doffove
877 1686 923 1717 do-

47 1727 187 1769 flentur,
206 1739 259 1762 mc
275 1730 406 1770 mancipi
422 1728 517 1770 sunt,
550 1729 686 1770 quoniam
702 1724 856 1767 bestiarum
869 1737 923 1759 nu-

46 1766 124 1804 mero
138 1770 225 1813 fiant.
271 1770 413 1804 Primum
438 1770 482 1802 ait
503 1769 581 1811 domo
606 1768 714 1800 collove
727 1791 738 1807 ,
757 1777 835 1800 mox
852 1769 922 1802 collo

46 1808 160 1854 &rspve
171 1835 184 1851 ,
203 1820 373 1854 utrumque
388 1812 472 1844 reete
482 1834 494 1850 ,
517 1819 618 1886 neque
635 1810 713 1857 adeo
729 1819 809 1856 opus
821 1808 867 1842 est
879 1811 920 1843 al-

48 1850 205 1888 tsirutrum
228 1853 400 1886 invertere.
445 1853 555 1885 Pretio
580 1862 634 1885 ora
659 1852 806 1884 animalia
821 1874 832 1891 ‚
853 1861 921 1893 quae

4 1919 7 1922 -
46 1893 115 1928 fera
131 1905 196 1928 non
212 1895 331 1936 essent,
355 1896 419 1928 hoc
430 1894 496 1933 est,
519 1904 590 1936 quae
609 1894 698 1926 collo
715 1893 853 1940 dorsove
866 1894 921 1925 do-

45 1933 211 1970 niabantur
226 1962 238 1978 ,
271 1947 405 1980 quaeque
437 1936 562 1978 insuper
590 1935 739 1976 insignem
756 1934 808 1982 'su-i
832 1934 923 1982 usum

44 1971 227 2020 praebebant
244 2001 259 2018 ,
288 1979 369 2022 apud
394 1978 557 2011 Romanos
581 1987 638 2024 'res
660 1986 798 2019 mancipi
828 1976 922 2025 furffe

45 2026 167 2062 putem.
210 2020 289 2054 Non
313 2020 428 2054 sufficit
444 2042 456 2059 ,
487 2027 522 2050 ut
538 2018 652 2065 animal
663 2041 678 2065 ,η
697 2027 762 2059 quo
782 2027 921 2060 mancipi

46 2060 107 2100 fit,
136 2061 280 2095 dominio
305 2061 414 2095 nostro
443 2061 536 2102 poffit
568 2059 710 2101 subj1c1‚
740 2067 777 2106 ut
807 2068 921 2106 contra

47 2101 238 2136 Raevardum
257 2103 340 2136 reae
365 2102 503 2145 disputat
530 2101 615 2134 Clar.
640 2101 858 2143 Schultingius
879 2102 920 2148 ad

46 2143 77 2185 §.
104 2153 130 2175 1.
168 2144 201 2176 T.
225 2143 320 2177 XIX.
352 2144 472 2187 Fragm.
506 2144 632 2184 Ulpian.
662 2153 692 2175 n.
715 2146 746 2174 6.
771 2143 814 2175 sic
835 2152 919 2175 enim

46 2194 160 2226 canes,
183 2185 283 2224 feles,
317 2185 346 2218 ἂ
368 2196 436 2227 quae
451 2194 517 2218 non
542 2185 620 2224 alia,
645 2184 743 2216 essent
761 2194 810 2217 res
831 2194 916 2217 nian-

46 2226 138 2267 cipi,
171 2225 222 2264 sed
248 2234 378 2268 oportet
403 2249 414 2265 ,
441 2234 478 2257 ut
494 2226 608 2258 animal
632 2234 783 2273 praeterea
806 2236 917 2274 operas

69 2266 172 2300 raestet
182 2291 193 2307 ,
217 2268 271 2301 vel
290 2268 350 2300 alia
376 2267 500 2299 ratione
521 2267 565 2298 ita
580 2267 711 2313 domino
729 2266 785 2299 suo
801 2267 840 2300 sit
856 2277 917 2300 uti—

57 2318 76 2340 e
83 2332 94 2349 ‚
120 2317 155 2340 ut
174 2309 244 2350 quis
262 2318 303 2341 ex
323 2318 456 2341 numero
473 2308 562 2340 dives
580 2308 698 2341 censeri
713 2309 817 2356 poffit.
894 2351 900 2357 ⁶

87 2349 207 2383 Verum
228 2350 299 2382 haec
327 2351 356 2382 ἃ
380 2351 440 2382 alia
456 2359 520 2382 non
540 2349 613 2396 satis
629 2357 781 2396 poterunt
799 2351 917 2424 mtessssci

43 2390 628 2474 13131111ῑῖἓὲΠὲἐωῗξςῗὶῦἕὲὲἒοέξ
638 2391 917 2473 ifizmffizfflniffi,

66 2474 119 2506 uid
139 2474 217 2506 item
233 2497 244 2513 ,
278 2484 351 2507 cum
377 2475 573 2516 populariter
593 2475 624 2507 δε
640 2474 743 2506 minus
758 2483 914 2521 accurate.

75 2523 88 2548 t
105 2515 248 2556 quidem,
273 2515 296 2549 fi
313 2517 441 2558 proprie
459 2516 649 2557 loquantur,
680 2517 787 2548 omnia
801 2526 917 2548 anima-

41 2557 86 2590 lia
100 2555 195 2589 distin
239 2566 292 2589 ere
303 2557 409 2590 videas
426 2558 458 2590 in
478 2557 692 2600 quadrupedes
703 2581 719 2605 ,¹
738 2558 875 2599 pecudes
886 2559 916 2591 ὅ(

43 2597 165 2630 bestias.
225 2598 435 2641 uadrupedum
454 2600 484 2632 δε
505 2598 672 2631 bestiarum
688 2599 741 2632 hic
753 2599 820 2632 sola
828 2608 913 2632 men-

45 2639 114 2679 tio,
136 2635 223 2671 nulla
237 2640 393 2681 pecudum
404 2665 414 2680 ‚
431 2651 467 2673 ea
483 2640 572 2673 forte
586 2642 712 2673 ratione
718 2665 729 2688 ,
753 2651 847 2689 quam
861 2641 913 2673 de-

42 2676 118 2713 inde
139 2680 316 2721 explicabo.
362 2682 589 2729 Quadrupedes
613 2682 674 2715 effe
697 2683 781 2716 dixit
797 2707 808 2723 ,
842 2692 912 2725 quae

43 2722 133 2754 collo
149 2719 286 2754 dorsove
300 2722 466 2758 domantur
476 2748 487 2764 ,
514 2725 545 2757 &
560 2733 667 2756 earum
683 2725 830 2766 exempla
840 2734 912 2766 pro-

43 2763 158 2804 ponit,
185 2764 290 2802 boves,
316 2765 406 2797 mulos
412 2788 426 2806 ,
446 2776 546 2809 equos,
565 2765 667 2806 afinos.
711 2767 798 2800 Mox
814 2775 912 2799 trans-

42 2805 72 2836 it
85 2803 124 2836 ad
144 2803 256 2836 bestias
266 2813 278 2843 ;
299 2805 330 2837 &
346 2806 394 2839 his
406 2806 452 2840 est
468 2807 680 2849 consequens,
701 2808 824 2848 boves,
845 2818 912 2841 mu-

44 2845 115 2884 los,
137 2854 235 2886 equos
246 2866 258 2884 ,
276 2845 376 2879 asinos
393 2857 457 2882 non
480 2849 543 2882 effe
557 2849 670 2882 bestias
684 2872 696 2889 ,
718 2851 748 2883 &
764 2851 806 2883 fic
821 2860 910 2883 reve-

44 2896 79 2919 ra
102 2884 165 2925 est,
198 2885 220 2918 fi
245 2894 318 2918 cum
339 2887 426 2928 JCtis
447 2890 631 2932 loquamur,
660 2892 809 2933 agricolis
825 2893 910 2940 enim

46 2927 101 2959 vel
119 2927 260 2968 optimus
282 2927 400 2960 Orator
424 2930 456 2961 id
470 2941 534 2964 non
551 2932 748 2974 persuaserit.
792 2934 910 2982 Quid-‘s>

44 2968 144 3001 atinus
173 2976 239 3000 non
263 2969 325 3000 erit
348 2968 465 3010 bestia,
493 2980 615 3006 tantum
629 2974 750 3008 scilicet
766 2975 813 3008 est
835 2984 910 3009 artis

44 3009 198 3050 cujusque
221 3008 401 3042 locutiones
426 3014 568 3054 proprias
587 3015 720 3049 novisse.
764 3017 908 3061 Quadru-

43 3050 133 3093 pedis
155 3049 342 3091 significatio
364 3051 443 3084 adeo
466 3054 591 3096 quidem
609 3056 672 3089 late
688 3067 798 3100 patet,
822 3067 858 3091 ut
875 3069 909 3091 o-

44 3101 119 3125 mne
143 3091 257 3123 animal
280 3093 510 3135 complectatur
525 3119 536 3135 ‚
569 3098 656 3138 quod
671 3108 806 3140 quatuor
823 3101 909 3143 pedi-

44 3133 104 3166 bus
120 3131 257 3173 incedit,
265 3133 360 3167 etiam
371 3133 453 3167 feras
463 3136 494 3168 &
501 3144 597 3177 pecus
611 3139 782 3180 lanigerum
792 3164 803 3180 ,
812 3142 909 3184 quod,

45 3173 69 3208 fi
86 3174 166 3206 tanti
181 3172 280 3213 ess'et,
299 3175 540 3210 auctoritatibus
554 3178 675 3221 pofl'em
687 3182 819 3222 probare
837 3193 911 3216 cum

43 3215 226 3250 nostrorum
253 3215 419 3253 hominum
439 3226 552 3260 ,tum
569 3219 713 3258 ,aliorum
726 3245 739 3263 ,
771 3223 913 3260 fitamen

967 1395 1123 1436 proprie,
1153 1395 1185 1428 ἃ
1216 1406 1258 1430 ex
1276 1407 1343 1433 arte
1364 1401 1447 1443 Juris
1465 1404 1652 1447 loquamur,
1675 1408 1849 1450 quadrupe.

966 1436 1021 1468 des
1035 1445 1129 1469 erunt
1139 1460 1151 1476 ,
1174 1447 1214 1471 ex
1229 1440 1416 1476 definitione
1440 1445 1589 1489 Ulpiani,
1619 1459 1680 1492 quoe
1695 1450 1765 1482 collo
1783 1457 1847 1483 aor-

958 1478 1033 1520 fiive
1059 1480 1214 1512 domantur
1227 1504 1241 1521 ‚
1273 1483 1336 1517 hoc
1360 1485 1425 1526 est,
1461 1498 1532 1529 quae
1549 1489 1683 1523 sarcinas
1697 1495 1820 1525 vehunt
1832 1516 1846 1532 ,

967 1520 1120 1561 trahunt,
1144 1531 1240 1564 atque
1255 1525 1300 1557 ita
1327 1528 1502 1561 ministerio
1528 1533 1604 1565 colli
1624 1533 1748 1565 dorfive
1765 1533 1849 1568 subi-

965 1569 1101 1603 guntur:
1123 1566 1230 1605 quales
1250 1565 1321 1600 sunt
1340 1569 1439 1604 boves
1455 1572 1573 1615 &equi
1591 1575 1730 1607 traetorii
1742 1600 1752 1614 ,
1778 1586 1847 1609 mu-

966 1604 989 1635 li
1005 1606 1194 1645 carrucarii,
1220 1608 1250 1639 &
1267 1610 1391 1643 tandem
1407 1612 1501 1653 asini,
1532 1625 1668 1656 quorum
1688 1617 1731 1648 est
1749 1627 1847 1652 onera

965 1645 1060 1677 dorso
1076 1654 1214 1687 portare.
1259 1650 1327 1684 Has
1344 1662 1485 1694 quatuor.
1498 1655 1618 1698 species
1635 1659 1673 1690 ab
1691 1658 1845 1701 Ulpiano,

964 1688 1104 1729 exempli
1120 1687 1208 1721 forte
1224 1691 1335 1732 causa,
1358 1704 1573 1739 enumeratas,
1604 1710 1698 1732 nemo
1716 1704 1847 1744 negabit

965 1730 1003 1762 ad
1019 1738 1099 1771 opus
1116 1730 1269 1765 rusticum
1286 1734 1317 1766 in
1336 1737 1449 1777 primis
1463 1739 1525 1771 effe
1542 1742 1638 1774 utiles
1658 1743 1847 1776 dt'necess'a·

964 1771 1049 1810 rias3
1068 1771 1091 1805 fi
1117 1773 1169 1805 cui
1194 1774 1317 1816 placeat
1337 1778 1367 1810 ἀ
1394 1779 1469 1812 alias
1484 1782 1616 1824 addere,
1640 1793 1701 1825 ego
1717 1795 1780 1816 non
1797 1795 1843 1818 re-

965 1822 1103 1854 pugnem
1124 1837 1134 1853 ,
1167 1814 1340 1850 dummodo
1363 1819 1423 1852 fint
1446 1829 1577 1863 mnam
1591 1849 1600 1865 ‚
1628 1834 1664 1857 ut
1685 1827 1845 1868 eleganter

965 1855 1179 1896 quadrupedes
1205 1860 1342 1900 appellat
1365 1861 1556 1900 Scholiastes
1577 1867 1782 1901 Basilicorum
1805 1869 1844 1902 ad

966 1895 1008 1927 L.
1030 1896 1102 1929 LX.
1133 1897 1167 1929 T.
1189 1899 1245 1932 ΙΙΙ.
1271 1901 1339 1934 Lit.
1364 1903 1406 1935 A.
1430 1906 1580 1947 domuaria
1601 1909 1730 1941 dixeris,

1007 1937 1102 1970 Hanc
1137 1942 1297 1982 propriam
1335 1945 1544 1987 quadrupedis
1579 1949 1842 1991 significationem

964 1977 1119 2011 servatam
1143 1990 1223 2021 puto
1255 1984 1286 2015 in
1304 1986 1411 2027 primo
1430 1988 1545 2030 Capite
1566 1991 1660 2033 Legis
1680 1991 1841 2034 Aquiliae,

964 2021 1050 2061 quod
1080 2024 1311 2065 quadrupedem
1333 2036 1350 2058 a
1370 2030 1491 2069 pecude
1525 2031 1679 2065 distinxit.
1737 2035 1841 2069 Verba

962 2061 1227 2109 describit—Gajus
1242 2066 1275 2098 in
1296 2068 1317 2099 l.
1341 2079 1370 2101 2.
1392 2077 1441 2111 pr.
1458 2071 1500 2113 ff.
1524 2076 1563 2105 aci
1587 2074 1627 2106 L.
1648 2074 1756 2117 Aquil.
1774 2077 1840 2126 Qui

952 2105 1076 2145 servum
1094 2106 1255 2146 servamve
1275 2132 1285 2148 ‚
1315 2111 1444 2144 alienum
1463 2114 1654 2154 alienamve,
1676 2126 1837 2157 QUADRU-

962 2155 1083 2177 PEDEM
1101 2156 1168 2179 VEL
1187 2158 1373 2191 PECUDEM,
1396 2155 1511 2196 injuria
1528 2159 1667 2189 occiderit
1681 2158 1743 2194 &a
1780 2160 1836 2192 Pe-

961 2187 1072 2226 eudes,
1105 2190 1234 2231 propria
1261 2192 1490 2233 significatione
1507 2222 1517 2237 ‚
1554 2198 1625 2231 sunt
1640 2209 1718 2232 oves
1738 2201 1768 2233 ἃ
1788 2212 1838 2235 ca-

959 2238 1047 2271 prae,
1079 2239 1148 2271 quae
1173 2231 1275 2265 lanam
1294 2234 1422 2276 ferunt,
1449 2238 1494 2269 ita
1505 2240 1597 2272 dic'tae
1616 2251 1633 2273 a
1649 2243 1695 2270 vn'u
1710 2248 1719 2262 '³
1742 2266 1753 2281 ,
1775 2245 1836 2276 vel-

959 2271 1024 2309 lus,
1050 2279 1085 2302 ut
1098 2272 1225 2312 prolixe
1242 2275 1309 2307 haec
1327 2277 1493 2312 adnotavit
1518 2281 1671 2323 Josephus
1693 2283 1834 2326 Scaliger

962 2312 1088 2356 Conjecl.
1112 2314 1145 2345 in
1165 2314 1295 2349 Varron.
1318 2320 1351 2349 cle
1376 2320 1417 2351 L.
1439 2321 1479 2352 L.
1498 2328 1533 2362 p.
1547 2333 1598 2364 39.
1646 2324 1738 2356 Unde
1750 2332 1833 2367 peco-

959 2364 994 2385 ra
1012 2357 1042 2386 dt
1059 2365 1125 2386 oves
1143 2365 1377 2391 convertuntur
1395 2361 1427 2392 in
1461 2362 1490 2404 §.
1510 2374 1542 2403 4.
1570 2362 1642 2405 inst.
1662 2367 1696 2396 de
1717 2367 1779 2409 Usta
1797 2368 1834 2404 &⁹

959 2397 1083 2428 habitat.
1132 2397 1189 2429 Sed
1200 2397 1230 2437 fi
1241 2405 1378 2440 pecorum
1394 2403 1442 2434 vel
1459 2405 1557 2436 ovium
1577 2413 1641 2446 usus
1659 2407 1835 2450 legatusfic,

959 2438 1103 2477 quamvis
1120 2437 1179 2470 sint
1201 2440 1310 2481 Libri,
1328 2443 1381 2483 qui
1404 2443 1446 2476 ibi
1469 2446 1642 2479 exhibeant
1654 2473 1663 2488 ,
1675 2452 1731 2491 sed
1740 2450 1770 2490 fi
1782 2458 1834 2492 pe-

960 2487 1057 2510 corum
1075 2480 1170 2511 veluti
1183 2483 1281 2513 ovium
1299 2484 1359 2516 &c.
1404 2486 1466 2518 Sed
1493 2496 1544 2520 tot
1571 2489 1630 2520 alia
1648 2491 1720 2523 loca
1736 2492 1833 2532 sunt,

959 2529 1028 2560 quae
1040 2523 1178 2560 pecudem
1196 2532 1254 2563 pro
1273 2534 1324 2556 ove
1338 2527 1521 2568 accipiunt,
1547 2538 1582 2562 ut
1607 2533 1739 2572 puderet
1754 2543 1831 2566 con·

957 2570 1076 2602 gerere.
1122 2562 1327 2607 Caeteroquin
1356 2577 1421 2600 non
1443 2569 1592 2611 inficior,
1623 2575 1752 2614 pecudis
1771 2586 1830 2607 vo-

958 2612 1028 2635 cem
1041 2603 1104 2635 ess'e
1120 2614 1247 2647 quoque
1261 2609 1413 2642 latiffimae
1430 2610 1684 2654 fignificationis‚
1702 2616 1731 2648 ὅ(
1743 2625 1829 2648 00111-

956 2645 1148 2685 prehendere
1167 2657 1261 2680 omne
1276 2651 1411 2690 animal,
1433 2654 1530 2686 etiam
1548 2657 1780 2698 quadrupedem
1796 2659 1828 2691 δε

954 2685 1075 2726 fera1n3
1098 2688 1183 2728 ipsos
1196 2690 1295 2730 pilces
1312 2692 1442 2726 Plautus
1457 2695 1573 2728 alicubi
1592 2698 1728 2738 Neptuni
1739 2705 1828 2739 pecu-

953 2729 1002 2760 des
1020 2731 1167 2770 appellat.
1213 2732 1257 2764 Et
1279 2735 1364 2774 quod
1387 2735 1426 2766 de
1445 2743 1546 2776 pecore
1571 2739 1653 2770 dixit
1675 2740 1827 2781 Ulpianus

954 2770 986 2801 in
1010 2771 1030 2802 l.
1048 2781 1101 2811 50.
1126 2771 1153 2813 §.
1172 2783 1202 2814 4.
1221 2774 1263 2815 ff.
1284 2777 1318 2806 de
1342 2776 1424 2808 Furi.
1448 2777 1551 2820 fugari
1568 2789 1699 2820 nempe.
1723 2781 1826 2815 osten-

954 2809 989 2843 so
1008 2822 1113 2853 panno
1132 2815 1251 2854 rubro,
1273 2817 1305 2848 id
1320 2817 1359 2848 de
1379 2818 1495 2859 tauris,
1519 2821 1824 2861 praetei·alios‚Plu-

955 2855 1081 2886 tarchus
1105 2856 1256 2896 praedicat
1280 2858 1312 2889 in
1339 2857 1440 2890 Libro
1465 2861 1499 2892 de
1526 2860 1666 2902 Praecepr.
1695 2864 1822 2907 Conjug.

949 2901 979 2936 p.
1004 2906 1042 2928 m.
1068 2900 1141 2930 282.
1187 2898 1343 2942 Quinimo
1365 2899 1442 2932 &in
1458 2900 1532 2940 Jure
1554 2901 1684 2943 nostin,
1710 2906 1763 2938 ubi
1783 2908 1825 2939 la-

952 2937 1025 2968 xior
1046 2936 1090 2969 est
1107 2938 1328 2979 interpretatio
1341 2961 1352 2977 ,
1374 2947 1410 2971 ut
1428 2941 1461 2973 in
1484 2941 1678 2976 testamentis
1695 2947 1758 2978 effe
1775 2947 1822 2980 so-

952 2978 1018 3016 let,
1041 2977 1096 3009 sub
1114 2979 1286 3018 pecudibus
1302 2982 1399 3012 etiam
1415 2982 1516 3015 boves
1531 2984 1561 3015 ἃ
1572 2993 1687 3018 caetera
1702 2988 1824 3028 jumen-

953 3026 985 3051 ta
1000 3020 1206 3051 continentur
1228 3021 1248 3052 l.
1273 3024 1326 3061 65.
1368 3046 1374 3055 ,
1395 3032 1427 3063 4.
1452 3023 1488 3058 ΕῦΒ
1506 3024 1528 3057 l.
1553 3030 1603 3060 81.
1630 3027 1658 3069 §.
1683 3039 1713 3062 2.
1727 3030 1768 3072 ff.
1790 3034 1825 3065 cle

954 3061 1064 3101 Legat.
1089 3059 1145 3092 ΠΙ.
1172 3062 1225 3092 ubi
1244 3071 1323 3093 vero
1371 3063 1497 3104 1101101,
1520 3074 1555 3097 ut
1574 3068 1606 3100 in
1623 3069 1823 3106 AEdilitioE-

952 3102 1060 3140 dicto,
1082 3100 1151 3133 haec
1165 3101 1358 3150 differunt-l.
1381 3109 1432 3147 38.
1458 3105 1486 3148 §.
1510 3117 1541 3148 4·-
1565 3119 1597 3150 5.
1623 3110 1659 3146 ἐπ’)
1680 3116 1711 3144 6.
1729 3113 1770 3155 ff.
1787 3117 1823 3148 de

955 3142 1054 3175 AEslil.
1077 3142 1177 3175 Edist.
1221 3144 1255 3176 Si
1269 3145 1361 3178 ullibi
1375 3155 1501 3188 autem,
1523 3150 1554 3181 in
1571 3150 1720 3186 formulis
1734 3164 1824 3189 certe

953 3184 1075 3224 Legum
1097 3185 1271 3226 proprietas
1297 3186 1467 3221 verborum
1491 3199 1583 3232 quani
1610 3195 1747 3227 maxime
1766 3198 1822 3229 011-

953 3225 1095 3260 servatur
1108 3248 1120 3266 ,
1150 3225 1280 3268 preffius.
1301 3228 1348 3263 ibi
1361 3229 1493 3273 agitur,
1507 3232 1639 3277 ,singulae
1655 3245 1752 3270 voces
1772 3248 1824 3285 ru-

1098 3299 1102 3303 .
1766 3288 1824 3313 mi-
