2008 3436
213 109 654 152 OiiSiiRVATioNUM
703 106 838 155 JURIS
889 105 1101 143 ROMANI

43 198 72 241 §.
101 205 126 229 1.
146 196 186 239 ff.
209 198 243 229 (le
263 196 350 228 Furt.
377 202 482 236 aperte
497 188 666 235 perscribi,
691 187 745 228 qui
761 195 810 233 res
827 185 914 236 Civi—

44 242 156 273 tatium
179 237 410 274 intervenerit,
436 235 546 275 utiquc
572 232 796 276 hirtiqteneia,
822 228 852 259 <St
876 228 915 275 de

43 284 129 324 Lege
145 281 224 322 julia
240 280 362 312 aliunde
378 276 507 310 constat.
549 272 635 320 Quin
651 271 831 312 simpliciter
848 280 913 311 qui-

43 333 166 364 cunque
201 323 397 364 ,ct-uiatores
422 319 595 351 sexcenties
610 318 700 353 jaros
725 320 883 358 vocantur
901 335 912 351 ‚

44 369 74 398 a&
98 367 140 397 ita
158 373 251 396 vocat
271 360 424 403 Vopiscus
442 361 471 391 in
483 357 649 389 Aureliano
661 356 728 404 Cap.
745 352 910 385 xxxix.

43 408 209 449 pluresque
224 405 276 437 alii
292 405 322 435 in
348 401 483 442 Historia
499 397 662 445 Augusti-h·
686 398 716 448 e&
731 395 913 444 exemplum

42 448 251 490 peculator-is,
270 447 357 485 furti
380 442 536 481 accusati,
562 441 604 472 est
626 449 656 471 iii
671 438 824 486 Cornelio
841 436 913 468 (sal-

44 493 76 522 lo
94 490 172 531 apud
192 487 386 519 Aniiiiianuiii
404 483 629 517 Marcellinum
647 481 686 512 L.
702 479 808 526 Xyll.
823 485 855 520 p.
872 489 911 511 m.

45 535 114 564 166.
139 530 215 562 nihil
234 529 317 560 enini
342 534 450 565 vetat,
476 535 531 557 cui·
557 534 624 556 non
641 523 797 554 Ammiani
817 520 912 552 verba

42 572 167 615 proprie
183 571 380 615 accipiatiius.
438 609 444 614 .
762 605 767 610 ι

81 615 111 646 Si
130 613 197 645 haec
217 611 397 643 concordia:
414 619 465 641 Via
481 618 544 640 non
563 607 704 648 placeat,
729 605 788 636 alia
805 604 910 651 adgre-

38 655 167 687 diamur.
192 651 467 696 Q.i-:2ii·.idiiiotliiz·n
487 658 590 681 autem
607 648 746 685 constat,
771 653 911 692 traiiipo-

38 697 150 729 sitione
169 704 356 732 vernorum,
383 702 451 734 qua:
466 690 680 735 dictabantur,
708 688 816 733 stt-pius
832 698 848 719 a
861 688 912 718 Li-

39 738 148 770 brariis
165 745 330 778 peccatum
343 733 421 771 esse,
446 742 479 764 ut
501 733 657 764 Antonius
679 730 868 770 Auguilinus
882 739 911 775 a·

38 780 188 812 liuiiotics
205 801 214 815 ,
240 778 270 809 ἃ
296 786 354 808 nos
380 774 547 816 aliquando
572 772 835 817 ooservavrmus,
852 773 911 816 ‚¹¹9

38 811 101 853 ndn
119 820 214 852 auiim
233 817 393 861 praestare,
419 816 498 847 haud
525 814 649 854 trajecta
674 813 734 845 cil'e
752 812 910 852 Papiniani

39 865 134 894 vei-'uzi
159 862 189 893 in
214 863 231 891 z!
265 862 284 891 l.
310 864 361 894 81.
388 860 418 890 ἃ
444 858 486 888 ita
508 855 605 888 sorte*
624 856 835 886 restituenda:
863 854 910 883 Ob

35 904 193 946 pecaniam
217 903 347 934 Civitati
366 898 552 937 subtractam
582 899 705 928 crimine
728 896 908 940 petulat-ur,

39 957 97 978 non
112 945 223 976 ustione
243 945 326 981 furti
342 948 470 972 tenetur.
515 939 566 971 Sic
588 939 653 976 ait,
677 936 798 969 furtum
820 935 906 967 Civi-

40 987 98 1020 tati
124 986 239 1019 factum
259 1008 268 1023 ,
293 983 470 1025 peculatum
493 979 554 1011 ess'e
570 1003 579 1018 ,
605 978 689 1020 quod
712 986 820 1008 verum
837 975 906 1022 'est;

41 1029 91 1061 sed
114 1028 198 1069 quoti
228 1024 379 1066 ejusmodi
408 1021 622 1063 peculatorem
655 1027 747 1060 neget
784 1018 907 1048 actione

40 1069 117 1103 furti
136 1067 252 1106 teneri,
277 1072 412 1107 pugnare
426 1063 510 1094 dices
530 1071 602 1093 cum
627 1061 682 1099 iis,
707 1069 776 1102 qua:
807 1063 905 1090 motio

648 1161 1000 1198 CAPUT

1164 109 1253 144 LIB.
1284 110 1349 146 [V.
1385 110 1424 146 C.
1450 111 1514 147 111.
1543 112 1609 150 IV.

956 186 1187 229 disputavimus
1201 187 1240 218 de
1258 189 1415 221 concursu
1431 191 1562 225 astionis
1579 192 1658 225 furti
1680 194 1709 226 δε
1728 194 1839 234 judicii

956 230 1131 271 peculatus.
1178 229 1237 260 Sed
1254 240 1332 260 vero
1359 240 1422 262 non
1439 235 1590 274 pugnabit
1608 260 1618 275 ,
1643 235 1663 268 si
1689 236 1839 267 memine-

956 272 1054 302 rimus
1072 295 1081 310 ,
1114 280 1171 301 non
1196 271 1291 302 etiam
1318 279 1393 302 tunc
1419 273 1553 317 intelligi
1585 277 1671 317 polle
1697 287 1756 319 pro
1780 287 1839 308 non

957 320 1077 344 tantum
1097 336 1107 352 ‚
1132 312 1162 344 ὃ(
1191 313 1368 345 orationem
1393 313 1435 345 ita
1455 317 1567 348 melius
1586 342 1595 356 ,
1628 329 1720 360 quani
1740 327 1836 358 ante,

955 354 1160 386 descendere:
1186 354 1364 394 tenebitur,
1381 355 1422 387 iic
1441 356 1582 398 inquiet,
1596 361 1836 400 peculatoriion

957 404 1079 428 tantuin
1096 396 1220 427 actione
1237 395 1336 435 furti,
1362 398 1447 438 quod
1463 399 1567 432 minus
1580 404 1642 440 cii,
1669 402 1698 433 ὅ(
1717 402 1754 433 de
1769 412 1835 443 quo

956 438 1008 469 vel
1035 437 1114 469 furti
1135 436 1279 469 definitio
1304 448 1362 470 nos
1390 439 1535 472 dubitare
1564 451 1627 474 non
1654 442 1725 474 sinit
1742 468 1751 483 ,
1784 443 1835 475 sed

956 480 1052 511 ctiam
1068 479 1202 511 crimine
1217 481 1399 521 peculatus,
1425 491 1612 522 argumento
1627 483 1719 524 ipsius
1740 485 1834 526 Legis

955 521 1065 562 Juliaz,
1090 521 1275 562 &cxpress'a
1298 521 1539 555 Constitutione
1566 524 1727 557 Divorum
1752 525 1834 557 Tra-

954 563 1015 603 iani
1033 564 1063 595 ἃ
1080 562 1241 595 Hadriani.
1288 563 1394 595 Poffes
1420 566 1451 596 &c
1478 566 1523 597 ita
1541 566 1664 606 dicere,
1691 567 1832 608 Papinia-

954 614 1030 636 num
1047 605 1083 636 ad
1103 605 1295 646 propositam
1314 605 1519 647 quaestionem
1532 632 1540 647 ,
1552 617 1659 641 utrum
1680 608 1836 640 strom-aua

956 645 1090 678 Civitati
1111 646 1243 688 pecunia
1262 648 1425 688 peculatus
1445 651 1686 690 committatur,
1711 660 1747 681 aii
1767 650 1832 681 fui·-

955 695 1022 719 tum
1043 688 1190 729 fimplex,
1216 689 1422 730 reipoiidiss'e,
1448 692 1629 732 peculatum
1650 692 1832 731 committi,

954 738 1019 760 non
1037 739 1114 761 vcro
1132 729 1255 762 furtum
1274 729 1420 772 simplem
1444 741 1509 764 non
1527 734 1613 774 quod
1632 741 1743 775 neget,
1760 742 1833 774 pos-

955 770 985 802 se
1004 770 1198 812 Civitatem,
1222 771 1244 804 fi
1271 773 1369 812 velit,
1392 772 1473 805 furti
1493 784 1584 816 agere
1598 799 1608 815 ,
1634 786 1698 817 quo
1718 775 1757 806 de
1777 784 1830 807 ne-

954 821 1008 843 mo
1025 812 1184 844 dubitavit
1205 823 1340 855 unquam
1352 838 1362 854 ,
1387 814 1439 846 sed
1456 816 1541 857 quod
1559 817 1694 849 alterum
1718 826 1832 858 negan-

953 854 1014 892 do,
1038 854 1172 886 alterum
1195 856 1292 896 magis
1305 856 1516 897 conceffei·it;
1542 859 1571 890 ὅ(
1595 858 1678 890 recte
1694 881 1705 896 ‚
1731 867 1766 890 tit
1786 858 1832 889 di-

953 895 1006 933 xi,
1032 897 1176 936 negavit,
1201 896 1223 928 fi
1238 906 1310 928 eum
1328 897 1367 928 de
1381 898 1513 940 simplici
1528 900 1652 932 afflone
1665 899 1763 940 furti,
1789 909 1832 931 ex

949 935 1072 967 duobus
1090 937 1277 978 propositis,
1303 939 1460 972 exaudias.
1493 940 1710 982 TraJ'ec'tioni,
1736 951 1830 983 quain

949 978 1089 1015 tentavi,
1114 977 1223 1017 favet,
1249 980 1335 1018 quod
1361 979 1543 1015 Charondas
1570 984 1716 1023 notavit,
1743 983 1830 1016 illam

948 1019 970 1050 l.
996 1023 1046 1052 81.
1067 1018 1107 1059 ff.
1131 1022 1165 1052 de
1187 1019 1278 1052 Fure.
1296 1021 1383 1053 varic
1398 1023 1463 1064 legi
1480 1024 1512 1055 in
1524 1025 1726 1058 LibrisMSS.

1766 126 1833 161 103

1097 1165 1190 1202 IV.

781 1260 848 1308 she}
872 1262 1069 1311 Αὗτοχειξιόις.

32 1377 37 1383 ’
128 1372 204 1406 usim
240 1371 378 1411 raestare,
404 1377 530 1409 totum,
554 1377 615 1410 qua
628 1372 739 1410 patet,
769 1365 822 1406 Jus
847 1365 899 1398 Ci-

149 1415 214 1446 vile
255 1422 440 1446 omanorum
456 1411 536 1443 nihil
551 1411 634 1442 aliud
651 1413 799 1454 coercere
809 1417 901 1454 quain

32 1461 195 1500 mjunam,
219 1455 354 1487 aliorum
369 1453 516 1495 corpori,
538 1452 634 1498 *bonis
653 1475 663 1490 ,
694 1452 724 1482 &
745 1448 900 1481 existima-

32 1501 114 1534 tioni
135 1497 272 1536 illatam,
298 1505 356 1528 nec
373 1495 519 1536 cuiquam
535 1493 680 1532 mvidiae,
705 1491 817 1538 nedum
834 1499 899 1532 poe·

31 1548 81 1575 nae
103 1538 194 1574 fuisse
205 1563 216 1579 ‚
239 1537 271 1571 se
287 1538 318 1570 δε
333 1536 406 1576 sua,
423 1535 519 1567 modo
538 1535 666 1566 alterius
684 1533 794 1578 iniuria
811 1532 898 1572 absit,

31 1583 214 1627 profligare,
238 1580 377 1622 perdere.
423 1576 535 1618 Neque
562 1576 640 1608 adeo
661 1574 798 1607 dubitari
817 1574 901 1620 vide-

31 1628 124 1658 batur
167 1621 231 1655 oss'e
248 1644 258 1661 ,
289 1621 365 1663 quin
387 1629 428 1651 eo
450 1618 522 1659 Jure
544 1618 632 1664 licita
651 1625 778 1664 quoque
804 1614 902 1647 fuerit

30 1674 141 1700 natura
154 1664 180 1696 is
209 1663 337 1696 libertas
362 1660 395 1701 se
419 1660 520 1702 ipsum
541 1659 736 1696 occidendi,
760 1657 818 1705 hac
840 1666 901 1704 una

29 1707 196 1746 cautione,
215 1704 242 1738 si
260 1705 341 1736 citra
356 1703 485 1734 alterius
502 1702 647 1742 injuriam
660 1700 724 1732 fiat.
769 1700 802 1732 Si
817 1708 900 1746 erum

28 1749 127 1782 strvis
140 1748 236 1780 liceat
258 1745 443 1778 naturaliter
466 1745 498 1776 in
516 1742 606 1775 suum
629 1751 743 1784 corpus
768 1740 897 1780 saev11·e‚

27 1796 65 1823 ut
82 1789 178 1822 licere
192 1788 274 1820 dixit
294 1787 448 1828 Ulpianus
466 1786 498 1818 in
521 1786 542 1817 l.
566 1795 595 1823 9.
621 1784 650 1825 §.
676 1793 704 1825 7.
722 1783 763 1824 ff.
785 1785 820 1830 ἀς
840 1782 896 1814 Pe-

27 1832 86 1865 tul.
110 1839 167 1862 cur
183 1829 290 1862 liberis
309 1827 491 1860 hominibus
509 1837 545 1858 ea
560 1827 688 1858 libertas
708 1824 898 1871 negabit—ur?

27 1871 109 1907 flixit
132 1879 236 1904 autem
259 1871 450 1902 naturaliter
467 1892 477 1907 ,
515 1878 556 1900 ex
579 1873 746 1912 praeceptis
770 1867 896 1912 Stoico3

27 1921 117 1953 runi,
139 1923 209 1946 nam
228 1921 264 1944 ut
281 1913 313 1944 in
327 1912 414 1951 aliis,
439 1911 483 1942 ita
500 1911 530 1944 δε
548 1911 580 1942 in
594 1910 655 1942 hoc
673 1908 810 1954 articulo
825 1907 898 1954 JC-ti

26 1955 123 1990 nostri
138 1955 246 1988 Stoice
260 1953 390 1985 fuerunt
407 1952 545 1992 eruditi,
569 1957 731 1983 enarrante
754 1949 897 1996 ¹d.C}¹J²²·

27 1998 80 2031 cio
106 1997 143 2029 L.
168 1995 294 2029 XXVI.
322 1995 451 2032 Observ.
476 1994 509 2025 C.
533 2004 584 2034 40.
610 1992 671 2031 Et,
697 2001 735 2022 ne
746 1993 896 2040 quis'lub-

27 2037 129 2078 fistat,
151 2046 226 2070 ecce
243 2036 325 2077 juris
348 2036 463 2069 Civilis
479 2034 655 2067 Decretum
672 2044 679 2065 :
704 2043 778 2064 mori
799 2034 870 2065 lzcet
885 2054 897 2070 ‚

28 2083 80 2113 eui
100 2083 206 2112 vivere
228 2088 286 2110 non
307 2080 435 2120 placet,
461 2076 518 2116 m'si
538 2079 606 2118 quis
624 2077 717 2113 mori,
739 2085 826 2116 quam
845 2076 896 2106 da-

26 2121 281 2154 mnarimalueriz
309 2122 340 2151 ob
362 2121 569 2159 conscientiam
586 2119 744 2154 criminin
769 2126 829 2158 qua
857 2117 896 2147 de

27 2170 62 2197 re
101 2163 203 2195 roli‘xa
217 2160 263 2193 est
277 2160 448 2203 disputatio
464 2161 620 2194 Marciani
640 2160 672 2191 in
691 2167 760 2191 tota
783 2160 802 2190 l.
815 2168 844 2200 3.
853 2158 895 2199 ff.

27 2209 62 2238 ἅε
79 2172 151 2236 gon.
172 2213 230 2235 eor.
250 2205 302 2244 qui
321 2206 478 2242 antesent.
500 2209 585 2234 mort.
613 2201 664 2238 (ibi
686 2202 778 2241 conse.
802 2202 894 2246 ‹Se-va-

27 2248 74 2281 ria
86 2246 285 2286 Principum,
309 2254 378 2286 quae
396 2245 519 2284 laudat,
544 2244 716 2285 Rescripta.
752 2242 895 2289 *Punien-

25 2289 100 2321 dum
120 2295 223 2319 tamen
239 2285 337 2317 videri
354 2286 426 2317 vult
449 2286 476 2327 §.
501 2289 530 2317 6.
557 2288 585 2318 d.
609 2287 628 2317 l.
651 2295 680 2327 3.
705 2294 759 2326 qui
786 2292 896 2329 manus

25 2328 82 2364 fibi
108 2328 238 2366 intulit,
269 2335 328 2358 nec
349 2327 542 2368 perpetravit
559 2351 568 2367 ,
594 2328 615 2359 fi
642 2327 727 2358 nulla
751 2323 842 2356 causa
863 2325 895 2355 ld

24 2370 158 2409 fecerit,
182 2368 234 2401 sed
249 2368 352 2407 addit,
379 2367 450 2400 satis
467 2367 565 2400 causae
582 2369 643 2400 effe
660 2391 670 2406 ,
695 2367 717 2399 ii
741 2369 825 2398 taeclz'o
847 2368 895 2397 vi-

18 2414 64 2446 ’ἴα
87 2412 131 2444 ita
154 2411 193 2442 de
219 2408 249 2441 se
273 2408 416 2441 statuerit
432 2433 442 2449 ,
467 2419 536 2451 quae
559 2410 649 2442 causa
662 2408 729 2440 fei-e
746 2414 896 2450 pei-petua

25 2448 88 2494 est,
111 2451 167 2485 nisi
183 2451 421 2492 fiatjciczazionis
437 2462 506 2491 ergo
522 2474 532 2488 ‚
556 2459 592 2483 ut
606 2451 730 2493 quidam
754 2448 896 2482 Philoso-

71 2495 77 2501 '
121 2493 172 2526 sed
190 2493 220 2525 ἃ
240 2493 309 2524 haec
323 2492 412 2524 causa
426 2492 542 2525 sufficit
554 2493 694 2535 Ulpiano
714 2492 746 2524 in
769 2493 788 2523 l.
810 2494 839 2522 6.
865 2491 893 2531 §.

49 2562 57 2570 .
75 2519 115 2578 ff.
144 2538 178 2567 dt
198 2533 308 2575 Iny'ust.
331 2540 413 2574 rupt.
435 2537 494 2567 irr.
518 2535 603 2575 fast.
627 2533 742 2575 testam.
765 2533 817 2564 vel
837 2539 892 2573 ριι-

24 2581 35 2588 *
63 2579 177 2609 nerii·
198 2576 309 2615 alieni,
331 2575 383 2608 sed
409 2576 439 2608 ἀ
465 2576 528 2608 hoc
552 2576 666 2609 sufficit
691 2575 790 2607 Paulo
814 2575 846 2606 in
870 2575 891 2606 l.

24 2626 80 2668 ⁹415.
99 2614 132 2661 ξ.
157 2625 185 2650 2.
203 2617 245 2659 ff.
272 2619 306 2650 de
329 2617 410 2658 Jure
430 2617 506 2659 Fisc.
531 2628 708 2660 quanquam
735 2617 765 2650 &
788 2626 824 2648 ea
844 2626 891 2647 ra-

24 2663 116 2693 t'mne
130 2659 242 2692 taedere
256 2669 348 2701 quem
366 2659 458 2701 poffit
473 2661 551 2692 vitae
570 2660 640 2692 suae.
687 2659 774 2707 Quin
790 2658 844 2690 ille
862 2658 890 2700 §.

23 2699 59 2734 (5.
76 2702 168 2734 unice
220 2700 276 2732 sset
286 2701 388 2742 accipi
405 2701 443 2733 de
451 2701 714 2743 praesumptione,
730 2710 800 2742 quae
817 2708 892 2731 con-

25 2744 79 2775 ‘tta
90 2747 168 2774 aecu
182 2748 268 2773 atum
283 2740 420 2774 nascitur
439 2753 480 2775 ex
497 2753 553 2784 eo,
578 2744 664 2785 quod
681 2743 736 2775 fibi
753 2750 894 2773 tentave-

24 2779 72 2815 ἡ
85 2779 210 2815 infestas
225 2790 332 2814 manus
348 2783 482 2824 inferre,
506 2795 565 2826 pro
583 2784 726 2816 confesso
742 2784 826 2815 enim
843 2782 894 2814 ha—

25 2819 182 2864 δεῃᾶωνι,
202 2824 257 2865 vqui
273 2824 305 2855 id
319 2823 433 2857 fecerit
450 2826 512 2858 fine
528 2827 593 2859 ulla
608 2825 706 2858 causa.
752 2825 894 2858 Caetero-

26 2865 107 2907 quin
129 2874 189 2896 una
209 2867 358 2907 exceptio
380 2867 424 2899 est
441 2891 451 2907 ,
476 2878 516 2901 ne
536 2868 605 2910 quis
626 2868 672 2900 ob
693 2875 813 2900 metum
832 2867 893 2897 cri-

28 2903 125 2938 minis
142 2904 177 2938 'se
196 2906 320 2952 occidat
337 2931 348 2946 ,
375 2908 424 2948 J'us
444 2910 529 2942 enirn
554 2920 590 2942 ea
618 2910 649 2942 in
674 2908 777 2951 specie
802 2907 895 2945 Fisco

24 2946 193 2988 'quaefissssffl
209 2970 218 2985 2
238 2952 320 2979 citra
340 2948 406 2988 eius
428 2950 573 2991 injuriam
597 2951 801 2984 auferendum
830 2959 895 2981 non

31 2987 77 3020 <³st
91 3010 102 3026 2
130 2996 234 3019 manet
258 2989 372 3030 quippe
390 2991 548 3025 bonorum
575 2993 771 3035 publicatio,
794 2992 826 3024 ἃ
851 2993 895 3023 ita

31 3030 54 3062 l·
79 3039 103 3060 ¹·
126 3028 200 3064 &³2
225 3030 259 3061 C.
281 3033 316 3062 de
336 3030 408 3063 Bon.
429 3044 488 3066 eor.
510 3037 562 3076 qui
583 3043 669 3066 mort.
685 3034 744 3073 fibi
766 3034 894 3071 cvnsciv.

32 3071 54 3102 1·
82 3080 130 3102 1¹.
161 3070 189 3111 §-
211 3081 241 3112 3·
265 3071 304 3113 ff·
327 3074 362 3104 de
383 3073 443 3106 His
460 3079 512 3116 qui
533 3084 594 3109 not.
615 3077 725 3117 infam.
757 3077 776 3107 b.
808 3085 831 3107 i.
864 3076 894 3115 §.

32 3121 86 3155 23.
100 3111 141 3153 ff.
163 3113 198 3143 de
219 3112 275 3145 SC.
299 3113 393 3144 Silan.
415 3116 436 3147 l.
459 3126 488 3148 2.
513 3119 545 3150 C.
568 3118 633 3164 Qui
653 3118 720 3160 test,
736 3118 803 3157 fac,
825 3117 894 3158 poff.

32 3155 53 3186 1.
77 3159 126 3188 28.
147 3152 176 3194 §.
204 3155 287 3197 ¹·ff·
309 3157 343 3187 de
364 3155 436 3189 Bon.
460 3159 560 3194 libert.
583 3168 604 3192 ι.
628 3171 658 3193 2.
681 3162 713 3192 C.
739 3159 800 3191 Ubi
814 3159 893 3199 caus.

27 3194 125 3238 fiscal·
161 3204 264 3238 “gam-
298 3197 328 3229 &
349 3197 370 3229 l·
389 3209 440 3241 32·
463 3200 490 3242 ὃ.
514 3211 544 3243 7.
561 3202 603 3245 ff.
624 3204 658 3235 de
677 3202 792 3235 Donat.
814 3203 896 3235 inter

945 1365 990 1398 V.
1013 1366 1050 1403 ἐξ
1074 1366 1116 1399 U.
1161 1367 1262 1402 Extra
1279 1380 1347 1404 eam
1373 1373 1597 1415 exceptionem
1620 1383 1684 1407 non
1704 1375 1826 1415 reperi,

944 1407 1018 1448 Jure
1040 1410 1185 1441 Romano
1208 1412 1240 1444 in
1266 1413 1449 1447 hominibus
1478 1414 1524 1447 sui
1552 1415 1630 1456 juris
1655 1418 1826 1454 au'nffffl'oe·

944 1450 998 1482 vel
1024 1451 1167 1498 punitam
1195 1462 1326 1496 quoquo
1359 1457 1456 1488 modo
1475 1481 1485 1497 ,
1523 1458 1577 1489 vel
1605 1457 1824 1500 improbatam.-

945 1490 1034 1536 Quin
1049 1492 1242 1539 in'Histon'a
1259 1496 1418 1538 Romana,
1444 1500 1475 1531 <Sc
1498 1499 1550 1530 vel
1571 1499 1602 1530 in
1627 1509 1692 1532 uno
1705 1499 1825 1531 Corne-

945 1532 991 1564 lio
1010 1534 1152 1574 Tacito,
1178 1542 1228 1568 tot
1245 1540 1391 1580 exempla
1409 1539 1481 1572 sunt
1495 1549 1624 1581 eorum,
1648 1542 1702 1583 qui
1723 1542 1825 1582 impu-

944 1583 987 1621 ne
1000 1584 1137 1608 mortem
1151 1586 1349 1620 occuparunt
1361 1605 1371 1621 ,
1397 1582 1463 1613 imo
1480 1592 1617 1623 quorum
1636 1584 1688 1615 vel
1716 1583 1779 1614 hoc
1801 1583 1826 1614 i-

945 1618 1002 1657 pio
1028 1617 1172 1666 postuma
1192 1621 1294 1662 gloria
1316 1630 1477 1664 narratur,
1502 1632 1556 1665 ut,
1581 1624 1602 1656 fi
1625 1635 1689 1657 non
1714 1625 1798 1656 aliud
1814 1648 1827 1664 ‚

945 1666 1033 1706 certe
1048 1663 1243 1701 experientia
1261 1665 1456 1697 convincere
1476 1666 1627 1708 potuisset
1646 1692 1655 1707 ,
1680 1667 1735 1708 qui
1761 1666 1823 1698 dis-

943 1699 1092 1747 sentiunt.
1139 1701 1314 1736 Dissentire
1337 1715 1440 1738 tamen
1460 1709 1582 1749 placuit
1610 1718 1675 1741 non
1699 1716 1824 1740 tantum

940 1751 1101 1774 minorum
1128 1742 1283 1778 Gentium
1306 1748 1509 1790 magistellis,
1536 1749 1587 1781 sed
1603 1751 1634 1782 <Sc
1652 1750 1738 1782 Viris
1762 1749 1824 1791 pri-

940 1793 1000 1816 mae
1024 1784 1231 1820 auctoritatis.
1278 1788 1448 1822 Videamus
1465 1815 1476 1831 ,
1501 1791 1588 1833 quod
1611 1792 1649 1824 ad
1666 1792 1715 1832 Jus
1733 1791 1823 1824 Civi-

941 1825 993 1865 le,
1019 1833 1112 1868 quam
1136 1828 1220 1860 reue
1237 1829 1430 1864 dissentiant.

983 1867 1141 1900 Adferunt
1165 1871 1185 1901 l.
1210 1874 1240 1903 6.
1266 1871 1294 1911 §.
1321 1882 1349 1914 7.
1369 1874 1410 1915 ff.
1435 1875 1470 1907 de
1497 1874 1545 1907 Re
1567 1875 1659 1907 milit.
1683 1875 1822 1916 &1.138.

941 1907 970 1955 ᾗ.
990 1910 1050 1956 μη.
1071 1911 1121 1951 ff.
1144 1913 1179 1943 cle
1200 1912 1285 1944 Paen.
1309 1915 1361 1946 ubi
1379 1916 1487 1955 miles,
1507 1917 1561 1957 qui
1580 1916 1610 1948 se
1627 1917 1823 1956 vulneravit,

939 1951 1041 1983 hblve
1055 1962 1165 1987 manus
1181 1953 1312 1994 intulit,
1337 1965 1396 1987 nec
1413 1956 1532 1989 fastum
1549 1958 1671 2000 peregit
1681 1982 1691 1998 ,
1716 1958 1822 2000 capite

940 1992 1035 2038 plesti
1055 1997 1184 2037 jubetur
1198 2019 1208 2034 ,
1233 1995 1289 2028 nisi
1314 1997 1347 2028 id
1368 1996 1485 2030 fecerit
1509 1999 1707 2041 impatientia
1729 2000 1820 2031 dolo-

940 2043 1002 2074 ris,
1027 2045 1081 2069 aut
1100 2037 1195 2068 taedio
1212 2037 1288 2068 vitae
1298 2060 1309 2076 ‚
1333 2048 1387 2070 aut
1404 2040 1519 2071 morbo
1531 2064 1541 2080 ,
1555 2048 1609 2072 aut
1621 2040 1751 2081 furore,
1768 2048 1823 2073 aut

940 2077 1078 2122 pudore,
1105 2087 1159 2109 aut
1174 2078 1277 2118 luctu,
1303 2081 1416 2121 quibus
1441 2081 1560 2114 cafibus
1583 2092 1656 2114 cum
1687 2083 1823 2125 ignomi-

940 2127 993 2163 nia
1015 2121 1164 2152 mittitur.
1210 2120 1271 2151 Sed
1295 2122 1381 2162 quod
1402 2122 1483 2163 Juris
1508 2122 1554 2156 est
1577 2124 1611 2156 in
1629 2125 1756 2165 milite,
1781 2129 1824 2156 ex

937 2158 1105 2203 disciplina
1123 2161 1270 2201 militari,
1295 2172 1360 2195 non
1375 2165 1532 2197 continuo
1557 2165 1634 2197 licet
1653 2167 1824 2199 transferre

937 2201 976 2231 ad
1002 2213 1066 2235 non
1091 2203 1209 2235 milites
1227 2214 1234 2234 :
1270 2205 1301 2236 ἃ
1320 2206 1403 2237 ratio
1425 2207 1492 2246 ejus
1516 2207 1561 2239 rei
1579 2207 1744 2240 manifesta
1764 2207 1821 2240 est.

938 2242 1037 2276 Miles
1055 2244 1085 2277 se
1104 2245 1226 2276 locavit
1243 2268 1253 2284 ,
1278 2246 1309 2277 ὃς
1328 2247 1429 2279 vitam
1448 2257 1507 2289 pro
1535 2248 1635 2281 salute
1664 2249 1821 2292 Principis

937 2286 1099 2326 vendidit,
1125 2285 1237 2326 injuste
1255 2287 1353 2328 igitur
1368 2288 1468 2329 facit,
1494 2299 1591 2330 quum
1606 2291 1654 2330 id,
1680 2291 1766 2333 quod
1778 2291 1822 2323 al-

941 2327 999 2358 teri
1023 2328 1201 2369 obligavit,
1225 2337 1318 2360 extra
1339 2339 1407 2361 eam
1429 2330 1552 2362 causam
1578 2332 1686 2364 voluit
1710 2333 1818 2373 perde-

938 2376 981 2399 re.
1027 2370 1174 2411 Semper,
1200 2369 1327 2411 inquam
1342 2396 1352 2411 ,
1384 2371 1496 2412 inJ'uste
1513 2396 1523 2411 ,
1549 2379 1581 2404 at
1602 2371 1747 2414 injustius
1762 2398 1772 2414 ‚
1797 2374 1822 2407 fi

939 2410 1025 2441 nulla
1050 2411 1088 2443 fit
1105 2412 1187 2442 ratio
1203 2435 1212 2449 ,
1247 2421 1318 2452 qua:
1343 2422 1415 2444 eum
1444 2413 1482 2444 ad
1499 2413 1666 2446 confilium
1682 2417 1821 2457 propriae

938 2451 1025 2483 necis
1041 2453 1163 2494 adegit,
1187 2452 1245 2485 nisi
1260 2462 1296 2484 ut
1312 2455 1460 2487 militiam
1475 2454 1631 2488 desereret
1647 2480 1657 2496 ,
1682 2466 1760 2488 tunc
1786 2467 1817 2488 e-

936 2492 1003 2523 nim
1020 2494 1156 2534 capitale
1171 2492 1224 2525 est.
1271 2495 1325 2527 Sin
1342 2504 1447 2528 autem
1462 2497 1522 2528 alia
1538 2497 1575 2529 fit
1594 2499 1695 2537 ratio,
1721 2508 1756 2530 uc
1772 2498 1819 2530 fe-

937 2542 972 2564 re
989 2532 1107 2576 semper
1122 2534 1168 2566 est
1183 2535 1260 2574 alia,
1285 2547 1409 2579 unaque
1425 2547 1468 2570 ex
1483 2538 1550 2578 liis,
1575 2549 1650 2581 quas
1668 2541 1817 2572 recitavi-

937 2583 1024 2615 mus,
1050 2576 1151 2608 adli-uc
1165 2585 1277 2618 peccat
1293 2579 1401 2619 miles,
1427 2580 1501 2622 quia
1518 2579 1639 2613 fortior
1655 2580 1700 2612 est
1718 2582 1818 2620 ratio,

937 2620 1083 2663 quteprb
1099 2618 1275 2660 Republica
1292 2619 1390 2660 facit3
1415 2630 1553 2653 attamen
1571 2630 1648 2654 tunc
1666 2622 1730 2654 soia
1745 2623 1817 2654 mis-

936 2660 982 2690 fio
1010 2659 1220 2700 ignominiosa
1247 2660 1389 2695 sufficere
1415 2663 1481 2695 visa
1508 2663 1562 2696 est.
1610 2664 1652 2696 Et
1670 2688 1680 2703 ‚
1706 2664 1727 2695 si
1754 2664 1818 2704 jam

937 2708 1073 2733 mortem
1093 2701 1148 2733 sibi
1167 2707 1402 2744 eom-paraverit
1415 2730 1423 2744 ,
1449 2703 1669 2737 testamentum
1692 2714 1821 2746 quoque

936 2742 1004 2782 ejus
1020 2743 1139 2774 valebit
1152 2753 1195 2774 ex
1210 2745 1378 2789 Rescripto
1404 2746 1555 2778 Hadriani
1574 2747 1604 2778 in
1630 2748 1648 2776 l.
1674 2749 1703 2777 6.
1729 2746 1758 2788 §.
1784 2756 1814 2787 7.

930 2785 979 2824 ff.
1002 2786 1036 2816 cle
1057 2785 1169 2828 lnjnji.
1192 2794 1274 2828 rapt.
1299 2791 1356 2822 irr.
1374 2788 1457 2828 fati.
1483 2787 1551 2828 left.
1582 2788 1613 2819 &
1636 2788 1655 2818 l.
1681 2798 1732 2827 534.
1763 2795 1816 2829 pr.

929 2827 978 2866 ff.
1001 2830 1035 2859 de
1058 2827 1186 2868 Testam.
1210 2830 1301 2861 milit.
1344 2830 1496 2863 Vei-satur
1520 2829 1617 2869 igitur
1642 2829 1695 2860 hic
1724 2829 1817 2862 causa

937 2869 1155 2911 Reipublicae,
1177 2871 1261 2902 eitra
1277 2873 1366 2912 cujus
1385 2871 1531 2911 injuriam
1545 2870 1641 2901 militi
1658 2879 1724 2902 non
1739 2871 1818 2905 licet

937 2911 975 2941 de
1003 2912 1070 2942 vita
1092 2911 1142 2943 sua
1164 2911 1307 2944 statuere.
1355 2913 1461 2953 Atque
1483 2911 1527 2942 ita
1543 2934 1552 2949 ,
1585 2920 1649 2942 non
1680 2911 1817 2945 diffimili

938 2953 1103 2994 exemplo,
1129 2961 1284 2984 memoret
1303 2953 1423 2986 Plinius
1447 2953 1485 2984 J..
1506 2951 1668 2985 XXXVI.
1694 2953 1816 2995 Hister.

940 2994 1060 3027 Naeitur.
1086 2995 1118 3026 C.
1148 3004 1194 3034 15.
1213 2994 1442 3035 ‘Tarquinium
1459 2992 1619 3032 Priscum,
1643 3004 1717 3027 cum
1771 2997 1816 3027 ui»

938 3037 1014 3068 rites
1032 3036 1085 3068 fibi
1104 3045 1241 3067 moi-tem
1259 3035 1493 3067 consciscerent
1508 3035 1642 3067 nonalia
1657 3037 1696 3068 de
1712 3037 1815 3074 causa,

937 3087 1029 3118 quam
1046 3085 1080 3107 ut
1097 3087 1223 3118 operas,
1249 3087 1323 3117 quas
1339 3077 1466 3118 jusserat
1482 3100 1491 3115 ,
1518 3076 1676 3109 evitarent
1693 3102 1702 3118 ,
1728 3079 1758 3110 <St
1789 3078 1819 3110 sc.

939 3117 1136 3159 Reipublicae
1159 3119 1397 3158 subtraherent,
1431 3120 1562 3150 omniurn
1591 3121 1638 3150 iia
1660 3119 1816 3157 defuncto-

940 3170 1009 3190 rum
1028 3159 1129 3200 flxz'ffe
1154 3162 1293 3192 crucibus
1319 3167 1462 3201 corpora,
1478 3159 1645 3200 spectanda
1667 3162 1824 3203 Civibus„

936 3201 1025 3242 fimul
1055 3201 1091 3236 ἐξ
1119 3203 1202 3244 feris
1231 3202 1464 3244 volucribusque
1493 3203 1663 3236 laceranda.
1716 3203 1761 3236 Et
1785 3204 1817 3251 in

1765 3254 1821 3277 mt-
