2008 3436
761 111 786 146 P
839 110 872 146 O

173 190 285 221 rai-ium
307 189 526 230 constituerunt.
578 191 796 224 Honorarium
814 192 943 229 dicitur,
963 190 1035 232 quod

172 233 207 261 ab
226 232 327 263 bonore
345 232 480 263 Praetoris
497 240 629 265 venerat.

214 271 240 313 ἓ.
267 273 326 304 XI.
359 273 442 305 Navi
464 285 517 305 ime
536 297 546 312 ‚
570 274 647 313 ficut
666 276 704 306 ad
714 276 863 316 pauciores
873 275 953 316 juris
971 283 1034 304 con-

168 310 313 353 stituendi
334 317 386 346 vid
411 314 538 357 transiffe
554 339 566 355 ,
592 315 658 356 ipsis
672 319 755 348 rebus
770 315 969 352 dictantibus,
989 316 1035 346 vi-

173 355 314 394 debator,
341 362 395 397 per
415 363 516 397 partes
538 359 657 397 evenit,
687 365 719 389 ut
739 357 842 397 neccffie
862 356 926 397 effet
943 358 1037 396 reipu-

172 395 252 426 blicae
278 403 332 437 per
357 408 447 429 unum
464 398 587 439 consuli:
615 409 684 430 nam
701 400 824 430 Senatus
843 408 900 429 non
915 398 1035 438 perinde

172 447 268 469 omnes
284 441 454 479 provincias
466 442 553 480 probe
569 450 667 482 gerere
686 446 810 480 poterat.
858 439 957 480 Igitur
973 448 1037 468 con-

165 476 270 519 stituto
293 480 432 522 Principe
443 503 455 518 ,
487 483 587 512 datum
603 479 643 522 est
663 483 690 512 ei
704 482 775 524 jus,
798 486 830 512 ut
847 480 918 522 quod
933 477 1035 520 consii-

171 519 285 561 tuiffet,
307 528 402 554 ratum
421 521 495 562 effet.

213 562 242 603 §.
265 562 338 594 XII.
366 563 414 595 Ita
432 565 465 594 in
487 564 615 594 Civitote
632 561 749 602 nostra,
771 569 821 594 aut
832 564 918 606 jure,
941 562 973 592 id
985 559 1038 602 eft,

172 602 234 645 lege
250 602 434 644 constituitur
445 627 454 642 ,
479 609 531 635 aut
551 601 592 643 eft
602 605 751 644 proprium
761 605 812 646 jus
830 603 921 635 civile
934 626 945 642 ,
965 603 1038 644 quod

164 643 228 682 fine
239 645 351 685 scripto
371 644 476 685 insola
495 645 690 676 Prudentem
715 646 952 685 interpretatione
971 654 1035 675 con-

169 683 266 725 fistfls'
290 685 427 727 catsant
445 685 518 725 legis
543 685 688 724 aftiones,
711 687 912 727 quaeformam
929 686 1037 727 agendi

172 728 348 763 continerem
377 733 429 757 aut
447 726 632 767 plebiscitum
652 749 662 764 ,
692 729 764 768 quod
781 726 846 765 sine
866 726 1037 758 anaor-itate

172 767 298 798 Patri-:m
321 765 362 807 est
390 766 575 808 constitutum
583 778 594 805 3
620 774 671 799 aut
700 766 740 809 esi
757 766 992 810 Magistratuztm
1010 777 1037 797 e-

174 807 298 846 (uffan,
327 809 402 840 unde
418 810 471 852 jus
493 809 677 840 honorarium
703 809 855 850 nascitur,-
878 815 929 840 aut
948 809 1038 839 Sena-

173 850 377 889 tuscoqsisltum
394 872 405 888 ,
434 851 506 891 quod
524 850 621 891 stilum
648 850 759 882 Senatu
786 849 975 891 constituente
992 851 1038 880 in-

175 892 291 922 ducitur
299 889 362 929 fine
376 891 460 933 lege;
477 896 528 922 aut
550 890 590 932 eft
610 892 792 932 Principalis
809 890 972 932 constitutio
983 913 994 929 ,
1010 891 1041 922 id

174 930 214 972 esl
222 937 272 969 ,ut
281 934 351 972 quod
360 933 416 973 ipse
425 933 569 972 Princeps
578 930 726 973 constituit
737 956 748 971 ,
756 940 807 974 pro
826 934 888 975 lege
891 933 1038 974 servetur.

220 972 247 1014 §.
272 973 363 1006 XIII.
397 971 467 1015 Post
494 976 636 1016 originem
651 975 748 1017 juris,
780 974 816 1010 ὣς
827 973 984 1015 proceffum
999 983 1041 1004 co-

178 1017 319 1056 gnitum,
348 1015 516 1057 consequens
536 1014 577 1056 est
591 1039 600 1054 ,
630 1022 664 1046 ut
687 1017 720 1047 de
740 1014 975 1058 Magistratuum
994 1024 1042 1046 no-

174 1057 301 1087 minibus
328 1056 364 1092 &²
387 1057 501 1099 origine
524 1056 749 1099 cognoscamus:
782 1059 851 1098 quia
867 1064 899 1088 ut
913 1056 1041 1097 expoliti-

175 1107 254 1136 mus,
282 1103 336 1137 per
357 1108 402 1129 eos
417 1121 427 1138 ,
454 1099 503 1139 qui
521 1098 585 1140 juri
612 1099 735 1128 dicundo
756 1098 901 1139 praeficnt,
924 1096 1042 1138 effebtus

177 1140 221 1169 rei
234 1149 268 1169 ac
288 1139 297 1169 i
319 1140 400 1171 itur:
429 1145 569 1180 quantum
593 1136 634 1179 est
649 1140 727 1170 enim
738 1138 789 1180 jus
805 1141 838 1170 in
857 1140 980 1170 civitate
1002 1148 1043 1169 es-

172 1179 207 1220 se
217 1202 230 1218 ,
248 1145 397 1219 niliDfint,
420 1181 468 1221 qui
480 1180 552 1222 jura
576 1190 674 1222 regere
695 1179 823 1221 pofflnt?
845 1178 915 1220 Post
930 1180 980 1209 boc
997 1180 1043 1209 de-

178 1222 246 1253 inde
263 1223 295 1252 cie
312 1220 650 1262 Auc‘torumstccceffione
671 1223 813 1253 dicemus.-
826 1222 897 1262 quod
916 1218 1044 1260 constare

176 1274 234 1296 non
245 1261 340 1305 potest
353 1264 423 1305 jus,
443 1261 549 1302 nifisit
568 1263 675 1304 aliquis
683 1262 892 1304 jurisperitus,
898 1266 952 1301 per
961 1270 1044 1302 quem

173 1304 257 1347 poffit
271 1305 396 1345 quotidie
416 1306 448 1335 in
466 1305 568 1335 melius
581 1305 711 1343 produci.

224 1346 254 1388 ᾗ.
269 1346 364 1381 XIV.
390 1345 476 1390 Quod
490 1347 528 1376 ad
537 1344 736 1387 BIagiftratus
752 1344 881 1381 attinet,
898 1343 984 1375 initio
997 1343 1045 1374 Ci-

177 1390 210 1420 vi
213 1389 285 1419 tatis
291 1388 376 1428 hujus
384 1384 609 1426 conflat,Reges
618 1395 727 1417 omnem
732 1382 900 1427 potestatem
908 1384 1044 1425 babuiffe.

222 1430 251 1472 §.
274 1429 347 1461 XV.
377 1427 484 1460 Iisdem
509 1428 680 1466 temporibus
705 1425 742 1460 ὅ)
765 1425 946 1457 Tribunum
963 1426 1044 1457 cele-

179 1481 248 1504 rum
264 1469 353 1510 suiſje
383 1465 504 1508 constat.
555 1468 586 1500 Is
607 1475 703 1499 autem
728 1473 809 1506 crat,
835 1468 884 1508 qui
902 1467 1046 1508 equitibus

176 1517 298 1554 praerat
309 1533 320 1549 ,
352 1509 387 1545 {9⁹
410 1509 505 1540 veluti
514 1508 674 1550 secundum
698 1509 789 1540 locum
805 1519 823 1539 a
841 1509 958 1550 regibus
973 1509 1044 1538 obti-

181 1555 285 1585 nebat.-
305 1552 402 1594 quoin
418 1560 534 1582 numero
550 1551 619 1591 suit
642 1550 757 1592 Junius
779 1549 908 1588 Brutus,
928 1550 977 1592 qui
995 1559 1045 1581 au-

182 1595 239 1627 ttor
251 1593 319 1634 fuit
338 1592 436 1635 Reges
455 1592 603 1634 ejiciendi.

222 1635 251 1677 §.
274 1633 363 1667 XVI.
405 1633 530 1665 Exactis
560 1634 662 1664 deinde
690 1632 823 1675 Regibus
844 1655 856 1671 ,
891 1631 1046 1665 Consules

180 1675 328 1718 constituti
337 1675 412 1717 sunt
437 1677 509 1714 duo,
556 1685 622 1706 enes
647 1676 863 1716 quos-summunt
875 1674 927 1717 jus
943 1675 988 1705 uti
1006 1684 1046 1705 es-

174 1719 222 1761 set
231 1741 242 1757 ,
266 1718 329 1760 lege
345 1722 479 1759 rogatum
497 1727 510 1747 e
541 1741 546 1747 .
590 1716 758 1758 Diilifitnt
773 1717 809 1747 ab
826 1726 875 1755 eo,
896 1716 968 1757 quod
977 1716 1045 1756 plu-

182 1762 288 1792 rimum
305 1758 469 1799 reipublicae
495 1758 697 1800 consulerent:
719 1759 768 1799 qui
785 1763 881 1789 tamen
898 1766 934 1788 ne
947 1763 1002 1798 per
1019 1767 1047 1788 o-

183 1803 264 1832 nmia
277 1801 390 1843 regiam
406 1796 578 1840 potestatem
590 1797 648 1838 fibi
673 1800 882 1838 vindicarent,
904 1798 967 1841 lege
985 1799 1049 1830 lata

181 1842 296 1884 fac‘tum
319 1839 380 1883 est,
401 1846 433 1872 ut
448 1842 484 1872 ab
500 1842 541 1872 eis
554 1841 720 1881 provocatio
744 1840 809 1882 effet
820 1863 832 1880 ,
851 1849 924 1872 neve
938 1839 1049 1881 poffent

186 1887 217 1915 in
243 1889 329 1923 caput
357 1883 432 1913 civis
459 1881 590 1914 Romani
616 1883 849 1914 animadvertere
873 1881 980 1923 injuffu
999 1887 1050 1923 po-

181 1925 246 1966 puli
258 1935 267 1961 3
281 1925 377 1965 solum
391 1923 523 1955 reliilurn
540 1920 581 1964 est
596 1924 654 1962 iis,
673 1929 706 1955 ut
722 1924 849 1955 coercere
863 1922 995 1965 poffent,
1011 1921 1049 1958 ὃ)

188 1968 220 1998 in
236 1967 357 1997 vincula
364 1965 489 2038 Ipublica
501 1965 568 1996 duci
580 1965 727 2006 juberent.
988 1968 990 1971 ’

174 114 244 157 306

230 2006 258 2048 ᾗ.
280 2006 361 2039 XVI
419 2003 488 2047 Post
514 2007 616 2037 deinde
641 2016 706 2038 cum
740 2006 837 2049 cenfits
858 2007 925 2050 jam
947 2007 1053 2049 majori

188 2054 309 2121 {affore
326 2048 457 2090 agendus
478 2045 564 2087 effet,
594 2046 630 2082 ὅ)
650 2047 783 2088 Consules
797 2059 855 2080 non
862 2046 1052 2090 sufficerent,

275 2098 379 2163 ᾳὲξοῦαε
398 2087 485 2130 officio
506 2088 637 2129 Cenfhres
650 2087 799 2130 constituti
806 2089 891 2131 sunt.

231 2130 259 2172 §.
349 2128 405 2161 III.
428 2129 537 2169 Populo
551 2131 654 2162 deinde
675 2130 757 2162 aucto
771 2153 783 2169 ,
805 2141 869 2162 cum
882 2132 982 2162 crebra
999 2131 1054 2162 ori-

188 2179 290 2205 rentur
308 2171 391 2207 *bella
407 2193 419 2209 ,
448 2170 484 2206 ὅ)
495 2172 622 2212 quaedam
647 2173 761 2203 acriora
777 2183 796 2203 a
807 2171 948 2212 finitimis
961 2172 1055 2213 infer·

190 2219 314 2250 rentur,
335 2213 501 2251 interdum,
522 2222 552 2243 re
571 2212 726 2254 exigente,
747 2213 864 2254 placuit
878 2214 997 2255 majoris
1001 2219 1052 2254 po-

193 2253 305 2295 testatis
335 2252 551 2295 Magisiratum
578 2251 734 2295 constitui.-
759 2256 855 2296 itaque
873 2254 1055 2287 Dictatores

186 2297 297 2338 proditi
305 2293 401 2335 sunt,
429 2305 448 2325 a
462 2295 563 2336 quibus
587 2305 639 2325 nec
653 2298 832 2336 provocandi
847 2298 897 2340 jus
907 2297 996 2337 fuit,
1019 2294 1056 2330 δὲ’

191 2338 294 2379 quibus
307 2337 396 2367 etiam
419 2337 527 2376 capitis
547 2336 759 2376 animadverfio
778 2338 848 2368 data
867 2335 917 2378 est.
944 2344 945 2356 ¹
962 2336 1054 2369 Hunc

193 2375 399 2420 ntagistratum
416 2399 428 2416 ,
455 2379 590 2419 quoniam
613 2377 759 2418 summam
776 2376 947 2420 potestatem
972 2379 1056 2410 babe-

192 2421 261 2462 bat,
284 2427 342 2449 non
360 2424 423 2449 erat
432 2418 489 2458 fas
503 2418 583 2450 ultra
591 2421 711 2460 sextum
727 2419 848 2460 menfi’m
864 2422 999 2452 retinere.

235 2459 264 2501 §.
274 2458 368 2491 XIX.
391 2458 434 2489 Et
441 2459 485 2490 bis
493 2459 694 2492 Dictatoribus
700 2460 790 2502 Magi
795 2460 846 2493 stri
859 2462 1002 2503 equitum
1013 2462 1057 2492 in-

190 2502 395 2545 jungebantur
405 2498 476 2539 ,fic‚
487 2503 617 2541 quomodo
629 2501 762 2544 Regibus
775 2503 898 2534 Tribuni
910 2503 1058 2534 Celerum:

195 2544 268 2585 quod
285 2540 477 2582 officiumfere
495 2542 552 2572 tale
564 2544 628 2573 e'rat
638 2565 649 2581 ,
660 2544 743 2584 quale
758 2544 838 2576 hodie
852 2543 1060 2584 Proefeilorum

188 2585 341 2626 praetorio:
363 2579 554 2623 magistratus
580 2588 678 2614 tamen
700 2584 880 2617 habebantur
894 2585 919 2616 le
944 2586 1032 2616 itimi.

239 2624 266 2667 §.
292 2623 372 2656 XX.
395 2623 501 2656 Iisdem
523 2625 694 2664 temporibus
718 2635 781 2656 cum
789 2627 871 2667 plebs
885 2636 903 2657 a
949 2627 1061 2657 atribus

188 2664 336 2710 seceffiffet
354 2669 369 2703 ,’
392 2674 467 2696 anno
487 2664 556 2705 fere
564 2664 797 2705 septimodecimo
812 2664 875 2708 post
894 2667 993 2708 Reges
1011 2677 1059 2697 ex-

196 2708 292 2747 acios,
321 2705 485 2738 Tribunos
501 2704 560 2744 fibi
583 2707 616 2736 in
638 2711 732 2737 monte
751 2708 838 2739 Sacro
859 2710 988 2746 creavit,
1012 2709 1061 2749 qui

196 2749 282 2790 effent
303 2747 412 2790 plebeji
439 2743 663 2789 Magistratus,
693 2747 765 2778 diiii
787 2748 933 2786 Tribuni,
950 2751 1021 2789 quod
1036 2759 1062 2779 o-

198 2791 251 2823 lim
267 2791 300 2821 in
314 2795 372 2820 tres
414 2792 491 2819 artes
513 2788 636 2828 populus
658 2788 768 2829 divisus
793 2795 874 2828 erat,
898 2788 934 2824 &³
952 2799 988 2820 ex
1001 2788 1062 2827 fin-

198 2832 278 2876 gulis
297 2829 412 2873 fingui
431 2829 606 2869 creabantur
624 2852 637 2868 ,
663 2829 712 2860 vel
730 2831 799 2871 quia
816 2832 941 2862 tribuum
949 2830 1062 2871 Jitffra-

202 2874 249 2915 gio
265 2873 447 2903 creabantur.

244 2913 272 2955 §.
294 2911 390 2945 XXI.
414 2911 541 2953 Itemque
556 2918 589 2943 ut
605 2912 769 2954 effent,qui
786 2911 1041 2954 aedibztsproeeffent
1052 2934 1063 2951 ,

203 2956 235 2985 in
255 2955 353 2995 quibus
377 2954 474 2984 omnia
482 2953 565 2994 scita
578 2954 638 2994 sua
651 2955 734 2994 plebs
753 2955 917 2995 deferebat,
944 2955 1011 2985 duos
1027 2963 1063 2984 ex

198 2996 279 3034 plebe
297 2993 503 3034 constituerunt
513 2997 581 3035 ‚·qui
592 2996 682 3026 etiam
699 2995 819 3027 AEdiles
828 2995 967 3036 appellati
978 2994 1061 3036 sunt.

247 3034 275 3075 ᾗ.
298 3035 407 3067 XXII.
440 3034 557 3067 Deinde
584 3045 648 3067 cum
671 3039 803 3068 aerarium
828 3037 927 3077 populi
954 3035 1064 3067 anitius

205 3075 255 3120 effi*
274 3076 411 3115 coeptffet,
433 3081 466 3107 ut
483 3075 569 3116 efflent
593 3078 642 3119 qui
665 3078 713 3109 illi
730 3078 896 3119 praellcnt,
916 3074 1064 3118 constituti

197 3117 270 3155 sunt
293 3115 473 3158 Quaestores
491 3140 500 3155 ‚
534 3117 587 3158 qui
620 3119 762 3158 pecunia-2
787 3118 968 3160 praeess'ent:
992 3116 1064 3149 dicti

206 3157 241 3185 ab
269 3165 298 3185 eo
314 3176 325 3192 ,
349 3158 419 3202 quod
444 3158 641 3199 inqufrendae,
670 3159 707 3196 ὅ)
722 3161 921 3202 conservandae
933 3160 1065 3201 pecuniae

205 3195 291 3238 causa
311 3200 402 3226 creati
421 3203 513 3228 erant.

924 107 1217 146 MPON

1269 109 1285 143 1
1339 108 1353 142 I

1105 187 1147 236 ⁴§.
1170 185 1297 220 XXIII.
1328 185 1371 218 Et
1394 187 1468 269 [ima
1480 207 1492 226 ,
1521 186 1713 226 utdixinms‘,
1733 185 1766 218 de
1784 186 1877 228 capite
1897 188 1935 221 ci

1077 240 1125 261 vis
1140 230 1269 260 Romani
1287 251 1298 266 ‚
1326 229 1392 270 inju
1416 239 1434 259 ει
1447 229 1568 269 populi,
1596 239 1651 260 non
1670 235 1734 259 erat
1748 229 1809 269 lege
1820 232 1939 269 permis-³

1070 271 1139 313 fiam
1158 270 1324 311 Consulibus
1336 270 1386 311 jus
1402 271 1514 308 dicere,
1534 276 1685 312 propterea
1703 269 1859 318 QuceJtores
1874 281 1938 302 con-

1073 311 1274 353 stituebantur
1298 322 1316 342 a
1339 311 1457 351 populo,
1502 313 1532 343 ui
1552 311 1726 352 capitalibus
1743 313 1826 342 rebus
1838 315 1940 352 preees->

1071 353 1160 395 sent:
1186 353 1218 384 hi
1243 352 1465 394 appellabantur
1481 320 1662 427 &uaestores
1674 352 1854 393 parricidii:
1875 362 1940 394 quo-

1079 405 1143 425 rum
1162 396 1252 425 ctiam
1271 395 1405 425 meminit
1421 394 1470 425 lex
1526 393 1565 426 II.
1587 393 1760 425 tabularum.
1952 401 1954 404 ·

1122 435 1151 475 §.
1169 435 1295 468 XXIV.
1319 435 1363 466 Et
1378 445 1441 467 cum
1454 435 1608 477 placuiffet
1629 436 1707 480 leg-es
1723 445 1828 483 quoque
1838 435 1920 475 ferri
1927 434 1941 474 ,'

1078 477 1169 508 latum
1186 476 1225 517 esi
1241 478 1279 507 ad
1295 477 1455 518 populum,
1474 480 1520 509 uti
1537 487 1632 508 omnes
1652 475 1940 519 Magistramseab-
1982 482 1986 488 '

1078 519 1229 555 dicarent,
1257 528 1308 559 quo
1336 517 1518 551 Decemviri
1541 517 1688 560 constituti
1714 528 1769 549 uno
1786 527 1862 549 anno
1878 526 1940 549 cum

1080 556 1295 599 Mac-[stracm
1313 565 1504 601 prorogarem
1523 559 1580 599 fibi
1598 584 1607 599 ‚
1645 559 1682 595 ὅ)
1705 569 1769 590 cum
1806 557 1942 601 injuriose

1080 605 1127 631 tra
1157 605 1241 630 arent
1256 623 1266 639 ,
1297 610 1332 631 ne
1354 610 1385 630 ue
1406 600 1517 632 vellent
1539 603 1672 642 deinceps
1687 599 1819 642 figfficere
1836 600 1940 642 Mogi-

1073 640 1235 682 Jlratibus,
1247 648 1278 672 ut
1292 643 1322 682 ip
1336 652 1345 672 t
1362 640 1400 675 ὃ)
1409 641 1570 683 faitiosua
1583 648 1718 683 perpetuo
1735 642 1942 683 rempublicam

1080 686 1248 722 occupatam
1269 684 1430 713 retinerent
1445 705 1456 721 ,
1485 685 1578 715 nimia
1595 689 1679 724 atque
1698 683 1797 724 aspera
1812 684 1942 714 domina-

1081 725 1156 754 tione
1179 733 1207 753 eo
1229 733 1289 754 rem
1310 724 1530 763 perduxerant,
1551 730 1584 755 ut
1599 725 1744 756 exercitus
1760 735 1778 755 a
1795 724 1955 767 republica·

1072 764 1230 805 secederet.
1273 763 1398 811 Initium
1421 764 1507 806 fuiffe
1519 764 1679 807 Jeceffionis
1704 766 1814 797 dicitur
1834 765 1945 807 Vergi-
1975 762 1979 766 ’

1081 807 1147 837 nius
1166 806 1301 846 quidam,
1332 815 1400 847 qut,
1430 815 1494 837 cum
1520 805 1791 846 animadvertisset,
1813 807 1947 853 Appium

1085 848 1260 885 Claudium,
1287 852 1388 877 contra
1409 847 1480 889 jus,
1502 848 1572 889 quod
1591 847 1648 888 ipse
1666 856 1703 878 ex
1719 852 1815 879 vetere
1845 857 1895 879 ure
1912 847 1947 878 in
1983 855 1986 859 ·

1082 889 1229 920 duodecim
1255 888 1369 919 tabulas
1396 886 1608 929 transtulerat,
1640 889 1790 920 vindicias
1830 889 1876 919 12·ae
1884 887 1946 929 [κω

1083 939 1101 960 a
1115 929 1150 970 ste
1177 928 1315 969 abdixiffe
1334 951 1345 967 ,
1373 928 1409 964 &²
1417 929 1578 970 secundum
1601 939 1685 968 eum,
1705 930 1756 971 qui
1773 930 1807 961 in
1815 928 1946 971 servitu-

1084 976 1140 1001 tem
1160 971 1196 1001 ab
1212 980 1241 1000 eo
1251 968 1413 1010 suppofitus
1427 972 1575 1010 petierat,
1591 971 1711 1012 dixiffe,
1734 976 1945 1012 captumque-a-

1083 1021 1156 1043 more
1172 1012 1303 1053 virginis
1314 1021 1393 1042 omne
1402 1011 1459 1050 fas
1474 1022 1509 1043 ac
1529 1013 1616 1053 nefas
1625 1011 1761 1054 miscutffe
1772 1034 1785 1051 ,
1805 1013 1945 1054 indigna-

1084 1058 1151 1090 tus,
1202 1053 1256 1083 uod
1280 1050 1466 1093 vetuftifflma
1490 1053 1570 1095 juris
1583 1053 1766 1095 observantia
1783 1054 1816 1085 in
1826 1051 1957 1094 personal

1079 1092 1152 1134 filice
1162 1061 1223 1135 Jiiae
1240 1093 1386 1134 defeciffet
1406 1093 1525 1134 (utpote
1548 1105 1612 1125 cum
1628 1094 1755 1133 Brutus,
1773 1095 1823 1136 qui
1837 1095 1948 1135 primus

1085 1134 1184 1166 Romae
1209 1135 1310 1176 Consul
1326 1136 1395 1175 fuit
1411 1157 1423 1173 ,
1449 1135 1765 1208 vindiciffjsefflndwn
1783 1135 1949 1167 libertatem

1086 1175 1201 1215 dixiffit
1217 1177 1250 1206 in
1264 1177 1385 1216 persona
1404 1175 1545 1207 Vindicis
1604 1177 1761 1208 itelliorum
1770 1176 1875 1218 servi,
1897 1177 1949 1219 qui

1081 1217 1256 1257 proditionis
1272 1217 1498 1258 conjurationem
1516 1218 1624 1248 indicio
1637 1218 1691 1258 suo
1716 1217 1890 1259 detexerat)
1912 1216 1950 1253 ὃ·
1986 1231 1988 1235 ’

1086 1255 1250 1298 castitatem
1270 1256 1343 1296 filiae
1370 1258 1439 1288 vitae
1464 1267 1570 1299 quoque
1594 1259 1655 1300 ejus
1669 1259 1881 1299 praeferendam
1890 1264 1948 1300 pu-
1987 1287 1991 1292 .

1087 1303 1184 1337 taret,
1203 1304 1316 1339 arrepto
1335 1298 1426 1329 cultro
1446 1298 1480 1329 de
1503 1300 1626 1330 taberna
1645 1299 1771 1331 lanionis
1780 1299 1880 1340 filiam
1897 1301 1946 1331 in·
1992 1312 1993 1319 ¹

1088 1340 1224 1380 terfecit,·
1255 1340 1287 1371 in
1309 1340 1359 1371 hoc
1374 1339 1512 1381 scilicet,
1541 1345 1574 1372 ut
1591 1345 1679 1372 morte
1702 1342 1834 1384 virginis
1851 1347 1950 1372 contu-

1086 1382 1204 1414 meliam
1222 1378 1321 1423 stupri
1347 1386 1478 1420 arceret,
1505 1391 1540 1413 ac
1549 1383 1684 1423 protinus
1695 1392 1794 1414 recens
1811 1392 1832 1415 a
1851 1380 1923 1414 cade
1939 1404 1952 1423 ,

1087 1424 1273 1465 madenteque
1287 1423 1380 1455 adhuc
1389 1422 1464 1462 *fitiae
1480 1433 1577 1455 cruore
1588 1446 1600 1462 ,
1618 1425 1657 1456 ad
1672 1424 1950 1456 commilitonescon-

1080 1465 1192 1508 fugit:
1220 1467 1269 1507 qui
1291 1463 1419 1503 universi
1441 1466 1474 1496 de
1499 1465 1612 1508 Algido
1625 1489 1635 1504 ,
1663 1466 1713 1497 ubi
1730 1471 1799 1497 tunc
1816 1465 1885 1498 belli
1898 1474 1949 1507 ge-

1087 1507 1171 1538 rendi
1196 1506 1281 1548 causa
1303 1507 1431 1549 legiones
1456 1513 1564 1546 erant,
1589 1505 1700 1539 reliitis
1725 1508 1843 1538 ducibus
1851 1505 1954 1554 pristi-

1086 1550 1153 1588 nis,
1173 1547 1263 1592 signa
1285 1549 1318 1579 in
1346 1547 1533 1580 Aventinum
1555 1546 1788 1590 transtulerunt,
1810 1557 1954 1589 omnisque
1993 1546 2002 1557 ‘⁴

1082 1591 1166 1632 plebs
1185 1591 1297 1622 urbana
1320 1599 1387 1621 mox
1412 1591 1506 1621 eodem
1513 1589 1547 1631 se
1566 1590 1701 1630 contulit,
1717 1589 1870 1631 populique
1888 1598 1954 1620 con-

1080 1631 1169 1674 sensu
1188 1633 1301 1674 partim
1323 1633 1356 1663 in
1379 1640 1492 1663 carcere
1508 1633 1617 1663 necati.
1662 1631 1713 1664 Ita
1729 1631 1826 1674 rursus
1839 1629 1952 1673 Respo-
1982 1666 1986 1676 1

1090 1674 1167 1706 blica
1179 1674 1266 1715 situm
1274 1670 1387 1713 statum
1401 1674 1521 1714 recepit.

1132 1714 1162 1757 §.
1184 1715 1296 1748 XXV.
1329 1713 1446 1746 Deinde
1470 1724 1535 1747 cum
1547 1713 1613 1756 post
1631 1713 1741 1758 aliquot
1758 1723 1850 1747 annos
1867 1723 1955 1758 quam

1091 1757 1238 1788 duodecim
1263 1756 1367 1788 tabulae
1392 1756 1459 1788 latae
1473 1756 1547 1797 fiant
1564 1780 1575 1796 ,
1606 1755 1643 1792 ὅ)
1664 1757 1746 1798 plebs
1772 1757 1957 1788 contenderet

1092 1807 1156 1830 cum
1175 1799 1332 1840 patribus,
1363 1797 1399 1833 &²
1422 1797 1512 1829 vellet
1525 1807 1562 1830 ex
1572 1796 1627 1840 suo
1639 1807 1745 1841 quoque
1765 1803 1876 1839 corpore
1890 1806 1957 1828 con-

1082 1839 1164 1881 sules
1186 1850 1282 1872 creare
1298 1861 1310 1878 ,
1338 1837 1374 1875 fs?
1384 1845 1486 1880 patres
1508 1839 1692 1882 recusarent,
1708 1838 1829 1880 factum
1843 1836 1902 1880 est,
1922 1843 1958 1870 ut

1992 1751 2000 1795 -,

1092 1880 1230 1914 Tribuni
1247 1881 1386 1913 militum
1403 1886 1573 1913 crearentur
1579 1905 1591 1921 ,
1596 1881 1710 1922 partim
1723 1890 1761 1912 ex
1769 1880 1872 1921 plebe,
1886 1885 1958 1921 par·-
1993 1887 1996 1890 ⁴

1094 1924 1149 1954 tim
1178 1932 1215 1954 ex
1230 1923 1367 1964 patribus
1383 1944 1394 1962 ,
1422 1922 1566 1963 consulari
1586 1920 1738 1964 potestata-
1757 1923 1840 1963 bique
1855 1919 1958 1962 consti-

1095 1965 1153 1996 tuti
1159 1963 1234 2006 sunt
1249 1965 1334 1996 vario
1350 1973 1484 1996 numero:
1503 1965 1649 1997 interdum
1672 1965 1750 1996 enim
1767 1962 1958 2005 ‹vigintifue-

1093 2011 1184 2045 runt,
1209 2007 1355 2037 interdum
1369 2005 1486 2045 plures,
1514 2014 1719 2047 nonnunquam
1731 2006 1894 2047 pauciores.

1138 2047 1166 2089 ἓ.
1189 2047 1316 2080 XXVI.
1346 2046 1463 2078 Deinde
1491 2057 1554 2078 cum
1571 2046 1724 2088 placuiffet
1748 2047 1843 2078 creari
1868 2046 1959 2077 etiam

1095 2098 1132 2119 ex
1146 2089 1228 2129 plebe
1247 2088 1390 2129 confides,
1411 2094 1554 2129 coeperunt
1571 2098 1607 2120 ex
1632 2094 1746 2130 utroque
1763 2092 1873 2129 corpore
1893 2096 1958 2119 con-

1122 2131 1188 2162 itui.

1089 2128 1179 2212 sciuit,
1211 2172 1280 2203 duos
1303 2181 1339 2202 ex
1363 2180 1478 2203 numero
1500 2177 1620 2213 patrum
1642 2169 1798 2213 constitui,
1818 2171 1864 2203 ita
1902 2168 1961 2202 affl

1087 2213 1182 2255 fiant,
1204 2212 1324 2244 AEdiles
1344 2212 1477 2245 curules.

1141 2254 1171 2296 §.
1193 2253 1333 2286 XXVII.
1368 2254 1491 2301 Cumque
1522 2253 1648 2297 consules
1664 2259 1858 2287 avocarentur
1879 2252 1962 2285 bellis
1991 2283 1993 2293 ,

1093 2295 1235 2337 finitimis
1254 2318 1264 2333 ‚
1294 2305 1384 2338 neque
1412 2296 1478 2337 eſjet
1502 2298 1551 2338 qui
1575 2298 1607 2328 z'n
1636 2297 1765 2329 Civitate
1778 2297 1830 2340 jus
1846 2295 1963 2328 reddere

1094 2337 1201 2379 poſjet,
1210 2336 1328 2378 factum
1340 2348 1353 2369 e
1387 2361 1397 2376 ‚
1419 2343 1453 2369 ut
1470 2337 1592 2371 Praetor
1610 2348 1715 2380 quoque
1731 2342 1895 2374 crearetur,
1912 2335 1963 2377 qui
1988 2358 1993 2369 i

1238 2129 1340 2168 Tunc,
1353 2136 1386 2160 ut
1403 2130 1497 2171 aliquo
1508 2131 1605 2171 pluris
1614 2135 1715 2171 patres
1733 2130 1889 2168 haberent,
1917 2128 1960 2160 tw
1986 2133 1993 2141 ·

1099 2380 1245 2412 Urbanus
1258 2380 1342 2419 appel
1356 2386 1421 2410 atus
1442 2377 1502 2420 est,
1522 2380 1594 2423 quod
1607 2382 1640 2410 in
1657 2380 1725 2411 urbe
1736 2379 1787 2421 jus
1801 2377 1942 2409 redderet.
1990 2382 1999 2391 ¹

1144 2421 1172 2464 §.
1191 2420 1350 2453 XXVIII.
1374 2419 1444 2461 Post
1461 2422 1570 2463 aliquot
1587 2421 1689 2452 deinde
1709 2428 1799 2451 annos
1815 2415 1962 2466 nonsuffi-

1101 2465 1196 2495 ciente
1212 2472 1242 2494 eo
1252 2467 1392 2502 prcetore,
1411 2464 1483 2504 quod
1506 2462 1599 2494 multa
1626 2461 1711 2492 turba
1726 2461 1814 2492 etiam
1828 2465 1898 2501 pere
1919 2468 1962 2491 rt-

1101 2515 1202 2536 norum
1229 2505 1262 2535 in
1288 2503 1446 2545 Civitatem
1472 2504 1609 2541 veniret,
1642 2508 1755 2533 creatus
1780 2499 1821 2542 esi
1839 2500 1964 2536 &aiut

1101 2547 1244 2583 Praetor,
1262 2547 1312 2586 qui
1329 2544 1513 2585 Peregrinus
1530 2543 1691 2584 appellatus
1708 2540 1749 2584 est
1764 2544 1801 2575 ab
1817 2551 1846 2574 eo
1857 2564 1871 2582 ,
1893 2540 1965 2585 quod

1096 2588 1212 2630 plerum
1232 2596 1266 2617 ue
1285 2588 1363 2617 inter
1399 2587 1545 2627 eregrinos
1556 2585 1608 2628 jus
1626 2585 1749 2616 dicebat.

1236 2625 1331 2658 XIX.
1397 2628 1479 2657 einde
1500 2635 1564 2656 cum
1591 2624 1657 2667 effet
1671 2624 1842 2666 neceffarius
1859 2624 1963 2668 Magi-

1097 2653 1228 2712 stratus,
1256 2668 1306 2708 qui
1327 2665 1413 2707 hasla
1413 2666 1561 2750 ffraeeffct
1569 2690 1579 2706 ,
1610 2666 1795 2699 Decemviri
1810 2668 1843 2699 in
1860 2667 1961 2698 litibus
1993 2703 1995 2706 ¹

1098 2710 1269 2755 judicandis
1297 2713 1350 2738 unt
1367 2717 1417 2739 con
1446 2710 1525 2739 [tuti.
1671 2732 1677 2736 .

1147 2751 1176 2793 §.
1201 2749 1269 2783 XX
1291 2748 1314 2779 ’.
1350 2748 1458 2780 Eodem
1480 2755 1596 2789 tempore
1615 2749 1651 2785 &³
1666 2749 1894 2796 QuatuorvirI,
1914 2747 1964 2823 qul

1105 2801 1203 2824 curam
1225 2791 1342 2821 viarum
1364 2796 1496 2832 gererent
1513 2813 1525 2828 ,
1544 2790 1580 2826 ὅ)
1593 2790 1772 2822 Triumviri
1791 2799 1918 2823 moneta
1931 2798 1963 2822 es

1104 2834 1188 2870 aeris,
1210 2832 1349 2873 argenti,
1369 2833 1435 2863 auri
1443 2830 1580 2871 flator-es,
1604 2831 1640 2866 {9⁹
1656 2831 1834 2864 Triumviri
1849 2831 1963 2874 capita-

1105 2875 1170 2912 les,
1197 2874 1246 2914 qui
1274 2873 1399 2902 carceris
1426 2872 1582 2914 custodiam
1596 2873 1752 2905 baberent:
1771 2878 1801 2904 ut
1819 2882 1883 2905 cum
1899 2873 1962 2905 ani-

1105 2915 1250 2946 madverti
1268 2919 1426 2952 (moneret,
1450 2916 1627 2945 mter-ventu
1637 2924 1732 2946 eorum
1746 2912 1844 2955 ficret.

1148 2955 1176 2997 ᾗ.
1201 2953 1266 2986 XX
1308 2953 1330 2985 Ι.
1366 2953 1408 2985 Et
1434 2957 1503 2997 quia
1527 2954 1758 2998 „Magistratibus
1793 2954 1963 2997 vespertinis

1107 2996 1277 3037 temporibus
1288 2995 1319 3025 in
1330 2995 1479 3035 publicum
1495 2995 1545 3037 effe
1559 2997 1853 3035 inconvenienserat‚
1864 2995 1960 3039 Quin-

1105 3036 1226 3078 queviri
1244 3033 1392 3075 constituti
1401 3037 1477 3076 sunt
1495 3039 1537 3068 cis
1557 3037 1684 3068 Tiberim
1699 3060 1709 3076 ‚
1732 3036 1768 3072 ὅ)
1784 3037 1866 3070 ultra
1883 3039 1961 3070 Tibe—

1105 3080 1183 3116 rim,
1222 3079 1252 3109 ui
1267 3075 1369 3149 {offlnt
1380 3083 1434 3116 pro
1448 3088 1496 3110 ma
1519 3077 1668 3119 {stratibus
1673 3078 1780 3120 fungi.

1147 3118 1178 3160 §.
1234 3117 1272 3150 X.
1288 3117 1297 3125 ⁷
1320 3117 1343 3150 Ι.
1377 3119 1470 3160 Capta
1510 3120 1591 3151 einde
1614 3119 1776 3158 Sardinia,
1805 3130 1871 3152 mox
1888 3119 1963 3151 Sici-

1104 3160 1165 3198 lia,
1187 3161 1257 3191 item
1274 3158 1443 3199 IIispania,
1464 3161 1566 3192 deinde
1582 3159 1769 3199 Narbonensi
1776 3162 1932 3201 provincia
1951 3182 1964 3200 ,

1104 3202 1221 3234 totidem
1241 3199 1413 3241 Praetores,
1437 3207 1503 3244 quot
1516 3201 1692 3243 provinciae
1712 3202 1745 3233 in
1759 3203 1894 3234 ditionem
1913 3211 1966 3231 ve-

1914 3252 1962 3273 ne-
