<?xml version="1.0" encoding="UTF-8"?>
<!DOCTYPE html PUBLIC "-//W3C//DTD XHTML 1.0 Transitional//EN"
    "http://www.w3.org/TR/xhtml1/DTD/xhtml1-transitional.dtd">
<html xmlns="http://www.w3.org/1999/xhtml" xml:lang="en" lang="en">
 <head>
  <title>
</title>
<meta http-equiv="Content-Type" content="text/html;charset=utf-8" />
  <meta name='ocr-system' content='tesseract 3.04.00' />
  <meta name='ocr-capabilities' content='ocr_page ocr_carea ocr_par ocr_line ocrx_word'/>
</head>
<body>
  <div class='ocr_page' id='page_1' title='image "./corneliivanbynke00bijn_0767.png"; bbox 0 0 2008 3436; ppageno 0'>
   <div class='ocr_carea' id='block_1_1' title="bbox 249 119 749 169">
    <p class='ocr_par' dir='ltr' id='par_1_1' title="bbox 249 119 749 169">
     <span class='ocr_line' id='line_1_1' title="bbox 249 119 749 169; baseline 0 -12"><span class='ocrx_word' id='word_1_1' title='bbox 249 119 530 168; x_wconf 75' lang='lat' dir='ltr'><strong>QUAEST.</strong></span> <span class='ocrx_word' id='word_1_2' title='bbox 596 121 749 169; x_wconf 79' lang='lat' dir='ltr'><strong>Jun.</strong></span> 
     </span>
    </p>
   </div>
   <div class='ocr_carea' id='block_1_2' title="bbox 17 198 903 2845">
    <p class='ocr_par' dir='ltr' id='par_1_2' title="bbox 17 198 903 2845">
     <span class='ocr_line' id='line_1_2' title="bbox 39 198 900 244; baseline 0.001 -11"><span class='ocrx_word' id='word_1_3' title='bbox 39 198 251 238; x_wconf 83' lang='lat' dir='ltr'><strong>mutantibus,</strong></span> <span class='ocrx_word' id='word_1_4' title='bbox 275 200 337 232; x_wconf 89' lang='lat' dir='ltr'><strong>tale</strong></span> <span class='ocrx_word' id='word_1_5' title='bbox 353 200 427 242; x_wconf 89' lang='lat' dir='ltr'><strong>quid</strong></span> <span class='ocrx_word' id='word_1_6' title='bbox 443 201 605 244; x_wconf 80' lang='lat' dir='ltr'><strong>exigatur3</strong></span> <span class='ocrx_word' id='word_1_7' title='bbox 630 201 710 243; x_wconf 80' lang='lat' dir='ltr'><strong>saepe</strong></span> <span class='ocrx_word' id='word_1_8' title='bbox 726 202 821 233; x_wconf 82' lang='lat' dir='ltr'><strong>etiam</strong></span> <span class='ocrx_word' id='word_1_9' title='bbox 848 202 900 234; x_wconf 89' lang='lat' dir='ltr'><strong>Ci-</strong></span> 
     </span>
     <span class='ocr_line' id='line_1_3' title="bbox 40 241 900 284; baseline 0.005 -13"><span class='ocrx_word' id='word_1_10' title='bbox 40 241 154 272; x_wconf 80' lang='lat' dir='ltr'><strong>&#39;vitates</strong></span> <span class='ocrx_word' id='word_1_11' title='bbox 170 249 233 272; x_wconf 91' lang='lat' dir='ltr'><strong>non</strong></span> <span class='ocrx_word' id='word_1_12' title='bbox 249 241 341 273; x_wconf 85' lang='lat' dir='ltr'><strong>aliter</strong></span> <span class='ocrx_word' id='word_1_13' title='bbox 355 250 396 273; x_wconf 85' lang='lat' dir='ltr'><strong>co</strong></span> <span class='ocrx_word' id='word_1_14' title='bbox 410 243 475 282; x_wconf 72' lang='lat' dir='ltr'><strong>iure</strong></span> <span class='ocrx_word' id='word_1_15' title='bbox 494 252 741 284; x_wconf 81' lang='lat' dir='ltr'><strong>utuntur,quam</strong></span> <span class='ocrx_word' id='word_1_16' title='bbox 761 252 814 284; x_wconf 84' lang='lat' dir='ltr'><strong>per</strong></span> <span class='ocrx_word' id='word_1_17' title='bbox 834 254 900 275; x_wconf 86' lang='lat' dir='ltr'><strong>nio-</strong></span> 
     </span>
     <span class='ocr_line' id='line_1_4' title="bbox 30 281 902 324; baseline 0.002 -11"><span class='ocrx_word' id='word_1_18' title='bbox 30 281 109 313; x_wconf 85' lang='lat' dir='ltr'><strong>·tlum</strong></span> <span class='ocrx_word' id='word_1_19' title='bbox 132 282 278 321; x_wconf 87' lang='lat' dir='ltr'><strong>talionis,</strong></span> <span class='ocrx_word' id='word_1_20' title='bbox 301 290 335 314; x_wconf 89' lang='lat' dir='ltr'><strong>ut</strong></span> <span class='ocrx_word' id='word_1_21' title='bbox 358 293 471 324; x_wconf 80' lang='lat' dir='ltr'>nempe</span> <span class='ocrx_word' id='word_1_22' title='bbox 495 293 616 316; x_wconf 87' lang='lat' dir='ltr'><strong>tantum</strong></span> <span class='ocrx_word' id='word_1_23' title='bbox 636 285 674 316; x_wconf 87' lang='lat' dir='ltr'><strong>ab</strong></span> <span class='ocrx_word' id='word_1_24' title='bbox 699 285 756 322; x_wconf 88' lang='lat' dir='ltr'><strong>iis,</strong></span> <span class='ocrx_word' id='word_1_25' title='bbox 788 285 839 324; x_wconf 82' lang='lat' dir='ltr'><strong>qui</strong></span> <span class='ocrx_word' id='word_1_26' title='bbox 865 295 902 317; x_wconf 82' lang='lat' dir='ltr'><strong>ex</strong></span> 
     </span>
     <span class='ocr_line' id='line_1_5' title="bbox 28 320 901 371; baseline 0.003 -17"><span class='ocrx_word' id='word_1_27' title='bbox 28 322 90 354; x_wconf 61' lang='lat' dir='ltr'><strong>&gt;sua</strong></span> <span class='ocrx_word' id='word_1_28' title='bbox 114 320 257 354; x_wconf 78' lang='lat' dir='ltr'><strong>Civitate</strong></span> <span class='ocrx_word' id='word_1_29' title='bbox 278 324 458 365; x_wconf 85' lang='lat' dir='ltr'><strong>discedunt,</strong></span> <span class='ocrx_word' id='word_1_30' title='bbox 482 327 630 371; x_wconf 81' lang='lat' dir='ltr'>exigant,</span> <span class='ocrx_word' id='word_1_31' title='bbox 653 333 804 371; x_wconf 75' lang='lat' dir='ltr'>quantun]</span> <span class='ocrx_word' id='word_1_32' title='bbox 834 326 901 365; x_wconf 90' lang='lat' dir='ltr'><strong>illi,</strong></span> 
     </span>
     <span class='ocr_line' id='line_1_6' title="bbox 31 363 903 407; baseline 0.003 -11"><span class='ocrx_word' id='word_1_33' title='bbox 31 363 73 396; x_wconf 68' lang='lat' dir='ltr'><strong>ad</strong></span> <span class='ocrx_word' id='word_1_34' title='bbox 89 371 169 404; x_wconf 88' lang='lat' dir='ltr'><strong>quos</strong></span> <span class='ocrx_word' id='word_1_35' title='bbox 194 364 455 406; x_wconf 81' lang='lat' dir='ltr'><strong>proficiscuntur,</strong></span> <span class='ocrx_word' id='word_1_36' title='bbox 480 368 517 398; x_wconf 91' lang='lat' dir='ltr'><strong>ab</strong></span> <span class='ocrx_word' id='word_1_37' title='bbox 541 366 603 398; x_wconf 79' lang='lat' dir='ltr'><strong>illis</strong></span> <span class='ocrx_word' id='word_1_38' title='bbox 629 367 755 407; x_wconf 82' lang='lat' dir='ltr'><strong>exigere</strong></span> <span class='ocrx_word' id='word_1_39' title='bbox 782 367 903 406; x_wconf 83' lang='lat' dir='ltr'><strong>lolent,</strong></span> 
     </span>
     <span class='ocr_line' id='line_1_7' title="bbox 58 404 900 451; baseline 0.005 -16"><span class='ocrx_word' id='word_1_40' title='bbox 58 404 88 435; x_wconf 88' lang='lat' dir='ltr'><strong>ui</strong></span> <span class='ocrx_word' id='word_1_41' title='bbox 107 404 244 445; x_wconf 82' lang='lat' dir='ltr'><strong>ipsorum</strong></span> <span class='ocrx_word' id='word_1_42' title='bbox 265 405 435 438; x_wconf 77' lang='lat' dir='ltr'>Civitatem</span> <span class='ocrx_word' id='word_1_43' title='bbox 452 416 573 449; x_wconf 83' lang='lat' dir='ltr'><strong>petunt.</strong></span> <span class='ocrx_word' id='word_1_44' title='bbox 619 407 727 451; x_wconf 85' lang='lat' dir='ltr'><strong>Quum</strong></span> <span class='ocrx_word' id='word_1_45' title='bbox 747 416 851 439; x_wconf 88' lang='lat' dir='ltr'><strong>autem</strong></span> <span class='ocrx_word' id='word_1_46' title='bbox 870 409 900 440; x_wconf 85' lang='lat' dir='ltr'><strong>in</strong></span> 
     </span>
     <span class='ocr_line' id='line_1_8' title="bbox 36 413 900 490; baseline 0.003 -13"><span class='ocrx_word' id='word_1_47' title='bbox 36 413 66 488; x_wconf 67' lang='grc' dir='ltr'><strong>ξ.</strong></span> <span class='ocrx_word' id='word_1_48' title='bbox 95 454 139 482; x_wconf 89' lang='lat'><strong>19.</strong></span> <span class='ocrx_word' id='word_1_49' title='bbox 175 446 312 479; x_wconf 77' lang='lat' dir='ltr'><strong>Foedcris</strong></span> <span class='ocrx_word' id='word_1_50' title='bbox 343 449 426 479; x_wconf 83' lang='lat' dir='ltr'><strong>inter</strong></span> <span class='ocrx_word' id='word_1_51' title='bbox 460 448 640 479; x_wconf 75' lang='lat' dir='ltr'><strong>El&#39;ectorem</strong></span> <span class='ocrx_word' id='word_1_52' title='bbox 677 448 900 490; x_wconf 77' lang='lat' dir='ltr'><strong>Brandcburgi-</strong></span> 
     </span>
     <span class='ocr_line' id='line_1_9' title="bbox 30 487 898 522; baseline 0.002 -2"><span class='ocrx_word' id='word_1_53' title='bbox 30 493 107 520; x_wconf 76' lang='lat' dir='ltr'><strong>‘cum</strong></span> <span class='ocrx_word' id='word_1_54' title='bbox 130 488 159 520; x_wconf 70' lang='grc' dir='ltr'>ἀ</span> <span class='ocrx_word' id='word_1_55' title='bbox 179 488 313 520; x_wconf 79' lang='lat' dir='ltr'>Ordines</span> <span class='ocrx_word' id='word_1_56' title='bbox 329 487 497 522; x_wconf 86' lang='lat' dir='ltr'><strong>Generales</strong></span> <span class='ocrx_word' id='word_1_57' title='bbox 517 493 565 521; x_wconf 76' lang='lat'><strong>16.</strong></span> <span class='ocrx_word' id='word_1_58' title='bbox 593 489 680 521; x_wconf 81' lang='lat' dir='ltr'><strong>Febr.</strong></span> <span class='ocrx_word' id='word_1_59' title='bbox 709 494 799 521; x_wconf 82' lang='lat'><strong>1666.</strong></span> <span class='ocrx_word' id='word_1_60' title='bbox 823 501 898 522; x_wconf 84' lang='lat' dir='ltr'><strong>coii-</strong></span> 
     </span>
     <span class='ocr_line' id='line_1_10' title="bbox 25 529 897 572; baseline 0.006 -14"><span class='ocrx_word' id='word_1_61' title='bbox 25 529 159 559; x_wconf 68' lang='lat' dir='ltr'><strong>-vfflerit</strong></span> <span class='ocrx_word' id='word_1_62' title='bbox 178 529 277 571; x_wconf 82' lang='lat'><strong>(13),</strong></span> <span class='ocrx_word' id='word_1_63' title='bbox 301 531 352 561; x_wconf 80' lang='lat' dir='ltr'><strong>dat</strong></span> <span class='ocrx_word' id='word_1_64' title='bbox 369 539 429 561; x_wconf 81' lang='lat' dir='ltr'><strong>van</strong></span> <span class='ocrx_word' id='word_1_65' title='bbox 450 531 499 562; x_wconf 73' lang='lat' dir='ltr'><strong>het</strong></span> <span class='ocrx_word' id='word_1_66' title='bbox 517 537 584 572; x_wconf 64' lang='lat' dir='ltr'><strong>rege</strong></span> <span class='ocrx_word' id='word_1_67' title='bbox 601 541 662 562; x_wconf 73' lang='lat' dir='ltr'><strong>van</strong></span> <span class='ocrx_word' id='word_1_68' title='bbox 688 531 760 572; x_wconf 82' lang='lat' dir='ltr'><strong>Iffue</strong></span> <span class='ocrx_word' id='word_1_69' title='bbox 780 531 813 572; x_wconf 80' lang='lat' dir='ltr'><strong>vs</strong></span> <span class='ocrx_word' id='word_1_70' title='bbox 836 531 897 563; x_wconf 83' lang='lat' dir='ltr'><strong>De-</strong></span> 
     </span>
     <span class='ocr_line' id='line_1_11' title="bbox 23 568 895 614; baseline 0.006 -15"><span class='ocrx_word' id='word_1_71' title='bbox 23 568 151 601; x_wconf 65' lang='lat' dir='ltr'><strong>ieimatie</strong></span> <span class='ocrx_word' id='word_1_72' title='bbox 163 595 171 609; x_wconf 90' lang='lat'><strong>,</strong></span> <span class='ocrx_word' id='word_1_73' title='bbox 198 574 218 601; x_wconf 81' lang='lat' dir='ltr'><strong>’t</strong></span> <span class='ocrx_word' id='word_1_74' title='bbox 236 571 314 602; x_wconf 75' lang='lat' dir='ltr'><strong>welk</strong></span> <span class='ocrx_word' id='word_1_75' title='bbox 332 572 369 612; x_wconf 76' lang='lat' dir='ltr'><strong>by</strong></span> <span class='ocrx_word' id='word_1_76' title='bbox 387 573 502 603; x_wconf 73' lang='lat' dir='ltr'><strong>vern-ek</strong></span> <span class='ocrx_word' id='word_1_77' title='bbox 518 582 578 603; x_wconf 77' lang='lat' dir='ltr'><strong>van</strong></span> <span class='ocrx_word' id='word_1_78' title='bbox 599 572 765 611; x_wconf 63' lang='lat' dir='ltr'><strong>Familiam,</strong></span> <span class='ocrx_word' id='word_1_79' title='bbox 788 573 821 614; x_wconf 85' lang='lat' dir='ltr'><strong>of</strong></span> <span class='ocrx_word' id='word_1_80' title='bbox 831 583 895 604; x_wconf 75' lang='lat' dir='ltr'><strong>ver-</strong></span> 
     </span>
     <span class='ocr_line' id='line_1_12' title="bbox 27 606 897 656; baseline 0.006 -15"><span class='ocrx_word' id='word_1_81' title='bbox 27 606 86 641; x_wconf 39' lang='lat' dir='ltr'><strong>*bol</strong></span> <span class='ocrx_word' id='word_1_82' title='bbox 107 620 169 642; x_wconf 73' lang='lat' dir='ltr'><strong>van</strong></span> <span class='ocrx_word' id='word_1_83' title='bbox 186 613 382 643; x_wconf 68' lang='lat' dir='ltr'><strong>hercdz‘zeitcn</strong></span> <span class='ocrx_word' id='word_1_84' title='bbox 405 613 481 644; x_wconf 77' lang='lat' dir='ltr'><strong>komt</strong></span> <span class='ocrx_word' id='word_1_85' title='bbox 500 619 528 645; x_wconf 77' lang='lat' dir='ltr'><strong>te</strong></span> <span class='ocrx_word' id='word_1_86' title='bbox 553 613 707 654; x_wconf 20' lang='lat' dir='ltr'><strong>ontbllaan,</strong></span> <span class='ocrx_word' id='word_1_87' title='bbox 731 617 897 656; x_wconf 73' lang='lat' dir='ltr'><strong>wederzyes</strong></span> 
     </span>
     <span class='ocr_line' id='line_1_13' title="bbox 37 650 898 697; baseline 0.006 -15"><span class='ocrx_word' id='word_1_88' title='bbox 37 650 237 685; x_wconf 74' lang='lat' dir='ltr'><strong>endera&#39;anen</strong></span> <span class='ocrx_word' id='word_1_89' title='bbox 255 662 311 695; x_wconf 77' lang='lat' dir='ltr'><strong>vry</strong></span> <span class='ocrx_word' id='word_1_90' title='bbox 327 663 363 684; x_wconf 80' lang='lat' dir='ltr'><strong>cn</strong></span> <span class='ocrx_word' id='word_1_91' title='bbox 381 664 410 685; x_wconf 78' lang='lat' dir='ltr'><strong>ca</strong></span> <span class='ocrx_word' id='word_1_92' title='bbox 419 661 495 695; x_wconf 72' lang='lat' dir='ltr'><strong>empt</strong></span> <span class='ocrx_word' id='word_1_93' title='bbox 511 656 607 686; x_wconf 64' lang='lat' dir='ltr'><strong>zallen</strong></span> <span class='ocrx_word' id='word_1_94' title='bbox 627 665 684 696; x_wconf 70' lang='lat' dir='ltr'><strong>zyn</strong></span> <span class='ocrx_word' id='word_1_95' title='bbox 710 666 745 686; x_wconf 79' lang='lat' dir='ltr'><strong>en</strong></span> <span class='ocrx_word' id='word_1_96' title='bbox 768 657 873 697; x_wconf 67' lang='lat' dir='ltr'><strong>hlyven</strong></span> <span class='ocrx_word' id='word_1_97' title='bbox 888 680 898 694; x_wconf 92' lang='lat'><strong>,</strong></span> 
     </span>
     <span class='ocr_line' id='line_1_14' title="bbox 69 693 899 738; baseline 0.005 -14"><span class='ocrx_word' id='word_1_98' title='bbox 69 693 192 726; x_wconf 70' lang='lat' dir='ltr'><strong>dui-ende</strong></span> <span class='ocrx_word' id='word_1_99' title='bbox 219 694 281 736; x_wconf 77' lang='lat' dir='ltr'><strong>‹1er</strong></span> <span class='ocrx_word' id='word_1_100' title='bbox 307 694 476 733; x_wconf 73' lang='lat' dir='ltr'><strong>Alh&#39;antie3</strong></span> <span class='ocrx_word' id='word_1_101' title='bbox 508 706 626 738; x_wconf 84' lang='lat' dir='ltr'><strong>quum,</strong></span> <span class='ocrx_word' id='word_1_102' title='bbox 665 698 816 738; x_wconf 82' lang='lat' dir='ltr'><strong>inquam,</strong></span> <span class='ocrx_word' id='word_1_103' title='bbox 856 697 899 728; x_wconf 87' lang='lat' dir='ltr'><strong>ita</strong></span> 
     </span>
     <span class='ocr_line' id='line_1_15' title="bbox 51 736 898 779; baseline 0.005 -13"><span class='ocrx_word' id='word_1_104' title='bbox 51 737 233 776; x_wconf 90' lang='lat' dir='ltr'><strong>onvcnerit,</strong></span> <span class='ocrx_word' id='word_1_105' title='bbox 258 736 340 768; x_wconf 84' lang='lat' dir='ltr'><strong>belle</strong></span> <span class='ocrx_word' id='word_1_106' title='bbox 358 738 455 778; x_wconf 79' lang='lat' dir='ltr'><strong>quaeri</strong></span> <span class='ocrx_word' id='word_1_107' title='bbox 476 737 599 778; x_wconf 82' lang='lat' dir='ltr'><strong>potest,</strong></span> <span class='ocrx_word' id='word_1_108' title='bbox 622 748 659 770; x_wconf 83' lang='lat' dir='ltr'><strong>an</strong></span> <span class='ocrx_word' id='word_1_109' title='bbox 679 747 718 769; x_wconf 87' lang='lat' dir='ltr'><strong>co</strong></span> <span class='ocrx_word' id='word_1_110' title='bbox 744 739 811 779; x_wconf 81' lang='lat' dir='ltr'><strong>ipso</strong></span> <span class='ocrx_word' id='word_1_111' title='bbox 833 747 898 770; x_wconf 84' lang='lat' dir='ltr'><strong>ces-</strong></span> 
     </span>
     <span class='ocr_line' id='line_1_16' title="bbox 23 775 897 819; baseline 0.001 -9"><span class='ocrx_word' id='word_1_112' title='bbox 23 775 99 810; x_wconf 63' lang='lat' dir='ltr'><strong>·stxnt</strong></span> <span class='ocrx_word' id='word_1_113' title='bbox 114 778 221 809; x_wconf 87' lang='lat' dir='ltr'><strong>omnia</strong></span> <span class='ocrx_word' id='word_1_114' title='bbox 237 778 421 819; x_wconf 76' lang='lat' dir='ltr'><strong>privilegia,</strong></span> <span class='ocrx_word' id='word_1_115' title='bbox 447 788 462 810; x_wconf 82' lang='lat' dir='ltr'><strong>a</strong></span> <span class='ocrx_word' id='word_1_116' title='bbox 487 777 699 812; x_wconf 78' lang='lat' dir='ltr'><strong>Gravioriibus</strong></span> <span class='ocrx_word' id='word_1_117' title='bbox 717 780 812 811; x_wconf 77' lang='lat' dir='ltr'><strong>variis</strong></span> <span class='ocrx_word' id='word_1_118' title='bbox 836 779 897 811; x_wconf 92' lang='lat' dir='ltr'><strong>Ur-</strong></span> 
     </span>
     <span class='ocr_line' id='line_1_17' title="bbox 21 816 897 859; baseline -0.001 -7"><span class='ocrx_word' id='word_1_119' title='bbox 21 816 138 858; x_wconf 61' lang='lat' dir='ltr'><strong>pibus,</strong></span> <span class='ocrx_word' id='word_1_120' title='bbox 162 819 226 851; x_wconf 83' lang='lat' dir='ltr'><strong>five</strong></span> <span class='ocrx_word' id='word_1_121' title='bbox 241 827 281 850; x_wconf 85' lang='lat' dir='ltr'><strong>ex</strong></span> <span class='ocrx_word' id='word_1_122' title='bbox 303 819 491 851; x_wconf 83' lang='lat' dir='ltr'><strong>liberalitate</strong></span> <span class='ocrx_word' id='word_1_123' title='bbox 513 821 600 859; x_wconf 84' lang='lat' dir='ltr'><strong>data,</strong></span> <span class='ocrx_word' id='word_1_124' title='bbox 625 821 689 853; x_wconf 76' lang='lat' dir='ltr'><strong>live</strong></span> <span class='ocrx_word' id='word_1_125' title='bbox 708 821 746 852; x_wconf 87' lang='lat' dir='ltr'><strong>ab</strong></span> <span class='ocrx_word' id='word_1_126' title='bbox 777 822 823 852; x_wconf 76' lang='lat' dir='ltr'><strong>liis</strong></span> <span class='ocrx_word' id='word_1_127' title='bbox 843 819 897 852; x_wconf 90' lang='lat' dir='ltr'><strong>suo</strong></span> 
     </span>
     <span class='ocr_line' id='line_1_18' title="bbox 27 861 895 908; baseline -0.001 -15"><span class='ocrx_word' id='word_1_128' title='bbox 27 862 92 893; x_wconf 51' lang='grc' dir='ltr'><strong>ξιτ</strong></span> <span class='ocrx_word' id='word_1_129' title='bbox 111 869 235 902; x_wconf 86' lang='lat' dir='ltr'><strong>empta,</strong></span> <span class='ocrx_word' id='word_1_130' title='bbox 261 861 371 902; x_wconf 86' lang='lat' dir='ltr'><strong>quibus</strong></span> <span class='ocrx_word' id='word_1_131' title='bbox 389 861 611 900; x_wconf 82' lang='lat' dir='ltr'><strong>obtinuerunt,</strong></span> <span class='ocrx_word' id='word_1_132' title='bbox 635 871 670 893; x_wconf 91' lang='lat' dir='ltr'><strong>ut</strong></span> <span class='ocrx_word' id='word_1_133' title='bbox 695 872 711 893; x_wconf 85' lang='lat' dir='ltr'><strong>a</strong></span> <span class='ocrx_word' id='word_1_134' title='bbox 735 861 895 908; x_wconf 80' lang='lat' dir='ltr'><strong>disceden-</strong></span> 
     </span>
     <span class='ocr_line' id='line_1_19' title="bbox 22 901 896 944; baseline -0.001 -10"><span class='ocrx_word' id='word_1_135' title='bbox 22 901 112 934; x_wconf 80' lang='lat' dir='ltr'><strong>tibus</strong></span> <span class='ocrx_word' id='word_1_136' title='bbox 126 910 250 933; x_wconf 79' lang='lat' dir='ltr'><strong>certum</strong></span> <span class='ocrx_word' id='word_1_137' title='bbox 269 902 422 934; x_wconf 87' lang='lat' dir='ltr'><strong>tributum</strong></span> <span class='ocrx_word' id='word_1_138' title='bbox 440 903 566 944; x_wconf 80' lang='lat' dir='ltr'><strong>exigere</strong></span> <span class='ocrx_word' id='word_1_139' title='bbox 590 903 729 935; x_wconf 68' lang='lat' dir='ltr'><strong>liceret?</strong></span> <span class='ocrx_word' id='word_1_140' title='bbox 752 902 896 934; x_wconf 78' lang='lat' dir='ltr'><strong>Difficile</strong></span> 
     </span>
     <span class='ocr_line' id='line_1_20' title="bbox 17 941 895 985; baseline 0.001 -11"><span class='ocrx_word' id='word_1_141' title='bbox 17 942 113 975; x_wconf 70' lang='lat' dir='ltr'><strong>edictu</strong></span> <span class='ocrx_word' id='word_1_142' title='bbox 127 941 171 974; x_wconf 87' lang='lat' dir='ltr'><strong>est</strong></span> <span class='ocrx_word' id='word_1_143' title='bbox 185 967 194 982; x_wconf 96' lang='lat'>‚</span> <span class='ocrx_word' id='word_1_144' title='bbox 221 944 291 975; x_wconf 89' lang='lat' dir='ltr'><strong>idco</strong></span> <span class='ocrx_word' id='word_1_145' title='bbox 310 943 481 985; x_wconf 71' lang='lat' dir='ltr'><strong>praesertim</strong></span> <span class='ocrx_word' id='word_1_146' title='bbox 493 968 501 984; x_wconf 90' lang='lat'><strong>,</strong></span> <span class='ocrx_word' id='word_1_147' title='bbox 513 944 598 985; x_wconf 86' lang='lat' dir='ltr'><strong>quod</strong></span> <span class='ocrx_word' id='word_1_148' title='bbox 617 945 647 976; x_wconf 93' lang='lat' dir='ltr'><strong>id</strong></span> <span class='ocrx_word' id='word_1_149' title='bbox 663 945 712 984; x_wconf 87' lang='lat' dir='ltr'><strong>jus</strong></span> <span class='ocrx_word' id='word_1_150' title='bbox 728 953 791 975; x_wconf 90' lang='lat' dir='ltr'><strong>non</strong></span> <span class='ocrx_word' id='word_1_151' title='bbox 810 952 895 975; x_wconf 85' lang='lat' dir='ltr'><strong>com-</strong></span> 
     </span>
     <span class='ocr_line' id='line_1_21' title="bbox 18 984 894 1027; baseline -0.001 -11"><span class='ocrx_word' id='word_1_152' title='bbox 18 991 26 997; x_wconf 82' lang='lat'><strong>·</strong></span> <span class='ocrx_word' id='word_1_153' title='bbox 71 993 116 1016; x_wconf 86' lang='lat' dir='ltr'><strong>tat</strong></span> <span class='ocrx_word' id='word_1_154' title='bbox 136 984 191 1017; x_wconf 83' lang='lat' dir='ltr'><strong>nifi</strong></span> <span class='ocrx_word' id='word_1_155' title='bbox 206 994 244 1018; x_wconf 84' lang='lat' dir='ltr'><strong>cx</strong></span> <span class='ocrx_word' id='word_1_156' title='bbox 265 985 458 1027; x_wconf 80' lang='lat' dir='ltr'><strong>privilegiis,</strong></span> <span class='ocrx_word' id='word_1_157' title='bbox 481 985 625 1027; x_wconf 88' lang='lat' dir='ltr'><strong>quodque</strong></span> <span class='ocrx_word' id='word_1_158' title='bbox 642 995 678 1016; x_wconf 82' lang='lat' dir='ltr'><strong>ea</strong></span> <span class='ocrx_word' id='word_1_159' title='bbox 694 985 815 1017; x_wconf 86' lang='lat' dir='ltr'><strong>auferre</strong></span> <span class='ocrx_word' id='word_1_160' title='bbox 831 991 894 1016; x_wconf 83' lang='lat' dir='ltr'><strong>non</strong></span> 
     </span>
     <span class='ocr_line' id='line_1_22' title="bbox 51 1025 894 1067; baseline -0.004 -8"><span class='ocrx_word' id='word_1_161' title='bbox 51 1034 66 1059; x_wconf 95' lang='lat' dir='ltr'><strong>t</strong></span> <span class='ocrx_word' id='word_1_162' title='bbox 90 1027 122 1059; x_wconf 94' lang='lat' dir='ltr'><strong>in</strong></span> <span class='ocrx_word' id='word_1_163' title='bbox 149 1025 304 1067; x_wconf 80' lang='lat' dir='ltr'><strong>potestate</strong></span> <span class='ocrx_word' id='word_1_164' title='bbox 331 1026 485 1058; x_wconf 89' lang='lat' dir='ltr'><strong>Ordinum</strong></span> <span class='ocrx_word' id='word_1_165' title='bbox 512 1026 563 1057; x_wconf 75' lang='lat' dir='ltr'><strong>vcl</strong></span> <span class='ocrx_word' id='word_1_166' title='bbox 588 1025 813 1064; x_wconf 77' lang='lat' dir='ltr'><strong>Gener-alium,</strong></span> <span class='ocrx_word' id='word_1_167' title='bbox 843 1026 894 1056; x_wconf 88' lang='lat' dir='ltr'><strong>vel</strong></span> 
     </span>
     <span class='ocr_line' id='line_1_23' title="bbox 20 1065 895 1112; baseline -0.005 -11"><span class='ocrx_word' id='word_1_168' title='bbox 20 1069 118 1102; x_wconf 78' lang='lat' dir='ltr'><strong>*etiam</strong></span> <span class='ocrx_word' id='word_1_169' title='bbox 137 1068 355 1109; x_wconf 80' lang='lat' dir='ltr'>Singularium.</span> <span class='ocrx_word' id='word_1_170' title='bbox 401 1066 488 1112; x_wconf 83' lang='lat' dir='ltr'><strong>Quid</strong></span> <span class='ocrx_word' id='word_1_171' title='bbox 511 1067 605 1108; x_wconf 77' lang='lat' dir='ltr'><strong>igitur</strong></span> <span class='ocrx_word' id='word_1_172' title='bbox 621 1067 782 1104; x_wconf 78' lang='lat' dir='ltr'>dicemus,</span> <span class='ocrx_word' id='word_1_173' title='bbox 807 1065 895 1097; x_wconf 86' lang='lat' dir='ltr'><strong>salvo</strong></span> 
     </span>
     <span class='ocr_line' id='line_1_24' title="bbox 21 1106 894 1153; baseline -0.006 -10"><span class='ocrx_word' id='word_1_174' title='bbox 21 1108 183 1147; x_wconf 67' lang='lat' dir='ltr'><strong>“Foedei-e,</strong></span> <span class='ocrx_word' id='word_1_175' title='bbox 212 1117 283 1140; x_wconf 87' lang='lat' dir='ltr'><strong>nam</strong></span> <span class='ocrx_word' id='word_1_176' title='bbox 306 1108 373 1149; x_wconf 82' lang='lat' dir='ltr'><strong>ejus</strong></span> <span class='ocrx_word' id='word_1_177' title='bbox 397 1107 473 1140; x_wconf 86' lang='lat' dir='ltr'><strong>fides</strong></span> <span class='ocrx_word' id='word_1_178' title='bbox 495 1109 626 1140; x_wconf 89' lang='lat' dir='ltr'><strong>omnino</strong></span> <span class='ocrx_word' id='word_1_179' title='bbox 649 1107 695 1139; x_wconf 89' lang='lat' dir='ltr'><strong>est</strong></span> <span class='ocrx_word' id='word_1_180' title='bbox 719 1106 894 1153; x_wconf 57' lang='lat' dir='ltr'><strong>servanda?</strong></span> 
     </span>
     <span class='ocr_line' id='line_1_25' title="bbox 22 1148 892 1196; baseline -0.005 -12"><span class='ocrx_word' id='word_1_181' title='bbox 22 1151 106 1184; x_wconf 73' lang='lat' dir='ltr'><strong>&#39;milii</strong></span> <span class='ocrx_word' id='word_1_182' title='bbox 130 1150 259 1191; x_wconf 76' lang='lat' dir='ltr'><strong>quidem</strong></span> <span class='ocrx_word' id='word_1_183' title='bbox 288 1149 331 1180; x_wconf 80' lang='lat' dir='ltr'><strong>ita</strong></span> <span class='ocrx_word' id='word_1_184' title='bbox 356 1149 541 1181; x_wconf 87' lang='lat' dir='ltr'><strong>videretur:</strong></span> <span class='ocrx_word' id='word_1_185' title='bbox 575 1148 594 1181; x_wconf 87' lang='lat' dir='ltr'>fi</span> <span class='ocrx_word' id='word_1_186' title='bbox 617 1148 718 1181; x_wconf 84' lang='lat' dir='ltr'><strong>Urbes</strong></span> <span class='ocrx_word' id='word_1_187' title='bbox 740 1149 892 1196; x_wconf 75' lang='lat' dir='ltr'><strong>ejusmodi</strong></span> 
     </span>
     <span class='ocr_line' id='line_1_26' title="bbox 22 1187 892 1232; baseline -0.003 -8"><span class='ocrx_word' id='word_1_188' title='bbox 22 1187 156 1228; x_wconf 62' lang='lat' dir='ltr'><strong>Foedera</strong></span> <span class='ocrx_word' id='word_1_189' title='bbox 181 1190 363 1223; x_wconf 85' lang='lat' dir='ltr'><strong>viderint&amp;</strong></span> <span class='ocrx_word' id='word_1_190' title='bbox 381 1191 606 1232; x_wconf 77' lang='lat' dir='ltr'>probaverint,</span> <span class='ocrx_word' id='word_1_191' title='bbox 631 1191 808 1232; x_wconf 79' lang='lat' dir='ltr'>priusquam</span> <span class='ocrx_word' id='word_1_192' title='bbox 833 1199 892 1221; x_wconf 84' lang='lat' dir='ltr'><strong>ini-</strong></span> 
     </span>
     <span class='ocr_line' id='line_1_27' title="bbox 22 1231 893 1273; baseline -0.005 -8"><span class='ocrx_word' id='word_1_193' title='bbox 22 1231 153 1273; x_wconf 49' lang='lat' dir='ltr'><strong>bantur,</strong></span> <span class='ocrx_word' id='word_1_194' title='bbox 178 1233 276 1264; x_wconf 85' lang='lat' dir='ltr'><strong>tacite</strong></span> <span class='ocrx_word' id='word_1_195' title='bbox 299 1240 371 1271; x_wconf 83' lang='lat' dir='ltr'><strong>eas,</strong></span> <span class='ocrx_word' id='word_1_196' title='bbox 417 1233 479 1264; x_wconf 91' lang='lat' dir='ltr'><strong>uod</strong></span> <span class='ocrx_word' id='word_1_197' title='bbox 503 1232 539 1264; x_wconf 87' lang='lat' dir='ltr'><strong>ad</strong></span> <span class='ocrx_word' id='word_1_198' title='bbox 561 1232 622 1265; x_wconf 81' lang='lat' dir='ltr'><strong>hoc</strong></span> <span class='ocrx_word' id='word_1_199' title='bbox 641 1232 816 1269; x_wconf 87' lang='lat' dir='ltr'><strong>tributum,</strong></span> <span class='ocrx_word' id='word_1_200' title='bbox 847 1239 893 1262; x_wconf 87' lang='lat' dir='ltr'><strong>re-</strong></span> 
     </span>
     <span class='ocr_line' id='line_1_28' title="bbox 20 1268 898 1315; baseline -0.003 -8"><span class='ocrx_word' id='word_1_201' title='bbox 20 1268 182 1310; x_wconf 63' lang='lat' dir='ltr'><strong>ffiunciasse</strong></span> <span class='ocrx_word' id='word_1_202' title='bbox 202 1273 377 1315; x_wconf 81' lang='lat' dir='ltr'><strong>privilegiis</strong></span> <span class='ocrx_word' id='word_1_203' title='bbox 405 1273 504 1313; x_wconf 85' lang='lat' dir='ltr'><strong>uis3s1</strong></span> <span class='ocrx_word' id='word_1_204' title='bbox 518 1283 583 1305; x_wconf 88' lang='lat' dir='ltr'><strong>non</strong></span> <span class='ocrx_word' id='word_1_205' title='bbox 600 1273 738 1306; x_wconf 81' lang='lat' dir='ltr'><strong>viderint</strong></span> <span class='ocrx_word' id='word_1_206' title='bbox 753 1273 805 1305; x_wconf 88' lang='lat' dir='ltr'><strong>vel</strong></span> <span class='ocrx_word' id='word_1_207' title='bbox 821 1278 898 1314; x_wconf 84' lang='lat' dir='ltr'><strong>pro-¹</strong></span> 
     </span>
     <span class='ocr_line' id='line_1_29' title="bbox 23 1313 894 1357; baseline -0.007 -7"><span class='ocrx_word' id='word_1_208' title='bbox 23 1316 189 1354; x_wconf 57' lang='lat' dir='ltr'><strong>bar-erint,</strong></span> <span class='ocrx_word' id='word_1_209' title='bbox 211 1315 248 1346; x_wconf 88' lang='lat' dir='ltr'><strong>ab</strong></span> <span class='ocrx_word' id='word_1_210' title='bbox 261 1314 447 1346; x_wconf 87' lang='lat' dir='ltr'><strong>abeuntibus</strong></span> <span class='ocrx_word' id='word_1_211' title='bbox 464 1315 588 1356; x_wconf 81' lang='lat' dir='ltr'><strong>quidem</strong></span> <span class='ocrx_word' id='word_1_212' title='bbox 606 1314 688 1357; x_wconf 74' lang='lat' dir='ltr'><strong>exigi</strong></span> <span class='ocrx_word' id='word_1_213' title='bbox 706 1324 768 1346; x_wconf 93' lang='lat' dir='ltr'><strong>non</strong></span> <span class='ocrx_word' id='word_1_214' title='bbox 787 1313 894 1355; x_wconf 81' lang='lat' dir='ltr'><strong>poss&#39;e,</strong></span> 
     </span>
     <span class='ocr_line' id='line_1_30' title="bbox 27 1355 891 1402; baseline -0.003 -13"><span class='ocrx_word' id='word_1_215' title='bbox 27 1358 99 1400; x_wconf 86' lang='lat' dir='ltr'><strong>quia</strong></span> <span class='ocrx_word' id='word_1_216' title='bbox 114 1357 258 1399; x_wconf 78' lang='lat' dir='ltr'><strong>prohibet</strong></span> <span class='ocrx_word' id='word_1_217' title='bbox 276 1355 401 1394; x_wconf 79' lang='lat' dir='ltr'><strong>foedus,</strong></span> <span class='ocrx_word' id='word_1_218' title='bbox 424 1356 475 1388; x_wconf 86' lang='lat' dir='ltr'><strong>sed</strong></span> <span class='ocrx_word' id='word_1_219' title='bbox 491 1356 645 1388; x_wconf 89' lang='lat' dir='ltr'><strong>Ordinum</strong></span> <span class='ocrx_word' id='word_1_220' title='bbox 661 1355 739 1396; x_wconf 83' lang='lat' dir='ltr'><strong>effe,</strong></span> <span class='ocrx_word' id='word_1_221' title='bbox 760 1365 811 1387; x_wconf 86' lang='lat' dir='ltr'><strong>eas</strong></span> <span class='ocrx_word' id='word_1_222' title='bbox 832 1355 891 1402; x_wconf 68' lang='lat' dir='ltr'><strong>Ur-</strong></span> 
     </span>
     <span class='ocr_line' id='line_1_31' title="bbox 25 1396 893 1439; baseline -0.002 -7"><span class='ocrx_word' id='word_1_223' title='bbox 25 1399 98 1437; x_wconf 89' lang='lat' dir='ltr'><strong>bes,</strong></span> <span class='ocrx_word' id='word_1_224' title='bbox 123 1407 252 1439; x_wconf 85' lang='lat' dir='ltr'><strong>quarum</strong></span> <span class='ocrx_word' id='word_1_225' title='bbox 270 1396 417 1437; x_wconf 86' lang='lat' dir='ltr'><strong>interest,</strong></span> <span class='ocrx_word' id='word_1_226' title='bbox 449 1399 512 1430; x_wconf 88' lang='lat' dir='ltr'><strong>hoc</strong></span> <span class='ocrx_word' id='word_1_227' title='bbox 532 1398 660 1430; x_wconf 90' lang='lat' dir='ltr'><strong>nomine</strong></span> <span class='ocrx_word' id='word_1_228' title='bbox 683 1397 827 1439; x_wconf 72' lang='lat' dir='ltr'><strong>praestare</strong></span> <span class='ocrx_word' id='word_1_229' title='bbox 849 1407 893 1430; x_wconf 84' lang='lat' dir='ltr'><strong>in-</strong></span> 
     </span>
     <span class='ocr_line' id='line_1_32' title="bbox 25 1441 160 1474; baseline -0.022 0"><span class='ocrx_word' id='word_1_230' title='bbox 25 1441 160 1474; x_wconf 89' lang='lat' dir='ltr'><strong>demnes.</strong></span> 
     </span>
     <span class='ocr_line' id='line_1_33' title="bbox 69 1480 892 1527; baseline 0 -15"><span class='ocrx_word' id='word_1_231' title='bbox 69 1481 156 1513; x_wconf 83' lang='lat' dir='ltr'><strong>VIII.</strong></span> <span class='ocrx_word' id='word_1_232' title='bbox 182 1480 289 1527; x_wconf 88' lang='lat' dir='ltr'><strong>Quum</strong></span> <span class='ocrx_word' id='word_1_233' title='bbox 309 1490 390 1513; x_wconf 87' lang='lat' dir='ltr'><strong>anno</strong></span> <span class='ocrx_word' id='word_1_234' title='bbox 414 1485 503 1514; x_wconf 91' lang='lat'>1660.</span> <span class='ocrx_word' id='word_1_235' title='bbox 515 1482 658 1522; x_wconf 82' lang='lat' dir='ltr'><strong>ageretur</strong></span> <span class='ocrx_word' id='word_1_236' title='bbox 671 1481 710 1512; x_wconf 90' lang='lat' dir='ltr'><strong>de</strong></span> <span class='ocrx_word' id='word_1_237' title='bbox 728 1481 815 1523; x_wconf 79' lang='lat' dir='ltr'><strong>Rege</strong></span> <span class='ocrx_word' id='word_1_238' title='bbox 832 1480 892 1513; x_wconf 91' lang='lat' dir='ltr'><strong>An-</strong></span> 
     </span>
     <span class='ocr_line' id='line_1_34' title="bbox 45 1522 890 1563; baseline -0.001 -8"><span class='ocrx_word' id='word_1_239' title='bbox 45 1523 95 1556; x_wconf 87' lang='lat' dir='ltr'><strong>liae</strong></span> <span class='ocrx_word' id='word_1_240' title='bbox 119 1523 150 1554; x_wconf 92' lang='lat' dir='ltr'><strong>in</strong></span> <span class='ocrx_word' id='word_1_241' title='bbox 169 1522 340 1555; x_wconf 86' lang='lat' dir='ltr'><strong>Hollandia</strong></span> <span class='ocrx_word' id='word_1_242' title='bbox 357 1523 482 1563; x_wconf 89' lang='lat' dir='ltr'><strong>publice</strong></span> <span class='ocrx_word' id='word_1_243' title='bbox 499 1522 685 1562; x_wconf 83' lang='lat' dir='ltr'><strong>excipiendo</strong></span> <span class='ocrx_word' id='word_1_244' title='bbox 697 1523 768 1561; x_wconf 88' lang='lat' dir='ltr'><strong>,vel</strong></span> <span class='ocrx_word' id='word_1_245' title='bbox 784 1524 821 1554; x_wconf 91' lang='lat' dir='ltr'><strong>ab</strong></span> <span class='ocrx_word' id='word_1_246' title='bbox 830 1523 890 1554; x_wconf 93' lang='lat' dir='ltr'><strong>Or-</strong></span> 
     </span>
     <span class='ocr_line' id='line_1_35' title="bbox 23 1533 889 1602; baseline 0 -5"><span class='ocrx_word' id='word_1_247' title='bbox 23 1533 149 1598; x_wconf 52' lang='lat' dir='ltr'><strong>{imbus</strong></span> <span class='ocrx_word' id='word_1_248' title='bbox 166 1563 393 1602; x_wconf 87' lang='lat' dir='ltr'><strong>Generalibus,</strong></span> <span class='ocrx_word' id='word_1_249' title='bbox 416 1565 468 1596; x_wconf 82' lang='lat' dir='ltr'><strong>vel</strong></span> <span class='ocrx_word' id='word_1_250' title='bbox 493 1565 531 1596; x_wconf 86' lang='lat' dir='ltr'><strong>ab</strong></span> <span class='ocrx_word' id='word_1_251' title='bbox 557 1564 729 1595; x_wconf 79' lang='lat' dir='ltr'>Ordinibus</span> <span class='ocrx_word' id='word_1_252' title='bbox 757 1564 889 1597; x_wconf 87' lang='lat' dir='ltr'><strong>Hollan-</strong></span> 
     </span>
     <span class='ocr_line' id='line_1_36' title="bbox 26 1604 888 1648; baseline 0 -10"><span class='ocrx_word' id='word_1_253' title='bbox 26 1606 105 1644; x_wconf 84' lang='lat' dir='ltr'><strong>diae,</strong></span> <span class='ocrx_word' id='word_1_254' title='bbox 137 1606 189 1637; x_wconf 85' lang='lat' dir='ltr'><strong>vel</strong></span> <span class='ocrx_word' id='word_1_255' title='bbox 214 1605 251 1637; x_wconf 88' lang='lat' dir='ltr'><strong>ab</strong></span> <span class='ocrx_word' id='word_1_256' title='bbox 274 1605 412 1646; x_wconf 86' lang='lat' dir='ltr'><strong>utrisque</strong></span> <span class='ocrx_word' id='word_1_257' title='bbox 430 1629 440 1644; x_wconf 89' lang='lat'><strong>‚</strong></span> <span class='ocrx_word' id='word_1_258' title='bbox 472 1605 608 1638; x_wconf 83' lang='lat' dir='ltr'><strong>Ordines</strong></span> <span class='ocrx_word' id='word_1_259' title='bbox 631 1604 813 1638; x_wconf 82' lang='lat' dir='ltr'><strong>Hollandiae</strong></span> <span class='ocrx_word' id='word_1_260' title='bbox 837 1612 888 1648; x_wconf 80' lang='grc'><strong>24.</strong></span> 
     </span>
     <span class='ocr_line' id='line_1_37' title="bbox 25 1645 889 1688; baseline -0.001 -8"><span class='ocrx_word' id='word_1_261' title='bbox 25 1647 104 1686; x_wconf 81' lang='lat' dir='ltr'><strong>Mai.</strong></span> <span class='ocrx_word' id='word_1_262' title='bbox 131 1650 221 1679; x_wconf 90' lang='lat'><strong>1660.</strong></span> <span class='ocrx_word' id='word_1_263' title='bbox 252 1645 394 1677; x_wconf 89' lang='lat' dir='ltr'><strong>Decreto</strong></span> <span class='ocrx_word' id='word_1_264' title='bbox 421 1647 476 1679; x_wconf 87' lang='lat' dir='ltr'><strong>suo</strong></span> <span class='ocrx_word' id='word_1_265' title='bbox 507 1647 588 1688; x_wconf 82' lang='lat'>(14)</span> <span class='ocrx_word' id='word_1_266' title='bbox 617 1647 773 1687; x_wconf 89' lang='lat' dir='ltr'><strong>complexi</strong></span> <span class='ocrx_word' id='word_1_267' title='bbox 794 1646 889 1688; x_wconf 89' lang='lat' dir='ltr'><strong>sunt,</strong></span> 
     </span>
     <span class='ocr_line' id='line_1_38' title="bbox 25 1686 890 1729; baseline 0.002 -10"><span class='ocrx_word' id='word_1_268' title='bbox 25 1687 194 1720; x_wconf 87' lang='lat' dir='ltr'><strong>Ordinibus</strong></span> <span class='ocrx_word' id='word_1_269' title='bbox 218 1686 423 1720; x_wconf 83' lang='lat' dir='ltr'><strong>Gener-alibus</strong></span> <span class='ocrx_word' id='word_1_270' title='bbox 439 1689 488 1729; x_wconf 78' lang='lat' dir='ltr'><strong>J&#39;us</strong></span> <span class='ocrx_word' id='word_1_271' title='bbox 512 1698 575 1720; x_wconf 91' lang='lat' dir='ltr'><strong>non</strong></span> <span class='ocrx_word' id='word_1_272' title='bbox 601 1688 662 1720; x_wconf 82' lang='lat' dir='ltr'><strong>effe</strong></span> <span class='ocrx_word' id='word_1_273' title='bbox 686 1687 749 1720; x_wconf 91' lang='lat' dir='ltr'><strong>sese</strong></span> <span class='ocrx_word' id='word_1_274' title='bbox 774 1688 806 1720; x_wconf 91' lang='lat' dir='ltr'><strong>in</strong></span> <span class='ocrx_word' id='word_1_275' title='bbox 833 1688 890 1722; x_wconf 92' lang='lat' dir='ltr'><strong>suo</strong></span> 
     </span>
     <span class='ocr_line' id='line_1_39' title="bbox 23 1728 890 1771; baseline 0.002 -8"><span class='ocrx_word' id='word_1_276' title='bbox 23 1728 158 1770; x_wconf 85' lang='lat' dir='ltr'><strong>Imperio</strong></span> <span class='ocrx_word' id='word_1_277' title='bbox 184 1729 376 1771; x_wconf 88' lang='lat' dir='ltr'><strong>praecedendi</strong></span> <span class='ocrx_word' id='word_1_278' title='bbox 389 1752 400 1768; x_wconf 92' lang='lat'>‚</span> <span class='ocrx_word' id='word_1_279' title='bbox 440 1730 490 1762; x_wconf 91' lang='lat' dir='ltr'><strong>sed</strong></span> <span class='ocrx_word' id='word_1_280' title='bbox 515 1730 587 1771; x_wconf 90' lang='lat' dir='ltr'><strong>quia</strong></span> <span class='ocrx_word' id='word_1_281' title='bbox 613 1730 724 1762; x_wconf 88' lang='lat' dir='ltr'><strong>fimilia</strong></span> <span class='ocrx_word' id='word_1_282' title='bbox 748 1731 890 1771; x_wconf 88' lang='lat' dir='ltr'><strong>quaedam</strong></span> 
     </span>
     <span class='ocr_line' id='line_1_40' title="bbox 23 1771 890 1811; baseline 0.003 -9"><span class='ocrx_word' id='word_1_283' title='bbox 23 1778 111 1803; x_wconf 78' lang='lat' dir='ltr'><strong>antea</strong></span> <span class='ocrx_word' id='word_1_284' title='bbox 135 1771 168 1803; x_wconf 90' lang='lat' dir='ltr'><strong>in</strong></span> <span class='ocrx_word' id='word_1_285' title='bbox 193 1771 409 1811; x_wconf 83' lang='lat' dir='ltr'><strong>praeJ&#39;udiciutn</strong></span> <span class='ocrx_word' id='word_1_286' title='bbox 436 1771 589 1804; x_wconf 90' lang='lat' dir='ltr'><strong>Ordinum</strong></span> <span class='ocrx_word' id='word_1_287' title='bbox 616 1771 799 1804; x_wconf 84' lang='lat' dir='ltr'><strong>Hollandiae</strong></span> <span class='ocrx_word' id='word_1_288' title='bbox 823 1774 890 1805; x_wconf 64' lang='lat' dir='ltr'><strong>afta</strong></span> 
     </span>
     <span class='ocr_line' id='line_1_41' title="bbox 22 1812 888 1854; baseline 0.001 -9"><span class='ocrx_word' id='word_1_289' title='bbox 22 1821 110 1845; x_wconf 77' lang='lat' dir='ltr'><strong>erant</strong></span> <span class='ocrx_word' id='word_1_290' title='bbox 155 1812 234 1853; x_wconf 80' lang='lat'>15).</span> <span class='ocrx_word' id='word_1_291' title='bbox 267 1822 349 1846; x_wconf 88' lang='lat' dir='ltr'><strong>nunc</strong></span> <span class='ocrx_word' id='word_1_292' title='bbox 372 1813 504 1845; x_wconf 91' lang='lat' dir='ltr'><strong>omnino</strong></span> <span class='ocrx_word' id='word_1_293' title='bbox 519 1821 680 1854; x_wconf 81' lang='lat' dir='ltr'><strong>ageretur,</strong></span> <span class='ocrx_word' id='word_1_294' title='bbox 712 1812 769 1845; x_wconf 91' lang='lat' dir='ltr'><strong>soli</strong></span> <span class='ocrx_word' id='word_1_295' title='bbox 795 1814 888 1846; x_wconf 90' lang='lat' dir='ltr'><strong>Ordi-</strong></span> 
     </span>
     <span class='ocr_line' id='line_1_42' title="bbox 23 1853 888 1897; baseline 0.002 -11"><span class='ocrx_word' id='word_1_296' title='bbox 23 1862 95 1886; x_wconf 88' lang='lat' dir='ltr'><strong>num</strong></span> <span class='ocrx_word' id='word_1_297' title='bbox 149 1853 297 1885; x_wconf 81' lang='lat' dir='ltr'><strong>ollandiae</strong></span> <span class='ocrx_word' id='word_1_298' title='bbox 316 1853 460 1896; x_wconf 84' lang='lat' dir='ltr'><strong>Delegati</strong></span> <span class='ocrx_word' id='word_1_299' title='bbox 480 1855 599 1896; x_wconf 82' lang='lat' dir='ltr'><strong>Regem</strong></span> <span class='ocrx_word' id='word_1_300' title='bbox 617 1855 744 1897; x_wconf 90' lang='lat' dir='ltr'><strong>publice</strong></span> <span class='ocrx_word' id='word_1_301' title='bbox 761 1856 888 1897; x_wconf 88' lang='lat' dir='ltr'><strong>excipe-</strong></span> 
     </span>
     <span class='ocr_line' id='line_1_43' title="bbox 21 1894 887 1935; baseline 0.003 -7"><span class='ocrx_word' id='word_1_302' title='bbox 21 1903 92 1928; x_wconf 77' lang='lat' dir='ltr'><strong>rent</strong></span> <span class='ocrx_word' id='word_1_303' title='bbox 103 1917 113 1933; x_wconf 93' lang='lat'><strong>,</strong></span> <span class='ocrx_word' id='word_1_304' title='bbox 134 1895 165 1927; x_wconf 91' lang='lat' dir='ltr'><strong>in</strong></span> <span class='ocrx_word' id='word_1_305' title='bbox 182 1904 274 1935; x_wconf 87' lang='lat' dir='ltr'><strong>quam</strong></span> <span class='ocrx_word' id='word_1_306' title='bbox 290 1905 357 1928; x_wconf 88' lang='lat' dir='ltr'><strong>rem</strong></span> <span class='ocrx_word' id='word_1_307' title='bbox 375 1897 404 1927; x_wconf 72' lang='lat' dir='ltr'><strong>Gt</strong></span> <span class='ocrx_word' id='word_1_308' title='bbox 424 1896 559 1927; x_wconf 89' lang='lat' dir='ltr'><strong>Ordines</strong></span> <span class='ocrx_word' id='word_1_309' title='bbox 571 1894 742 1928; x_wconf 89' lang='lat' dir='ltr'><strong>Generales</strong></span> <span class='ocrx_word' id='word_1_310' title='bbox 759 1898 887 1931; x_wconf 88' lang='lat' dir='ltr'><strong>consen-</strong></span> 
     </span>
     <span class='ocr_line' id='line_1_44' title="bbox 22 1934 886 1980; baseline 0.001 -10"><span class='ocrx_word' id='word_1_311' title='bbox 22 1934 88 1970; x_wconf 83' lang='lat' dir='ltr'><strong>fiffe</strong></span> <span class='ocrx_word' id='word_1_312' title='bbox 105 1944 326 1968; x_wconf 85' lang='lat' dir='ltr'><strong>memorentur.</strong></span> <span class='ocrx_word' id='word_1_313' title='bbox 372 1936 512 1968; x_wconf 85' lang='lat' dir='ltr'><strong>Fortaffe</strong></span> <span class='ocrx_word' id='word_1_314' title='bbox 533 1945 637 1969; x_wconf 88' lang='lat' dir='ltr'><strong>tamen</strong></span> <span class='ocrx_word' id='word_1_315' title='bbox 661 1936 726 1976; x_wconf 89' lang='lat' dir='ltr'><strong>est,</strong></span> <span class='ocrx_word' id='word_1_316' title='bbox 750 1939 835 1980; x_wconf 91' lang='lat' dir='ltr'><strong>quod</strong></span> <span class='ocrx_word' id='word_1_317' title='bbox 855 1940 886 1971; x_wconf 72' lang='grc' dir='ltr'>ἀ</span> 
     </span>
     <span class='ocr_line' id='line_1_45' title="bbox 22 1976 887 2020; baseline 0.006 -12"><span class='ocrx_word' id='word_1_318' title='bbox 22 1985 82 2020; x_wconf 84' lang='lat' dir='ltr'><strong>pro</strong></span> <span class='ocrx_word' id='word_1_319' title='bbox 115 1976 287 2009; x_wconf 83' lang='lat' dir='ltr'><strong>Ordinibus</strong></span> <span class='ocrx_word' id='word_1_320' title='bbox 318 1976 524 2011; x_wconf 87' lang='lat' dir='ltr'><strong>Generalibus</strong></span> <span class='ocrx_word' id='word_1_321' title='bbox 550 1978 612 2010; x_wconf 90' lang='lat' dir='ltr'><strong>dici</strong></span> <span class='ocrx_word' id='word_1_322' title='bbox 640 1978 766 2020; x_wconf 83' lang='lat' dir='ltr'><strong>posset,</strong></span> <span class='ocrx_word' id='word_1_323' title='bbox 795 1981 887 2013; x_wconf 89' lang='lat' dir='ltr'><strong>nimi-</strong></span> 
     </span>
     <span class='ocr_line' id='line_1_46' title="bbox 21 2018 886 2061; baseline 0.003 -10"><span class='ocrx_word' id='word_1_324' title='bbox 21 2028 108 2057; x_wconf 87' lang='lat' dir='ltr'><strong>rum,</strong></span> <span class='ocrx_word' id='word_1_325' title='bbox 131 2028 227 2059; x_wconf 87' lang='lat' dir='ltr'><strong>quum</strong></span> <span class='ocrx_word' id='word_1_326' title='bbox 242 2018 345 2060; x_wconf 87' lang='lat' dir='ltr'><strong>agitur</strong></span> <span class='ocrx_word' id='word_1_327' title='bbox 363 2029 436 2051; x_wconf 90' lang='lat' dir='ltr'><strong>cum</strong></span> <span class='ocrx_word' id='word_1_328' title='bbox 449 2020 589 2052; x_wconf 86' lang='lat' dir='ltr'><strong>externis</strong></span> <span class='ocrx_word' id='word_1_329' title='bbox 614 2019 808 2061; x_wconf 86' lang='lat' dir='ltr'><strong>Principibus</strong></span> <span class='ocrx_word' id='word_1_330' title='bbox 833 2031 886 2053; x_wconf 84' lang='lat' dir='ltr'><strong>eo-</strong></span> 
     </span>
     <span class='ocr_line' id='line_1_47' title="bbox 20 2058 885 2103; baseline 0.003 -11"><span class='ocrx_word' id='word_1_331' title='bbox 20 2069 132 2092; x_wconf 86' lang='lat' dir='ltr'><strong>rumve</strong></span> <span class='ocrx_word' id='word_1_332' title='bbox 161 2058 306 2101; x_wconf 81' lang='lat' dir='ltr'><strong>Legatis,</strong></span> <span class='ocrx_word' id='word_1_333' title='bbox 330 2061 474 2102; x_wconf 88' lang='lat' dir='ltr'><strong>quamvis</strong></span> <span class='ocrx_word' id='word_1_334' title='bbox 504 2068 613 2103; x_wconf 83' lang='lat' dir='ltr'><strong>agatur</strong></span> <span class='ocrx_word' id='word_1_335' title='bbox 636 2061 668 2093; x_wconf 91' lang='lat' dir='ltr'><strong>in</strong></span> <span class='ocrx_word' id='word_1_336' title='bbox 693 2061 885 2103; x_wconf 89' lang='lat' dir='ltr'><strong>Hollandia,</strong></span> 
     </span>
     <span class='ocr_line' id='line_1_48' title="bbox 20 2099 884 2145; baseline 0.002 -12"><span class='ocrx_word' id='word_1_337' title='bbox 20 2099 140 2141; x_wconf 85' lang='lat' dir='ltr'><strong>semper</strong></span> <span class='ocrx_word' id='word_1_338' title='bbox 174 2110 277 2134; x_wconf 87' lang='lat' dir='ltr'><strong>tamen</strong></span> <span class='ocrx_word' id='word_1_339' title='bbox 309 2103 356 2144; x_wconf 87' lang='lat' dir='ltr'><strong>agi</strong></span> <span class='ocrx_word' id='word_1_340' title='bbox 391 2104 519 2135; x_wconf 88' lang='lat' dir='ltr'><strong>nomine</strong></span> <span class='ocrx_word' id='word_1_341' title='bbox 545 2102 645 2135; x_wconf 89' lang='lat' dir='ltr'><strong>totius</strong></span> <span class='ocrx_word' id='word_1_342' title='bbox 671 2103 884 2145; x_wconf 69' lang='lat' dir='ltr'><strong>Reipublicae,</strong></span> 
     </span>
     <span class='ocr_line' id='line_1_49' title="bbox 21 2143 884 2185; baseline 0.007 -13"><span class='ocrx_word' id='word_1_343' title='bbox 21 2151 88 2173; x_wconf 90' lang='lat' dir='ltr'><strong>non</strong></span> <span class='ocrx_word' id='word_1_344' title='bbox 100 2151 176 2173; x_wconf 83' lang='lat' dir='ltr'><strong>vero</strong></span> <span class='ocrx_word' id='word_1_345' title='bbox 190 2143 318 2175; x_wconf 85' lang='lat' dir='ltr'><strong>nornine</strong></span> <span class='ocrx_word' id='word_1_346' title='bbox 335 2144 466 2185; x_wconf 84' lang='lat' dir='ltr'><strong>alicujus</strong></span> <span class='ocrx_word' id='word_1_347' title='bbox 480 2144 576 2185; x_wconf 87' lang='lat' dir='ltr'><strong>partis</strong></span> <span class='ocrx_word' id='word_1_348' title='bbox 587 2167 597 2183; x_wconf 93' lang='lat'>‚</span> <span class='ocrx_word' id='word_1_349' title='bbox 621 2144 723 2185; x_wconf 82' lang='lat' dir='ltr'><strong>qualis</strong></span> <span class='ocrx_word' id='word_1_350' title='bbox 740 2144 786 2177; x_wconf 90' lang='lat' dir='ltr'><strong>est</strong></span> <span class='ocrx_word' id='word_1_351' title='bbox 802 2145 884 2178; x_wconf 92' lang='lat' dir='ltr'><strong>Hol-</strong></span> 
     </span>
     <span class='ocr_line' id='line_1_50' title="bbox 19 2183 883 2228; baseline 0.002 -12"><span class='ocrx_word' id='word_1_352' title='bbox 19 2183 133 2216; x_wconf 90' lang='lat' dir='ltr'><strong>landia.</strong></span> <span class='ocrx_word' id='word_1_353' title='bbox 177 2183 270 2223; x_wconf 91' lang='lat' dir='ltr'><strong>Seio,</strong></span> <span class='ocrx_word' id='word_1_354' title='bbox 294 2194 386 2217; x_wconf 81' lang='lat' dir='ltr'><strong>novae</strong></span> <span class='ocrx_word' id='word_1_355' title='bbox 405 2186 513 2218; x_wconf 89' lang='lat' dir='ltr'><strong>orandi</strong></span> <span class='ocrx_word' id='word_1_356' title='bbox 529 2185 694 2224; x_wconf 82' lang='lat' dir='ltr'><strong>formulae,</strong></span> <span class='ocrx_word' id='word_1_357' title='bbox 722 2195 770 2228; x_wconf 87' lang='lat'><strong>13.</strong></span> <span class='ocrx_word' id='word_1_358' title='bbox 782 2187 883 2219; x_wconf 86' lang='lat' dir='ltr'><strong>Mart.</strong></span> 
     </span>
     <span class='ocr_line' id='line_1_51' title="bbox 23 2222 883 2269; baseline 0.005 -14"><span class='ocrx_word' id='word_1_359' title='bbox 23 2227 116 2265; x_wconf 83' lang='lat'><strong>1663.</strong></span> <span class='ocrx_word' id='word_1_360' title='bbox 141 2222 344 2263; x_wconf 80' lang='lat' dir='ltr'><strong>constitutae,</strong></span> <span class='ocrx_word' id='word_1_361' title='bbox 366 2226 501 2258; x_wconf 84' lang='lat' dir='ltr'><strong>Ordines</strong></span> <span class='ocrx_word' id='word_1_362' title='bbox 513 2226 693 2258; x_wconf 87' lang='lat' dir='ltr'><strong>Hollandiae</strong></span> <span class='ocrx_word' id='word_1_363' title='bbox 710 2227 742 2259; x_wconf 88' lang='lat' dir='ltr'><strong>in</strong></span> <span class='ocrx_word' id='word_1_364' title='bbox 759 2227 883 2269; x_wconf 89' lang='lat' dir='ltr'><strong>Episto-</strong></span> 
     </span>
     <span class='ocr_line' id='line_1_52' title="bbox 20 2265 882 2311; baseline 0.005 -14"><span class='ocrx_word' id='word_1_365' title='bbox 20 2265 68 2302; x_wconf 88' lang='lat' dir='ltr'><strong>la,</strong></span> <span class='ocrx_word' id='word_1_366' title='bbox 81 2265 118 2296; x_wconf 87' lang='lat' dir='ltr'><strong>ad</strong></span> <span class='ocrx_word' id='word_1_367' title='bbox 135 2274 251 2296; x_wconf 84' lang='lat' dir='ltr'><strong>omnes·</strong></span> <span class='ocrx_word' id='word_1_368' title='bbox 263 2265 468 2306; x_wconf 81' lang='lat' dir='ltr'><strong>Magistratus</strong></span> <span class='ocrx_word' id='word_1_369' title='bbox 486 2267 598 2309; x_wconf 73' lang='lat' dir='ltr'><strong>scripta</strong></span> <span class='ocrx_word' id='word_1_370' title='bbox 616 2268 775 2300; x_wconf 86' lang='lat' dir='ltr'><strong>21.Mart.</strong></span> <span class='ocrx_word' id='word_1_371' title='bbox 792 2272 882 2311; x_wconf 84' lang='lat'><strong>1663.</strong></span> 
     </span>
     <span class='ocr_line' id='line_1_53' title="bbox 19 2305 883 2382; baseline 0.007 -46"><span class='ocrx_word' id='word_1_372' title='bbox 19 2305 100 2382; x_wconf 50' lang='lat'>516)</span> <span class='ocrx_word' id='word_1_373' title='bbox 124 2306 202 2337; x_wconf 75' lang='lat' dir='ltr'><strong>lianc</strong></span> <span class='ocrx_word' id='word_1_374' title='bbox 224 2316 348 2348; x_wconf 82' lang='lat' dir='ltr'><strong>quoque</strong></span> <span class='ocrx_word' id='word_1_375' title='bbox 368 2309 521 2340; x_wconf 87' lang='lat' dir='ltr'><strong>rationem</strong></span> <span class='ocrx_word' id='word_1_376' title='bbox 548 2307 697 2348; x_wconf 88' lang='lat' dir='ltr'><strong>reddere,</strong></span> <span class='ocrx_word' id='word_1_377' title='bbox 726 2310 810 2351; x_wconf 89' lang='lat' dir='ltr'><strong>quod</strong></span> <span class='ocrx_word' id='word_1_378' title='bbox 832 2312 883 2342; x_wconf 85' lang='lat' dir='ltr'><strong>ab·</strong></span> 
     </span>
     <span class='ocr_line' id='line_1_54' title="bbox 33 2347 881 2392; baseline 0.006 -14"><span class='ocrx_word' id='word_1_379' title='bbox 33 2348 141 2383; x_wconf 86' lang='lat' dir='ltr'><strong>urdum</strong></span> <span class='ocrx_word' id='word_1_380' title='bbox 164 2347 200 2379; x_wconf 75' lang='lat' dir='ltr'><strong>sit</strong></span> <span class='ocrx_word' id='word_1_381' title='bbox 224 2349 253 2379; x_wconf 78' lang='lat' dir='ltr'><strong>in</strong></span> <span class='ocrx_word' id='word_1_382' title='bbox 276 2350 401 2390; x_wconf 87' lang='lat' dir='ltr'><strong>antiqua</strong></span> <span class='ocrx_word' id='word_1_383' title='bbox 425 2348 580 2390; x_wconf 74' lang='lat' dir='ltr'><strong>formula,</strong></span> <span class='ocrx_word' id='word_1_384' title='bbox 604 2351 691 2391; x_wconf 80' lang='lat' dir='ltr'><strong>prius</strong></span> <span class='ocrx_word' id='word_1_385' title='bbox 715 2352 797 2384; x_wconf 82' lang='lat' dir='ltr'><strong>orari</strong></span> <span class='ocrx_word' id='word_1_386' title='bbox 823 2361 881 2392; x_wconf 85' lang='lat' dir='ltr'><strong>pro</strong></span> 
     </span>
     <span class='ocr_line' id='line_1_55' title="bbox 21 2387 879 2432; baseline 0.003 -11"><span class='ocrx_word' id='word_1_387' title='bbox 21 2387 189 2421; x_wconf 80' lang='lat' dir='ltr'><strong>Ordinibus</strong></span> <span class='ocrx_word' id='word_1_388' title='bbox 215 2388 438 2429; x_wconf 83' lang='lat' dir='ltr'><strong>Generalibus.</strong></span> <span class='ocrx_word' id='word_1_389' title='bbox 471 2399 565 2432; x_wconf 82' lang='lat' dir='ltr'><strong>atque</strong></span> <span class='ocrx_word' id='word_1_390' title='bbox 582 2392 626 2423; x_wconf 89' lang='lat' dir='ltr'><strong>ita</strong></span> <span class='ocrx_word' id='word_1_391' title='bbox 644 2391 702 2430; x_wconf 86' lang='lat' dir='ltr'><strong>iis,</strong></span> <span class='ocrx_word' id='word_1_392' title='bbox 723 2401 787 2424; x_wconf 86' lang='lat' dir='ltr'><strong>non</strong></span> <span class='ocrx_word' id='word_1_393' title='bbox 804 2392 879 2431; x_wconf 84' lang='lat' dir='ltr'><strong>fibi,</strong></span> 
     </span>
     <span class='ocr_line' id='line_1_56' title="bbox 20 2429 879 2473; baseline 0.007 -13"><span class='ocrx_word' id='word_1_394' title='bbox 20 2429 131 2471; x_wconf 81' lang='lat' dir='ltr'><strong>primas</strong></span> <span class='ocrx_word' id='word_1_395' title='bbox 156 2430 219 2461; x_wconf 88' lang='lat' dir='ltr'><strong>dari</strong></span> <span class='ocrx_word' id='word_1_396' title='bbox 250 2430 282 2462; x_wconf 90' lang='lat' dir='ltr'><strong>in</strong></span> <span class='ocrx_word' id='word_1_397' title='bbox 307 2430 361 2463; x_wconf 87' lang='lat' dir='ltr'><strong>suo</strong></span> <span class='ocrx_word' id='word_1_398' title='bbox 388 2431 534 2472; x_wconf 87' lang='lat' dir='ltr'><strong>Imperio.</strong></span> <span class='ocrx_word' id='word_1_399' title='bbox 587 2432 738 2473; x_wconf 82' lang='lat' dir='ltr'><strong>Optime,</strong></span> <span class='ocrx_word' id='word_1_400' title='bbox 768 2432 821 2466; x_wconf 84' lang='lat' dir='ltr'><strong>sed</strong></span> <span class='ocrx_word' id='word_1_401' title='bbox 846 2433 879 2466; x_wconf 89' lang='lat' dir='ltr'><strong>in</strong></span> 
     </span>
     <span class='ocr_line' id='line_1_57' title="bbox 19 2470 882 2518; baseline 0.009 -17"><span class='ocrx_word' id='word_1_402' title='bbox 19 2470 162 2518; x_wconf 78' lang='lat' dir='ltr'><strong>precibus</strong></span> <span class='ocrx_word' id='word_1_403' title='bbox 179 2471 311 2512; x_wconf 82' lang='lat' dir='ltr'><strong>publicis</strong></span> <span class='ocrx_word' id='word_1_404' title='bbox 327 2473 444 2513; x_wconf 81' lang='lat' dir='ltr'><strong>agimus</strong></span> <span class='ocrx_word' id='word_1_405' title='bbox 458 2482 531 2505; x_wconf 89' lang='lat' dir='ltr'><strong>cum</strong></span> <span class='ocrx_word' id='word_1_406' title='bbox 548 2472 621 2504; x_wconf 92' lang='lat' dir='ltr'><strong>Deo</strong></span> <span class='ocrx_word' id='word_1_407' title='bbox 646 2481 693 2504; x_wconf 86' lang='lat' dir='ltr'><strong>ter</strong></span> <span class='ocrx_word' id='word_1_408' title='bbox 712 2474 752 2505; x_wconf 92' lang='lat' dir='ltr'><strong>O.</strong></span> <span class='ocrx_word' id='word_1_409' title='bbox 776 2473 826 2506; x_wconf 86' lang='lat' dir='ltr'><strong>M.</strong></span> <span class='ocrx_word' id='word_1_410' title='bbox 851 2476 882 2509; x_wconf 87' lang='lat'>&amp;</span> 
     </span>
     <span class='ocr_line' id='line_1_58' title="bbox 21 2512 884 2555; baseline 0.006 -12"><span class='ocrx_word' id='word_1_411' title='bbox 21 2521 47 2544; x_wconf 76' lang='lat' dir='ltr'><strong>is</strong></span> <span class='ocrx_word' id='word_1_412' title='bbox 74 2512 105 2543; x_wconf 92' lang='lat' dir='ltr'><strong>in</strong></span> <span class='ocrx_word' id='word_1_413' title='bbox 129 2512 238 2553; x_wconf 89' lang='lat' dir='ltr'><strong>primis</strong></span> <span class='ocrx_word' id='word_1_414' title='bbox 269 2513 324 2554; x_wconf 79' lang='lat' dir='ltr'><strong>ipsi</strong></span> <span class='ocrx_word' id='word_1_415' title='bbox 352 2514 491 2555; x_wconf 88' lang='lat' dir='ltr'><strong>Principi</strong></span> <span class='ocrx_word' id='word_1_416' title='bbox 518 2513 564 2546; x_wconf 88' lang='lat' dir='ltr'><strong>est</strong></span> <span class='ocrx_word' id='word_1_417' title='bbox 590 2514 825 2554; x_wconf 81' lang='lat' dir='ltr'><strong>conciliandus,</strong></span> <span class='ocrx_word' id='word_1_418' title='bbox 850 2517 884 2548; x_wconf 86' lang='lat'>&amp;</span> 
     </span>
     <span class='ocr_line' id='line_1_59' title="bbox 20 2551 880 2597; baseline 0.002 -11"><span class='ocrx_word' id='word_1_419' title='bbox 20 2551 155 2586; x_wconf 87' lang='lat' dir='ltr'><strong>subditos</strong></span> <span class='ocrx_word' id='word_1_420' title='bbox 174 2553 250 2586; x_wconf 89' lang='lat' dir='ltr'><strong>scire</strong></span> <span class='ocrx_word' id='word_1_421' title='bbox 272 2562 423 2594; x_wconf 83' lang='lat' dir='ltr'><strong>oportet,</strong></span> <span class='ocrx_word' id='word_1_422' title='bbox 452 2557 560 2596; x_wconf 80' lang='lat' dir='ltr'><strong>ecquis</strong></span> <span class='ocrx_word' id='word_1_423' title='bbox 586 2555 623 2588; x_wconf 87' lang='lat' dir='ltr'><strong>fit</strong></span> <span class='ocrx_word' id='word_1_424' title='bbox 645 2555 699 2587; x_wconf 91' lang='lat' dir='ltr'><strong>ille</strong></span> <span class='ocrx_word' id='word_1_425' title='bbox 721 2555 880 2597; x_wconf 87' lang='lat' dir='ltr'><strong>Princeps.</strong></span> 
     </span>
     <span class='ocr_line' id='line_1_60' title="bbox 20 2589 879 2637; baseline 0.005 -12"><span class='ocrx_word' id='word_1_426' title='bbox 20 2589 101 2626; x_wconf 85' lang='lat' dir='ltr'><strong>Cum</strong></span> <span class='ocrx_word' id='word_1_427' title='bbox 117 2603 222 2626; x_wconf 90' lang='lat' dir='ltr'><strong>autem</strong></span> <span class='ocrx_word' id='word_1_428' title='bbox 237 2595 405 2627; x_wconf 87' lang='lat' dir='ltr'><strong>adventurn</strong></span> <span class='ocrx_word' id='word_1_429' title='bbox 423 2598 615 2637; x_wconf 80' lang='lat' dir='ltr'><strong>gratulamur</strong></span> <span class='ocrx_word' id='word_1_430' title='bbox 633 2604 767 2628; x_wconf 83' lang='lat' dir='ltr'><strong>externo</strong></span> <span class='ocrx_word' id='word_1_431' title='bbox 793 2597 879 2630; x_wconf 88' lang='lat' dir='ltr'><strong>Prin-</strong></span> 
     </span>
     <span class='ocr_line' id='line_1_61' title="bbox 21 2635 880 2679; baseline 0.005 -13"><span class='ocrx_word' id='word_1_432' title='bbox 21 2635 99 2677; x_wconf 74' lang='lat' dir='ltr'><strong>cipi,</strong></span> <span class='ocrx_word' id='word_1_433' title='bbox 132 2645 286 2676; x_wconf 87' lang='lat' dir='ltr'><strong>oportet,</strong></span> <span class='ocrx_word' id='word_1_434' title='bbox 319 2645 353 2667; x_wconf 89' lang='lat' dir='ltr'><strong>ut</strong></span> <span class='ocrx_word' id='word_1_435' title='bbox 377 2645 446 2668; x_wconf 89' lang='lat' dir='ltr'><strong>tota</strong></span> <span class='ocrx_word' id='word_1_436' title='bbox 469 2637 656 2679; x_wconf 85' lang='lat' dir='ltr'><strong>Respublica</strong></span> <span class='ocrx_word' id='word_1_437' title='bbox 682 2638 880 2679; x_wconf 84' lang='lat' dir='ltr'><strong>gratuletur,</strong></span> 
     </span>
     <span class='ocr_line' id='line_1_62' title="bbox 21 2677 880 2720; baseline 0.005 -13"><span class='ocrx_word' id='word_1_438' title='bbox 21 2683 111 2718; x_wconf 75' lang='lat' dir='ltr'><strong>atque</strong></span> <span class='ocrx_word' id='word_1_439' title='bbox 131 2677 173 2707; x_wconf 87' lang='lat' dir='ltr'><strong>ita</strong></span> <span class='ocrx_word' id='word_1_440' title='bbox 189 2677 297 2717; x_wconf 80' lang='lat' dir='ltr'><strong>primae</strong></span> <span class='ocrx_word' id='word_1_441' title='bbox 318 2678 465 2716; x_wconf 77' lang='lat' dir='ltr'><strong>videntur</strong></span> <span class='ocrx_word' id='word_1_442' title='bbox 482 2679 590 2710; x_wconf 79' lang='lat' dir='ltr'><strong>dandae</strong></span> <span class='ocrx_word' id='word_1_443' title='bbox 610 2679 667 2717; x_wconf 90' lang='lat' dir='ltr'><strong>iis,</strong></span> <span class='ocrx_word' id='word_1_444' title='bbox 700 2680 754 2720; x_wconf 84' lang='lat' dir='ltr'><strong>qui</strong></span> <span class='ocrx_word' id='word_1_445' title='bbox 779 2688 880 2711; x_wconf 86' lang='lat' dir='ltr'><strong>totam</strong></span> 
     </span>
     <span class='ocr_line' id='line_1_63' title="bbox 21 2715 878 2761; baseline 0.005 -12"><span class='ocrx_word' id='word_1_446' title='bbox 21 2715 257 2758; x_wconf 83' lang='lat' dir='ltr'><strong>Rempublieam</strong></span> <span class='ocrx_word' id='word_1_447' title='bbox 275 2718 520 2759; x_wconf 77' lang='lat' dir='ltr'><strong>repraesentant,</strong></span> <span class='ocrx_word' id='word_1_448' title='bbox 542 2721 604 2752; x_wconf 80' lang='lat' dir='ltr'><strong>fine</strong></span> <span class='ocrx_word' id='word_1_449' title='bbox 626 2720 766 2761; x_wconf 66' lang='lat' dir='ltr'><strong>respectu</strong></span> <span class='ocrx_word' id='word_1_450' title='bbox 783 2721 878 2753; x_wconf 88' lang='lat' dir='ltr'><strong>alicu-</strong></span> 
     </span>
     <span class='ocr_line' id='line_1_64' title="bbox 18 2757 878 2802; baseline 0.001 -10"><span class='ocrx_word' id='word_1_451' title='bbox 18 2757 65 2799; x_wconf 81' lang='lat' dir='ltr'><strong>ius</strong></span> <span class='ocrx_word' id='word_1_452' title='bbox 80 2758 242 2789; x_wconf 89' lang='lat' dir='ltr'><strong>territorii.</strong></span> <span class='ocrx_word' id='word_1_453' title='bbox 286 2758 381 2790; x_wconf 86' lang='lat' dir='ltr'><strong>Forte</strong></span> <span class='ocrx_word' id='word_1_454' title='bbox 399 2761 510 2792; x_wconf 91' lang='lat' dir='ltr'><strong>melius</strong></span> <span class='ocrx_word' id='word_1_455' title='bbox 532 2760 686 2793; x_wconf 87' lang='lat' dir='ltr'><strong>Hollandi</strong></span> <span class='ocrx_word' id='word_1_456' title='bbox 710 2772 727 2793; x_wconf 90' lang='lat' dir='ltr'><strong>a</strong></span> <span class='ocrx_word' id='word_1_457' title='bbox 745 2763 878 2802; x_wconf 85' lang='lat' dir='ltr'><strong>gratula-</strong></span> 
     </span>
     <span class='ocr_line' id='line_1_65' title="bbox 20 2798 879 2845; baseline 0.006 -15"><span class='ocrx_word' id='word_1_458' title='bbox 20 2799 104 2831; x_wconf 84' lang='lat' dir='ltr'><strong>tione</strong></span> <span class='ocrx_word' id='word_1_459' title='bbox 126 2800 221 2840; x_wconf 81' lang='lat' dir='ltr'><strong>Regis</strong></span> <span class='ocrx_word' id='word_1_460' title='bbox 245 2798 458 2833; x_wconf 82' lang='lat' dir='ltr'><strong>abstinuiss&#39;ent</strong></span> <span class='ocrx_word' id='word_1_461' title='bbox 472 2824 484 2840; x_wconf 89' lang='lat'><strong>,</strong></span> <span class='ocrx_word' id='word_1_462' title='bbox 515 2803 545 2835; x_wconf 73' lang='grc' dir='ltr'>ἀ</span> <span class='ocrx_word' id='word_1_463' title='bbox 577 2812 646 2834; x_wconf 88' lang='lat' dir='ltr'><strong>eam</strong></span> <span class='ocrx_word' id='word_1_464' title='bbox 673 2802 879 2845; x_wconf 79' lang='lat' dir='ltr'><strong>permifissent</strong></span> 
     </span>
    </p>
   </div>
   <div class='ocr_carea' id='block_1_3' title="bbox 18 2920 881 3294">
    <p class='ocr_par' dir='ltr' id='par_1_3' title="bbox 55 2920 711 2961">
     <span class='ocr_line' id='line_1_66' title="bbox 55 2920 711 2961; baseline 0.008 -12"><span class='ocrx_word' id='word_1_465' title='bbox 55 2920 132 2958; x_wconf 83' lang='lat'><strong>(13)</strong></span> <span class='ocrx_word' id='word_1_466' title='bbox 152 2920 325 2959; x_wconf 80' lang='lat' dir='ltr'><strong>Hollandscbe</strong></span> <span class='ocrx_word' id='word_1_467' title='bbox 340 2921 496 2950; x_wconf 74' lang='lat' dir='ltr'><strong>Mercurius</strong></span> <span class='ocrx_word' id='word_1_468' title='bbox 513 2927 595 2953; x_wconf 88' lang='lat'>1666.</span> <span class='ocrx_word' id='word_1_469' title='bbox 614 2933 642 2961; x_wconf 87' lang='lat' dir='ltr'><strong>p.</strong></span> <span class='ocrx_word' id='word_1_470' title='bbox 664 2932 711 2960; x_wconf 83' lang='lat'><strong>33.</strong></span> 
     </span>
    </p>

    <p class='ocr_par' dir='ltr' id='par_1_4' title="bbox 18 2958 878 3078">
     <span class='ocr_line' id='line_1_67' title="bbox 55 2958 878 3000; baseline 0.007 -13"><span class='ocrx_word' id='word_1_471' title='bbox 55 2958 134 2995; x_wconf 81' lang='lat'>(14)</span> <span class='ocrx_word' id='word_1_472' title='bbox 153 2959 300 2997; x_wconf 77' lang='lat' dir='ltr'><strong>Resoluzien</strong></span> <span class='ocrx_word' id='word_1_473' title='bbox 315 2969 368 2989; x_wconf 85' lang='lat' dir='ltr'><strong>van</strong></span> <span class='ocrx_word' id='word_1_474' title='bbox 387 2960 558 2998; x_wconf 79' lang='lat' dir='ltr'><strong>Confideratie</strong></span> <span class='ocrx_word' id='word_1_475' title='bbox 578 2968 621 2990; x_wconf 79' lang='lat' dir='ltr'><strong>ten</strong></span> <span class='ocrx_word' id='word_1_476' title='bbox 635 2963 693 3000; x_wconf 78' lang='lat' dir='ltr'><strong>tyde</strong></span> <span class='ocrx_word' id='word_1_477' title='bbox 708 2972 762 2992; x_wconf 78' lang='lat' dir='ltr'><strong>van</strong></span> <span class='ocrx_word' id='word_1_478' title='bbox 776 2963 807 2992; x_wconf 85' lang='lat' dir='ltr'><strong>de</strong></span> <span class='ocrx_word' id='word_1_479' title='bbox 820 2964 878 2993; x_wconf 66' lang='lat' dir='ltr'><em>ch</em></span> 
     </span>
     <span class='ocr_line' id='line_1_68' title="bbox 18 2997 876 3078; baseline 0.01 -17"><span class='ocrx_word' id='word_1_480' title='bbox 18 3003 135 3070; x_wconf 50' lang='grc' dir='ltr'><strong>Ρ’(41959)</strong></span> <span class='ocrx_word' id='word_1_481' title='bbox 153 2997 270 3063; x_wconf 50' lang='grc' dir='ltr'><strong>ἔξὶἓὲοίῆ</strong></span> <span class='ocrx_word' id='word_1_482' title='bbox 288 3037 360 3064; x_wconf 81' lang='lat' dir='ltr'><strong>hanc</strong></span> <span class='ocrx_word' id='word_1_483' title='bbox 376 3045 432 3065; x_wconf 85' lang='lat' dir='ltr'><strong>rem</strong></span> <span class='ocrx_word' id='word_1_484' title='bbox 451 3037 577 3066; x_wconf 84' lang='lat' dir='ltr'><strong>Aitzema</strong></span> <span class='ocrx_word' id='word_1_485' title='bbox 592 3038 626 3067; x_wconf 91' lang='lat' dir='ltr'><strong>L.</strong></span> <span class='ocrx_word' id='word_1_486' title='bbox 638 3039 743 3068; x_wconf 85' lang='lat' dir='ltr'><strong>XLIII.</strong></span> <span class='ocrx_word' id='word_1_487' title='bbox 761 3049 788 3078; x_wconf 90' lang='lat' dir='ltr'><strong>p.</strong></span> <span class='ocrx_word' id='word_1_488' title='bbox 809 3045 876 3074; x_wconf 83' lang='lat'><strong>629.</strong></span> 
     </span>
    </p>

    <p class='ocr_par' dir='ltr' id='par_1_5' title="bbox 18 3072 879 3212">
     <span class='ocr_line' id='line_1_69' title="bbox 59 3072 878 3114; baseline 0.01 -14"><span class='ocrx_word' id='word_1_489' title='bbox 59 3074 136 3107; x_wconf 88' lang='lat'>(16)</span> <span class='ocrx_word' id='word_1_490' title='bbox 158 3072 306 3110; x_wconf 79' lang='lat' dir='ltr'><strong>Resolutien</strong></span> <span class='ocrx_word' id='word_1_491' title='bbox 319 3084 373 3103; x_wconf 70' lang='lat' dir='ltr'><strong>van</strong></span> <span class='ocrx_word' id='word_1_492' title='bbox 388 3074 559 3112; x_wconf 78' lang='lat' dir='ltr'><strong>Confideratie</strong></span> <span class='ocrx_word' id='word_1_493' title='bbox 575 3082 618 3105; x_wconf 78' lang='lat' dir='ltr'><strong>ten</strong></span> <span class='ocrx_word' id='word_1_494' title='bbox 631 3078 689 3114; x_wconf 72' lang='lat' dir='ltr'><strong>tyde</strong></span> <span class='ocrx_word' id='word_1_495' title='bbox 703 3086 757 3106; x_wconf 81' lang='lat' dir='ltr'><strong>van</strong></span> <span class='ocrx_word' id='word_1_496' title='bbox 774 3080 804 3108; x_wconf 82' lang='lat' dir='ltr'><strong>de</strong></span> <span class='ocrx_word' id='word_1_497' title='bbox 819 3080 878 3107; x_wconf 75' lang='lat' dir='ltr'><strong>Wit</strong></span> 
     </span>
     <span class='ocr_line' id='line_1_70' title="bbox 18 3114 879 3212; baseline 0.009 -37"><span class='ocrx_word' id='word_1_498' title='bbox 18 3114 135 3212; x_wconf 58' lang='grc' dir='ltr'><strong>Ξὲῑῐὸγο)</strong></span> <span class='ocrx_word' id='word_1_499' title='bbox 154 3148 236 3184; x_wconf 79' lang='lat' dir='ltr'><strong>Apud</strong></span> <span class='ocrx_word' id='word_1_500' title='bbox 265 3149 430 3179; x_wconf 87' lang='lat' dir='ltr'><strong>Zoucheum</strong></span> <span class='ocrx_word' id='word_1_501' title='bbox 455 3151 485 3179; x_wconf 84' lang='lat' dir='ltr'><strong>de</strong></span> <span class='ocrx_word' id='word_1_502' title='bbox 511 3150 585 3189; x_wconf 84' lang='lat' dir='ltr'><strong>Jure</strong></span> <span class='ocrx_word' id='word_1_503' title='bbox 612 3152 712 3181; x_wconf 83' lang='lat' dir='ltr'><strong>Feciali</strong></span> <span class='ocrx_word' id='word_1_504' title='bbox 736 3154 811 3183; x_wconf 71' lang='lat' dir='ltr'><strong>Part.</strong></span> <span class='ocrx_word' id='word_1_505' title='bbox 840 3155 879 3184; x_wconf 91' lang='lat'><strong>11.</strong></span> 
     </span>
    </p>

    <p class='ocr_par' dir='ltr' id='par_1_6' title="bbox 32 3186 881 3294">
     <span class='ocr_line' id='line_1_71' title="bbox 53 3186 881 3293; baseline 0.008 -42"><span class='ocrx_word' id='word_1_506' title='bbox 53 3194 138 3291; x_wconf 58' lang='lat' dir='ltr'><strong>(11&#39;s23&#39;</strong></span> <span class='ocrx_word' id='word_1_507' title='bbox 152 3186 286 3293; x_wconf 39' lang='grc' dir='ltr'><strong>κῗίἑηχὲὲι</strong></span> <span class='ocrx_word' id='word_1_508' title='bbox 306 3227 408 3256; x_wconf 87' lang='lat' dir='ltr'><strong>Hoeve</strong></span> <span class='ocrx_word' id='word_1_509' title='bbox 431 3227 570 3266; x_wconf 77' lang='lat' dir='ltr'><strong>Handvest</strong></span> <span class='ocrx_word' id='word_1_510' title='bbox 592 3227 707 3266; x_wconf 69' lang='lat' dir='ltr'><strong>Chvonyk</strong></span> <span class='ocrx_word' id='word_1_511' title='bbox 729 3228 764 3257; x_wconf 82' lang='lat' dir='ltr'><strong>z..</strong></span> <span class='ocrx_word' id='word_1_512' title='bbox 793 3230 816 3258; x_wconf 92' lang='lat'><strong>1.</strong></span> <span class='ocrx_word' id='word_1_513' title='bbox 847 3230 881 3258; x_wconf 89' lang='lat' dir='ltr'><strong>c.</strong></span> 
     </span>
     <span class='ocr_line' id='line_1_72' title="bbox 32 3271 204 3294; baseline 0.023 -4"><span class='ocrx_word' id='word_1_514' title='bbox 32 3279 34 3281; x_wconf 38' lang='lat' dir='ltr'>v</span> <span class='ocrx_word' id='word_1_515' title='bbox 89 3271 141 3293; x_wconf 80' lang='grc' dir='ltr'><em>οηι.</em></span> <span class='ocrx_word' id='word_1_516' title='bbox 196 3286 204 3294; x_wconf 90' lang='grc'><strong>.</strong></span> 
     </span>
    </p>
   </div>
   <div class='ocr_carea' id='block_1_4' title="bbox 823 123 1168 171">
    <p class='ocr_par' dir='ltr' id='par_1_7' title="bbox 823 123 1168 171">
     <span class='ocr_line' id='line_1_73' title="bbox 823 123 1168 171; baseline 0.012 -12"><span class='ocrx_word' id='word_1_517' title='bbox 823 123 1168 171; x_wconf 84' lang='lat' dir='ltr'><strong>PUBLICI,</strong></span> 
     </span>
    </p>
   </div>
   <div class='ocr_carea' id='block_1_5' title="bbox 1223 125 1612 173">
    <p class='ocr_par' dir='ltr' id='par_1_8' title="bbox 1223 125 1612 173">
     <span class='ocr_line' id='line_1_74' title="bbox 1223 125 1612 173; baseline 0.023 -9"><span class='ocrx_word' id='word_1_518' title='bbox 1223 125 1321 165; x_wconf 82' lang='lat' dir='ltr'><strong>LIB.</strong></span> <span class='ocrx_word' id='word_1_519' title='bbox 1353 131 1394 166; x_wconf 86' lang='lat' dir='ltr'><strong>ll.</strong></span> <span class='ocrx_word' id='word_1_520' title='bbox 1430 133 1466 168; x_wconf 81' lang='lat' dir='ltr'><strong>C.</strong></span> <span class='ocrx_word' id='word_1_521' title='bbox 1498 136 1612 173; x_wconf 72' lang='lat' dir='ltr'><strong>XXV.</strong></span> 
     </span>
    </p>
   </div>
   <div class='ocr_carea' id='block_1_6' title="bbox 920 205 1810 2881">
    <p class='ocr_par' dir='ltr' id='par_1_9' title="bbox 942 205 1810 541">
     <span class='ocr_line' id='line_1_75' title="bbox 945 205 1804 258; baseline 0.01 -19"><span class='ocrx_word' id='word_1_522' title='bbox 945 205 1018 239; x_wconf 79' lang='lat' dir='ltr'><strong>solis</strong></span> <span class='ocrx_word' id='word_1_523' title='bbox 1042 207 1213 239; x_wconf 81' lang='lat' dir='ltr'><strong>Ordinibus</strong></span> <span class='ocrx_word' id='word_1_524' title='bbox 1240 208 1452 243; x_wconf 79' lang='lat' dir='ltr'><strong>Generalibus.</strong></span> <span class='ocrx_word' id='word_1_525' title='bbox 1513 214 1592 247; x_wconf 85' lang='lat' dir='ltr'><strong>Cum</strong></span> <span class='ocrx_word' id='word_1_526' title='bbox 1620 217 1727 258; x_wconf 71' lang='lat' dir='ltr'><strong>Legati</strong></span> <span class='ocrx_word' id='word_1_527' title='bbox 1755 228 1804 249; x_wconf 32' lang='lat' dir='ltr'><strong>cr*</strong></span> 
     </span>
     <span class='ocr_line' id='line_1_76' title="bbox 945 250 1809 292; baseline 0.015 -14"><span class='ocrx_word' id='word_1_528' title='bbox 945 255 1103 280; x_wconf 85' lang='lat' dir='ltr'><strong>ternorum</strong></span> <span class='ocrx_word' id='word_1_529' title='bbox 1138 250 1315 291; x_wconf 76' lang='lat' dir='ltr'><strong>Principum</strong></span> <span class='ocrx_word' id='word_1_530' title='bbox 1349 251 1466 292; x_wconf 68' lang='lat' dir='ltr'><strong>{lugam</strong></span> <span class='ocrx_word' id='word_1_531' title='bbox 1496 255 1683 290; x_wconf 76' lang='lat' dir='ltr'><strong>Batavorum</strong></span> <span class='ocrx_word' id='word_1_532' title='bbox 1721 260 1809 290; x_wconf 65' lang='lat' dir='ltr'><strong>adre-</strong></span> 
     </span>
     <span class='ocr_line' id='line_1_77' title="bbox 945 289 1808 332; baseline 0.012 -13"><span class='ocrx_word' id='word_1_533' title='bbox 945 289 1057 327; x_wconf 86' lang='lat' dir='ltr'><strong>niunt,</strong></span> <span class='ocrx_word' id='word_1_534' title='bbox 1082 291 1241 330; x_wconf 84' lang='lat' dir='ltr'><strong>patiuntur</strong></span> <span class='ocrx_word' id='word_1_535' title='bbox 1260 291 1430 332; x_wconf 78' lang='lat' dir='ltr'><strong>Hollandi,</strong></span> <span class='ocrx_word' id='word_1_536' title='bbox 1457 296 1540 326; x_wconf 86' lang='lat' dir='ltr'><strong>utin</strong></span> <span class='ocrx_word' id='word_1_537' title='bbox 1567 296 1620 328; x_wconf 85' lang='lat' dir='ltr'><strong>suo</strong></span> <span class='ocrx_word' id='word_1_538' title='bbox 1647 301 1808 331; x_wconf 73' lang='lat' dir='ltr'><strong>territorio</strong></span> 
     </span>
     <span class='ocr_line' id='line_1_78' title="bbox 946 329 1810 380; baseline 0.012 -19"><span class='ocrx_word' id='word_1_539' title='bbox 946 339 962 361; x_wconf 88' lang='lat' dir='ltr'><strong>a</strong></span> <span class='ocrx_word' id='word_1_540' title='bbox 986 329 1058 362; x_wconf 89' lang='lat' dir='ltr'><strong>solis</strong></span> <span class='ocrx_word' id='word_1_541' title='bbox 1082 331 1236 364; x_wconf 87' lang='lat' dir='ltr'><strong>Ordinuin</strong></span> <span class='ocrx_word' id='word_1_542' title='bbox 1262 332 1463 366; x_wconf 82' lang='lat' dir='ltr'><strong>Gener-alium</strong></span> <span class='ocrx_word' id='word_1_543' title='bbox 1494 335 1655 377; x_wconf 70' lang='lat' dir='ltr'><strong>Delegatis</strong></span> <span class='ocrx_word' id='word_1_544' title='bbox 1683 341 1810 380; x_wconf 68' lang='lat' dir='ltr'><strong>publice</strong></span> 
     </span>
     <span class='ocr_line' id='line_1_79' title="bbox 946 371 1808 412; baseline 0.012 -10"><span class='ocrx_word' id='word_1_545' title='bbox 946 371 1155 412; x_wconf 82' lang='lat' dir='ltr'><strong>recipiantur,</strong></span> <span class='ocrx_word' id='word_1_546' title='bbox 1179 383 1238 405; x_wconf 89' lang='lat' dir='ltr'><strong>nce</strong></span> <span class='ocrx_word' id='word_1_547' title='bbox 1263 374 1346 406; x_wconf 84' lang='lat' dir='ltr'><strong>aliud</strong></span> <span class='ocrx_word' id='word_1_548' title='bbox 1369 376 1443 407; x_wconf 84' lang='lat' dir='ltr'><strong>milii</strong></span> <span class='ocrx_word' id='word_1_549' title='bbox 1470 377 1597 408; x_wconf 85' lang='lat' dir='ltr'><strong>videtui·</strong></span> <span class='ocrx_word' id='word_1_550' title='bbox 1617 380 1677 410; x_wconf 69' lang='lat' dir='ltr'><strong>else</strong></span> <span class='ocrx_word' id='word_1_551' title='bbox 1706 381 1808 412; x_wconf 77' lang='lat' dir='ltr'><strong>obser-</strong></span> 
     </span>
     <span class='ocr_line' id='line_1_80' title="bbox 946 413 1806 456; baseline 0.009 -12"><span class='ocrx_word' id='word_1_552' title='bbox 946 413 1080 444; x_wconf 80' lang='lat' dir='ltr'><strong>vandum</strong></span> <span class='ocrx_word' id='word_1_553' title='bbox 1099 413 1127 445; x_wconf 93' lang='lat' dir='ltr'><strong>in</strong></span> <span class='ocrx_word' id='word_1_554' title='bbox 1148 415 1217 454; x_wconf 81' lang='lat' dir='ltr'><strong>ipsis</strong></span> <span class='ocrx_word' id='word_1_555' title='bbox 1238 416 1444 456; x_wconf 79' lang='lat' dir='ltr'><strong>Principibus.</strong></span> <span class='ocrx_word' id='word_1_556' title='bbox 1480 417 1530 448; x_wconf 76' lang='lat' dir='ltr'><strong>De</strong></span> <span class='ocrx_word' id='word_1_557' title='bbox 1546 429 1629 450; x_wconf 72' lang='lat' dir='ltr'><strong>nova</strong></span> <span class='ocrx_word' id='word_1_558' title='bbox 1647 421 1699 452; x_wconf 83' lang='lat' dir='ltr'><strong>illa</strong></span> <span class='ocrx_word' id='word_1_559' title='bbox 1718 431 1806 452; x_wconf 79' lang='lat' dir='ltr'><strong>oran-</strong></span> 
     </span>
     <span class='ocr_line' id='line_1_81' title="bbox 944 454 1807 498; baseline 0.01 -14"><span class='ocrx_word' id='word_1_560' title='bbox 944 454 973 485; x_wconf 88' lang='lat' dir='ltr'><strong>di</strong></span> <span class='ocrx_word' id='word_1_561' title='bbox 994 454 1132 486; x_wconf 83' lang='lat' dir='ltr'><strong>formula</strong></span> <span class='ocrx_word' id='word_1_562' title='bbox 1152 457 1275 496; x_wconf 85' lang='lat' dir='ltr'><strong>prolixe</strong></span> <span class='ocrx_word' id='word_1_563' title='bbox 1293 457 1358 488; x_wconf 85' lang='lat' dir='ltr'><strong>dixi</strong></span> <span class='ocrx_word' id='word_1_564' title='bbox 1384 459 1434 489; x_wconf 81' lang='lat' dir='ltr'><strong>hoc</strong></span> <span class='ocrx_word' id='word_1_565' title='bbox 1458 460 1548 490; x_wconf 60' lang='lat' dir='ltr'><strong>Lura</strong></span> <span class='ocrx_word' id='word_1_566' title='bbox 1568 462 1599 491; x_wconf 88' lang='lat' dir='ltr'><strong>C.</strong></span> <span class='ocrx_word' id='word_1_567' title='bbox 1630 471 1674 498; x_wconf 80' lang='lat'><strong>19.</strong></span> <span class='ocrx_word' id='word_1_568' title='bbox 1701 463 1750 493; x_wconf 84' lang='lat' dir='ltr'><strong>ubi</strong></span> <span class='ocrx_word' id='word_1_569' title='bbox 1778 465 1807 494; x_wconf 51' lang='grc' dir='ltr'><strong>(κ</strong></span> 
     </span>
     <span class='ocr_line' id='line_1_82' title="bbox 942 496 1687 541; baseline 0.009 -15"><span class='ocrx_word' id='word_1_570' title='bbox 942 496 1000 527; x_wconf 82' lang='lat' dir='ltr'><strong>alia</strong></span> <span class='ocrx_word' id='word_1_571' title='bbox 1018 496 1157 536; x_wconf 65' lang='lat' dir='ltr'><strong>quaedam</strong></span> <span class='ocrx_word' id='word_1_572' title='bbox 1175 499 1332 538; x_wconf 86' lang='lat' dir='ltr'><strong>reperies,</strong></span> <span class='ocrx_word' id='word_1_573' title='bbox 1355 508 1423 540; x_wconf 83' lang='lat' dir='ltr'><strong>quae</strong></span> <span class='ocrx_word' id='word_1_574' title='bbox 1445 501 1504 532; x_wconf 81' lang='lat' dir='ltr'><strong>liue</strong></span> <span class='ocrx_word' id='word_1_575' title='bbox 1520 502 1687 541; x_wconf 76' lang='lat' dir='ltr'><strong>pertinent.</strong></span> 
     </span>
    </p>

    <p class='ocr_par' dir='ltr' id='par_1_10' title="bbox 926 536 1808 2430">
     <span class='ocr_line' id='line_1_83' title="bbox 985 536 1804 579; baseline 0.011 -12"><span class='ocrx_word' id='word_1_576' title='bbox 985 536 1044 568; x_wconf 72' lang='lat' dir='ltr'><strong>lx.</strong></span> <span class='ocrx_word' id='word_1_577' title='bbox 1068 537 1117 569; x_wconf 87' lang='lat' dir='ltr'><strong>An</strong></span> <span class='ocrx_word' id='word_1_578' title='bbox 1135 536 1318 578; x_wconf 82' lang='lat' dir='ltr'><strong>Nobilitas,</strong></span> <span class='ocrx_word' id='word_1_579' title='bbox 1342 541 1380 572; x_wconf 88' lang='lat' dir='ltr'><strong>ab</strong></span> <span class='ocrx_word' id='word_1_580' title='bbox 1403 550 1536 573; x_wconf 84' lang='lat' dir='ltr'><strong>externo</strong></span> <span class='ocrx_word' id='word_1_581' title='bbox 1562 543 1705 579; x_wconf 76' lang='lat' dir='ltr'><strong>Principe</strong></span> <span class='ocrx_word' id='word_1_582' title='bbox 1731 554 1804 575; x_wconf 85' lang='lat' dir='ltr'><strong>con-</strong></span> 
     </span>
     <span class='ocr_line' id='line_1_84' title="bbox 941 577 1807 625; baseline 0.009 -17"><span class='ocrx_word' id='word_1_583' title='bbox 941 577 1044 617; x_wconf 70' lang='lat' dir='ltr'><strong>cessa,</strong></span> <span class='ocrx_word' id='word_1_584' title='bbox 1078 578 1107 609; x_wconf 91' lang='lat' dir='ltr'><strong>in</strong></span> <span class='ocrx_word' id='word_1_585' title='bbox 1140 578 1243 611; x_wconf 85' lang='lat' dir='ltr'><strong>nostra</strong></span> <span class='ocrx_word' id='word_1_586' title='bbox 1270 580 1413 614; x_wconf 83' lang='lat' dir='ltr'><strong>Civitate</strong></span> <span class='ocrx_word' id='word_1_587' title='bbox 1437 584 1554 623; x_wconf 79' lang='lat' dir='ltr'><strong>proiit,</strong></span> <span class='ocrx_word' id='word_1_588' title='bbox 1576 584 1646 624; x_wconf 75' lang='lat' dir='ltr'><strong>JCti</strong></span> <span class='ocrx_word' id='word_1_589' title='bbox 1666 595 1807 625; x_wconf 67' lang='lat' dir='ltr'><strong>quaerunt</strong></span> 
     </span>
     <span class='ocr_line' id='line_1_85' title="bbox 942 619 1805 667; baseline 0.01 -18"><span class='ocrx_word' id='word_1_590' title='bbox 942 619 1031 660; x_wconf 82' lang='lat'><strong>(17).</strong></span> <span class='ocrx_word' id='word_1_591' title='bbox 1076 619 1187 651; x_wconf 73' lang='lat' dir='ltr'><strong>Exstat</strong></span> <span class='ocrx_word' id='word_1_592' title='bbox 1205 620 1332 661; x_wconf 79' lang='lat' dir='ltr'><strong>joannis</strong></span> <span class='ocrx_word' id='word_1_593' title='bbox 1348 624 1455 655; x_wconf 73' lang='lat' dir='ltr'><strong>Bavari</strong></span> <span class='ocrx_word' id='word_1_594' title='bbox 1483 624 1627 657; x_wconf 74' lang='lat' dir='ltr'><strong>Edictum</strong></span> <span class='ocrx_word' id='word_1_595' title='bbox 1656 636 1703 667; x_wconf 72' lang='lat'><strong>27.</strong></span> <span class='ocrx_word' id='word_1_596' title='bbox 1731 628 1805 667; x_wconf 67' lang='lat' dir='ltr'><strong>Aps.</strong></span> 
     </span>
     <span class='ocr_line' id='line_1_86' title="bbox 947 659 1808 702; baseline 0.008 -10"><span class='ocrx_word' id='word_1_597' title='bbox 947 669 1035 700; x_wconf 78' lang='lat'><strong>1422.</strong></span> <span class='ocrx_word' id='word_1_598' title='bbox 1061 659 1142 701; x_wconf 67' lang='grc'>(18)</span> <span class='ocrx_word' id='word_1_599' title='bbox 1165 671 1227 702; x_wconf 85' lang='lat' dir='ltr'><strong>quo</strong></span> <span class='ocrx_word' id='word_1_600' title='bbox 1246 663 1410 696; x_wconf 81' lang='lat' dir='ltr'><strong>Nobilium</strong></span> <span class='ocrx_word' id='word_1_601' title='bbox 1427 666 1625 697; x_wconf 84' lang='lat' dir='ltr'><strong>immunitate</strong></span> <span class='ocrx_word' id='word_1_602' title='bbox 1640 670 1685 698; x_wconf 89' lang='lat' dir='ltr'><strong>uti</strong></span> <span class='ocrx_word' id='word_1_603' title='bbox 1701 676 1808 699; x_wconf 72' lang='lat' dir='ltr'><strong>vetan-</strong></span> 
     </span>
     <span class='ocr_line' id='line_1_87' title="bbox 943 701 1805 750; baseline 0.009 -18"><span class='ocrx_word' id='word_1_604' title='bbox 943 709 1011 739; x_wconf 86' lang='lat' dir='ltr'><strong>tur,</strong></span> <span class='ocrx_word' id='word_1_605' title='bbox 1037 701 1090 741; x_wconf 81' lang='lat' dir='ltr'><strong>qui</strong></span> <span class='ocrx_word' id='word_1_606' title='bbox 1108 702 1319 736; x_wconf 82' lang='lat' dir='ltr'><strong>Nobilitatem</strong></span> <span class='ocrx_word' id='word_1_607' title='bbox 1338 715 1355 736; x_wconf 87' lang='lat' dir='ltr'><strong>a</strong></span> <span class='ocrx_word' id='word_1_608' title='bbox 1372 706 1457 746; x_wconf 76' lang='lat' dir='ltr'><strong>Rege</strong></span> <span class='ocrx_word' id='word_1_609' title='bbox 1475 707 1686 739; x_wconf 76' lang='lat' dir='ltr'><strong>Romanorum</strong></span> <span class='ocrx_word' id='word_1_610' title='bbox 1709 709 1805 750; x_wconf 86' lang='lat' dir='ltr'><strong>impe-</strong></span> 
     </span>
     <span class='ocr_line' id='line_1_88' title="bbox 943 746 1804 791; baseline 0.01 -18"><span class='ocrx_word' id='word_1_611' title='bbox 943 749 1121 781; x_wconf 87' lang='lat' dir='ltr'><strong>traverant,</strong></span> <span class='ocrx_word' id='word_1_612' title='bbox 1144 746 1235 785; x_wconf 73' lang='lat' dir='ltr'><strong>quia,</strong></span> <span class='ocrx_word' id='word_1_613' title='bbox 1260 746 1361 786; x_wconf 84' lang='lat' dir='ltr'><strong>inquit</strong></span> <span class='ocrx_word' id='word_1_614' title='bbox 1375 770 1384 782; x_wconf 89' lang='grc'>,</span> <span class='ocrx_word' id='word_1_615' title='bbox 1407 748 1457 778; x_wconf 75' lang='lat' dir='ltr'><strong>ille</strong></span> <span class='ocrx_word' id='word_1_616' title='bbox 1476 750 1590 789; x_wconf 77' lang='lat' dir='ltr'><strong>quidem</strong></span> <span class='ocrx_word' id='word_1_617' title='bbox 1615 749 1804 791; x_wconf 65' lang='lat' dir='ltr'><strong>Nobiles-sa-</strong></span> 
     </span>
     <span class='ocr_line' id='line_1_89' title="bbox 941 783 1805 831; baseline 0.01 -17"><span class='ocrx_word' id='word_1_618' title='bbox 941 793 1027 821; x_wconf 79' lang='lat' dir='ltr'><strong>cere,</strong></span> <span class='ocrx_word' id='word_1_619' title='bbox 1051 783 1221 816; x_wconf 79' lang='lat' dir='ltr'><strong>Hullandiae</strong></span> <span class='ocrx_word' id='word_1_620' title='bbox 1244 793 1340 818; x_wconf 77' lang='lat' dir='ltr'><strong>autem</strong></span> <span class='ocrx_word' id='word_1_621' title='bbox 1365 789 1490 827; x_wconf 77' lang='lat' dir='ltr'><strong>Comici,</strong></span> <span class='ocrx_word' id='word_1_622' title='bbox 1516 792 1805 831; x_wconf 60' lang='lat' dir='ltr'><strong>nonconsentienzz&#39;,</strong></span> 
     </span>
     <span class='ocr_line' id='line_1_90' title="bbox 935 825 1806 869; baseline 0.011 -14"><span class='ocrx_word' id='word_1_623' title='bbox 935 825 1128 867; x_wconf 81' lang='lat' dir='ltr'><strong>praejudicare</strong></span> <span class='ocrx_word' id='word_1_624' title='bbox 1143 836 1199 857; x_wconf 79' lang='lat' dir='ltr'><strong>non</strong></span> <span class='ocrx_word' id='word_1_625' title='bbox 1213 826 1313 869; x_wconf 77' lang='lat' dir='ltr'><strong>potest.</strong></span> <span class='ocrx_word' id='word_1_626' title='bbox 1359 830 1495 861; x_wconf 85' lang='lat' dir='ltr'><strong>Ordines</strong></span> <span class='ocrx_word' id='word_1_627' title='bbox 1510 832 1605 864; x_wconf 84' lang='lat' dir='ltr'><strong>etiam</strong></span> <span class='ocrx_word' id='word_1_628' title='bbox 1624 832 1806 865; x_wconf 72' lang='lat' dir='ltr'><strong>Hollandize</strong></span> 
     </span>
     <span class='ocr_line' id='line_1_91' title="bbox 944 865 1806 912; baseline 0.012 -16"><span class='ocrx_word' id='word_1_629' title='bbox 944 875 991 897; x_wconf 85' lang='lat'><strong>11.</strong></span> <span class='ocrx_word' id='word_1_630' title='bbox 1016 865 1107 897; x_wconf 64' lang='lat' dir='ltr'><strong>Dec.</strong></span> <span class='ocrx_word' id='word_1_631' title='bbox 1124 871 1213 899; x_wconf 83' lang='lat'><strong>1666.</strong></span> <span class='ocrx_word' id='word_1_632' title='bbox 1239 869 1445 902; x_wconf 84' lang='lat' dir='ltr'><strong>decreverunt</strong></span> <span class='ocrx_word' id='word_1_633' title='bbox 1462 871 1562 912; x_wconf 76' lang='lat'><strong>(19),</strong></span> <span class='ocrx_word' id='word_1_634' title='bbox 1581 874 1610 904; x_wconf 71' lang='grc' dir='ltr'><strong>ὅ(</strong></span> <span class='ocrx_word' id='word_1_635' title='bbox 1627 875 1735 906; x_wconf 86' lang='lat' dir='ltr'><strong>eodem</strong></span> <span class='ocrx_word' id='word_1_636' title='bbox 1755 876 1806 906; x_wconf 78' lang='lat' dir='ltr'><strong>die</strong></span> 
     </span>
     <span class='ocr_line' id='line_1_92' title="bbox 938 907 1805 951; baseline 0.013 -14"><span class='ocrx_word' id='word_1_637' title='bbox 938 907 1105 939; x_wconf 80' lang='lat' dir='ltr'><strong>edixerunt</strong></span> <span class='ocrx_word' id='word_1_638' title='bbox 1121 908 1222 950; x_wconf 79' lang='grc' dir='ltr'>(2ο),</span> <span class='ocrx_word' id='word_1_639' title='bbox 1244 920 1283 941; x_wconf 89' lang='lat' dir='ltr'><strong>ne</strong></span> <span class='ocrx_word' id='word_1_640' title='bbox 1301 910 1482 951; x_wconf 76' lang='lat' dir='ltr'><strong>Nobilitas,</strong></span> <span class='ocrx_word' id='word_1_641' title='bbox 1504 917 1541 944; x_wconf 86' lang='lat' dir='ltr'><strong>ab</strong></span> <span class='ocrx_word' id='word_1_642' title='bbox 1558 916 1695 946; x_wconf 84' lang='lat' dir='ltr'><strong>externis</strong></span> <span class='ocrx_word' id='word_1_643' title='bbox 1720 916 1805 948; x_wconf 78' lang='lat' dir='ltr'><strong>Prin-</strong></span> 
     </span>
     <span class='ocr_line' id='line_1_93' title="bbox 938 948 1804 999; baseline 0.014 -22"><span class='ocrx_word' id='word_1_644' title='bbox 938 948 1062 989; x_wconf 81' lang='lat' dir='ltr'><strong>cipibus</strong></span> <span class='ocrx_word' id='word_1_645' title='bbox 1078 949 1262 989; x_wconf 80' lang='lat' dir='ltr'><strong>impetrata,</strong></span> <span class='ocrx_word' id='word_1_646' title='bbox 1287 953 1454 993; x_wconf 84' lang='lat' dir='ltr'><strong>quicquam</strong></span> <span class='ocrx_word' id='word_1_647' title='bbox 1480 954 1508 985; x_wconf 89' lang='lat' dir='ltr'><strong>in</strong></span> <span class='ocrx_word' id='word_1_648' title='bbox 1540 955 1708 988; x_wconf 84' lang='lat' dir='ltr'><strong>Ilollandia</strong></span> <span class='ocrx_word' id='word_1_649' title='bbox 1734 967 1804 999; x_wconf 87' lang='lat' dir='ltr'><strong>pro-</strong></span> 
     </span>
     <span class='ocr_line' id='line_1_94' title="bbox 937 988 1803 1039; baseline 0.013 -20"><span class='ocrx_word' id='word_1_650' title='bbox 937 988 1058 1028; x_wconf 82' lang='lat' dir='ltr'><strong>deffet,</strong></span> <span class='ocrx_word' id='word_1_651' title='bbox 1083 991 1135 1021; x_wconf 86' lang='lat' dir='ltr'><strong>vel</strong></span> <span class='ocrx_word' id='word_1_652' title='bbox 1153 991 1190 1022; x_wconf 87' lang='lat' dir='ltr'><strong>ad</strong></span> <span class='ocrx_word' id='word_1_653' title='bbox 1218 993 1438 1033; x_wconf 78' lang='lat' dir='ltr'><strong>venationem,</strong></span> <span class='ocrx_word' id='word_1_654' title='bbox 1464 995 1515 1026; x_wconf 85' lang='lat' dir='ltr'><strong>vel</strong></span> <span class='ocrx_word' id='word_1_655' title='bbox 1540 997 1576 1026; x_wconf 86' lang='lat' dir='ltr'><strong>ad</strong></span> <span class='ocrx_word' id='word_1_656' title='bbox 1601 998 1684 1028; x_wconf 85' lang='lat' dir='ltr'><strong>aliud</strong></span> <span class='ocrx_word' id='word_1_657' title='bbox 1707 999 1803 1039; x_wconf 81' lang='lat' dir='ltr'><strong>quod-</strong></span> 
     </span>
     <span class='ocr_line' id='line_1_95' title="bbox 939 1030 1800 1076; baseline 0.015 -17"><span class='ocrx_word' id='word_1_658' title='bbox 939 1038 1063 1070; x_wconf 87' lang='lat' dir='ltr'><strong>cunque</strong></span> <span class='ocrx_word' id='word_1_659' title='bbox 1076 1030 1135 1070; x_wconf 86' lang='lat' dir='ltr'><strong>jus.</strong></span> <span class='ocrx_word' id='word_1_660' title='bbox 1178 1032 1336 1064; x_wconf 85' lang='lat' dir='ltr'><strong>Summam</strong></span> <span class='ocrx_word' id='word_1_661' title='bbox 1360 1035 1511 1067; x_wconf 79' lang='lat' dir='ltr'><strong>rationem</strong></span> <span class='ocrx_word' id='word_1_662' title='bbox 1539 1037 1650 1076; x_wconf 83' lang='lat' dir='ltr'><strong>babet,</strong></span> <span class='ocrx_word' id='word_1_663' title='bbox 1672 1047 1705 1070; x_wconf 86' lang='lat' dir='ltr'><strong>ut</strong></span> <span class='ocrx_word' id='word_1_664' title='bbox 1731 1040 1800 1071; x_wconf 85' lang='lat' dir='ltr'><strong>No-</strong></span> 
     </span>
     <span class='ocr_line' id='line_1_96' title="bbox 938 1069 1804 1118; baseline 0.014 -17"><span class='ocrx_word' id='word_1_665' title='bbox 938 1069 1018 1102; x_wconf 88' lang='lat' dir='ltr'><strong>biles</strong></span> <span class='ocrx_word' id='word_1_666' title='bbox 1038 1069 1266 1112; x_wconf 87' lang='lat' dir='ltr'><strong>Diplomatici,</strong></span> <span class='ocrx_word' id='word_1_667' title='bbox 1290 1074 1319 1105; x_wconf 75' lang='lat' dir='ltr'><strong>&lt;St</strong></span> <span class='ocrx_word' id='word_1_668' title='bbox 1346 1074 1386 1106; x_wconf 86' lang='lat' dir='ltr'><strong>fic</strong></span> <span class='ocrx_word' id='word_1_669' title='bbox 1409 1077 1553 1116; x_wconf 72' lang='lat' dir='ltr'><strong>appe-110,</strong></span> <span class='ocrx_word' id='word_1_670' title='bbox 1590 1080 1640 1118; x_wconf 83' lang='lat' dir='ltr'><strong>qui</strong></span> <span class='ocrx_word' id='word_1_671' title='bbox 1669 1090 1706 1112; x_wconf 80' lang='lat' dir='ltr'><strong>ex</strong></span> <span class='ocrx_word' id='word_1_672' title='bbox 1736 1081 1804 1113; x_wconf 78' lang='lat' dir='ltr'><strong>solo</strong></span> 
     </span>
     <span class='ocr_line' id='line_1_97' title="bbox 937 1111 1804 1161; baseline 0.014 -19"><span class='ocrx_word' id='word_1_673' title='bbox 937 1111 1110 1153; x_wconf 85' lang='lat' dir='ltr'><strong>diplomate</strong></span> <span class='ocrx_word' id='word_1_674' title='bbox 1132 1112 1267 1147; x_wconf 87' lang='lat' dir='ltr'><strong>Nobiles</strong></span> <span class='ocrx_word' id='word_1_675' title='bbox 1294 1114 1382 1156; x_wconf 85' lang='lat' dir='ltr'><strong>sunt,</strong></span> <span class='ocrx_word' id='word_1_676' title='bbox 1416 1116 1551 1149; x_wconf 86' lang='lat' dir='ltr'><strong>sollicite</strong></span> <span class='ocrx_word' id='word_1_677' title='bbox 1577 1120 1804 1161; x_wconf 74' lang='lat' dir='ltr'><strong>distinguantur</strong></span> 
     </span>
     <span class='ocr_line' id='line_1_98' title="bbox 938 1153 1801 1197; baseline 0.014 -14"><span class='ocrx_word' id='word_1_678' title='bbox 938 1162 954 1183; x_wconf 86' lang='lat' dir='ltr'><strong>a</strong></span> <span class='ocrx_word' id='word_1_679' title='bbox 975 1153 1146 1186; x_wconf 89' lang='lat' dir='ltr'><strong>Nobilibus</strong></span> <span class='ocrx_word' id='word_1_680' title='bbox 1164 1155 1336 1197; x_wconf 74' lang='lat' dir='ltr'><strong>indigenis,</strong></span> <span class='ocrx_word' id='word_1_681' title='bbox 1364 1160 1392 1189; x_wconf 66' lang='grc' dir='ltr'>ἂ</span> <span class='ocrx_word' id='word_1_682' title='bbox 1410 1168 1449 1189; x_wconf 90' lang='lat' dir='ltr'><strong>ne</strong></span> <span class='ocrx_word' id='word_1_683' title='bbox 1466 1159 1513 1190; x_wconf 91' lang='lat' dir='ltr'><strong>illi</strong></span> <span class='ocrx_word' id='word_1_684' title='bbox 1538 1160 1741 1194; x_wconf 80' lang='lat' dir='ltr'><strong>admittantur</strong></span> <span class='ocrx_word' id='word_1_685' title='bbox 1765 1165 1801 1195; x_wconf 86' lang='lat' dir='ltr'><strong>ad</strong></span> 
     </span>
     <span class='ocr_line' id='line_1_99' title="bbox 935 1193 1801 1238; baseline 0.014 -14"><span class='ocrx_word' id='word_1_686' title='bbox 935 1193 1235 1228; x_wconf 87' lang='lat' dir='ltr'><strong>administrationem</strong></span> <span class='ocrx_word' id='word_1_687' title='bbox 1262 1197 1478 1238; x_wconf 67' lang='lat' dir='ltr'><strong>Reipublicae,</strong></span> <span class='ocrx_word' id='word_1_688' title='bbox 1516 1201 1635 1233; x_wconf 84' lang='lat' dir='ltr'><strong>ullasve</strong></span> <span class='ocrx_word' id='word_1_689' title='bbox 1658 1203 1733 1236; x_wconf 86' lang='lat' dir='ltr'><strong>alias</strong></span> <span class='ocrx_word' id='word_1_690' title='bbox 1758 1205 1801 1236; x_wconf 77' lang='lat' dir='ltr'><strong>di-</strong></span> 
     </span>
     <span class='ocr_line' id='line_1_100' title="bbox 934 1235 1800 1285; baseline 0.013 -19"><span class='ocrx_word' id='word_1_691' title='bbox 934 1235 1095 1276; x_wconf 84' lang='lat' dir='ltr'><strong>gnitates,</strong></span> <span class='ocrx_word' id='word_1_692' title='bbox 1124 1246 1192 1278; x_wconf 81' lang='lat' dir='ltr'><strong>quae</strong></span> <span class='ocrx_word' id='word_1_693' title='bbox 1227 1237 1399 1271; x_wconf 85' lang='lat' dir='ltr'><strong>Nobilibus</strong></span> <span class='ocrx_word' id='word_1_694' title='bbox 1433 1241 1585 1283; x_wconf 87' lang='lat' dir='ltr'><strong>indigenis</strong></span> <span class='ocrx_word' id='word_1_695' title='bbox 1606 1253 1800 1285; x_wconf 80' lang='lat' dir='ltr'><strong>competunt,</strong></span> 
     </span>
     <span class='ocr_line' id='line_1_101' title="bbox 935 1277 1801 1323; baseline 0.012 -14"><span class='ocrx_word' id='word_1_696' title='bbox 935 1277 966 1309; x_wconf 83' lang='lat' dir='ltr'><strong>Si</strong></span> <span class='ocrx_word' id='word_1_697' title='bbox 984 1277 1241 1318; x_wconf 85' lang='lat' dir='ltr'><strong>admitterentur,</strong></span> <span class='ocrx_word' id='word_1_698' title='bbox 1268 1288 1331 1311; x_wconf 91' lang='lat' dir='ltr'><strong>non</strong></span> <span class='ocrx_word' id='word_1_699' title='bbox 1349 1280 1472 1313; x_wconf 83' lang='lat' dir='ltr'><strong>fumum</strong></span> <span class='ocrx_word' id='word_1_700' title='bbox 1490 1292 1649 1323; x_wconf 86' lang='lat' dir='ltr'><strong>emerent,</strong></span> <span class='ocrx_word' id='word_1_701' title='bbox 1668 1293 1701 1317; x_wconf 87' lang='lat' dir='ltr'><strong>ut</strong></span> <span class='ocrx_word' id='word_1_702' title='bbox 1718 1297 1801 1319; x_wconf 87' lang='lat' dir='ltr'><strong>nunc</strong></span> 
     </span>
     <span class='ocr_line' id='line_1_102' title="bbox 933 1317 1798 1364; baseline 0.013 -15"><span class='ocrx_word' id='word_1_703' title='bbox 933 1317 1003 1350; x_wconf 88' lang='lat' dir='ltr'><strong>fere</strong></span> <span class='ocrx_word' id='word_1_704' title='bbox 1022 1328 1133 1360; x_wconf 86' lang='lat' dir='ltr'><strong>magna</strong></span> <span class='ocrx_word' id='word_1_705' title='bbox 1148 1319 1262 1352; x_wconf 87' lang='lat' dir='ltr'><strong>insania</strong></span> <span class='ocrx_word' id='word_1_706' title='bbox 1282 1329 1410 1361; x_wconf 88' lang='lat' dir='ltr'><strong>emunt,</strong></span> <span class='ocrx_word' id='word_1_707' title='bbox 1433 1324 1483 1364; x_wconf 89' lang='lat' dir='ltr'><strong>qui</strong></span> <span class='ocrx_word' id='word_1_708' title='bbox 1504 1324 1541 1356; x_wconf 79' lang='lat' dir='ltr'><strong>ab</strong></span> <span class='ocrx_word' id='word_1_709' title='bbox 1558 1328 1695 1359; x_wconf 83' lang='lat' dir='ltr'><strong>externis</strong></span> <span class='ocrx_word' id='word_1_710' title='bbox 1711 1327 1798 1360; x_wconf 87' lang='lat' dir='ltr'><strong>Prin-</strong></span> 
     </span>
     <span class='ocr_line' id='line_1_103' title="bbox 933 1358 1801 1406; baseline 0.014 -16"><span class='ocrx_word' id='word_1_711' title='bbox 933 1358 1057 1401; x_wconf 87' lang='lat' dir='ltr'><strong>cipibus</strong></span> <span class='ocrx_word' id='word_1_712' title='bbox 1082 1360 1314 1402; x_wconf 82' lang='lat' dir='ltr'><strong>Diplornaticas</strong></span> <span class='ocrx_word' id='word_1_713' title='bbox 1340 1362 1535 1397; x_wconf 86' lang='lat' dir='ltr'><strong>Nobilitates</strong></span> <span class='ocrx_word' id='word_1_714' title='bbox 1558 1366 1729 1406; x_wconf 89' lang='lat' dir='ltr'><strong>obtinent,</strong></span> <span class='ocrx_word' id='word_1_715' title='bbox 1752 1370 1801 1402; x_wconf 86' lang='lat' dir='ltr'><strong>iis-</strong></span> 
     </span>
     <span class='ocr_line' id='line_1_104' title="bbox 933 1400 1798 1450; baseline 0.014 -19"><span class='ocrx_word' id='word_1_716' title='bbox 933 1411 993 1442; x_wconf 89' lang='lat' dir='ltr'><strong>que</strong></span> <span class='ocrx_word' id='word_1_717' title='bbox 1019 1400 1122 1444; x_wconf 88' lang='lat' dir='ltr'><strong>saepe,</strong></span> <span class='ocrx_word' id='word_1_718' title='bbox 1152 1412 1265 1444; x_wconf 81' lang='lat' dir='ltr'><strong>magno</strong></span> <span class='ocrx_word' id='word_1_719' title='bbox 1305 1403 1360 1435; x_wconf 90' lang='lat' dir='ltr'><strong>suo</strong></span> <span class='ocrx_word' id='word_1_720' title='bbox 1388 1405 1543 1438; x_wconf 83' lang='lat' dir='ltr'><strong>dedecore</strong></span> <span class='ocrx_word' id='word_1_721' title='bbox 1560 1431 1569 1445; x_wconf 88' lang='lat'><strong>,</strong></span> <span class='ocrx_word' id='word_1_722' title='bbox 1607 1408 1798 1450; x_wconf 82' lang='lat' dir='ltr'><strong>superbiunt.</strong></span> 
     </span>
     <span class='ocr_line' id='line_1_105' title="bbox 933 1442 1800 1489; baseline 0.013 -16"><span class='ocrx_word' id='word_1_723' title='bbox 933 1442 1009 1475; x_wconf 93' lang='lat' dir='ltr'><strong>Non</strong></span> <span class='ocrx_word' id='word_1_724' title='bbox 1030 1450 1133 1475; x_wconf 88' lang='lat' dir='ltr'><strong>tamen</strong></span> <span class='ocrx_word' id='word_1_725' title='bbox 1157 1445 1375 1485; x_wconf 83' lang='lat' dir='ltr'><strong>probaverim,</strong></span> <span class='ocrx_word' id='word_1_726' title='bbox 1406 1447 1490 1488; x_wconf 89' lang='lat' dir='ltr'><strong>quod</strong></span> <span class='ocrx_word' id='word_1_727' title='bbox 1511 1447 1711 1489; x_wconf 67' lang='lat' dir='ltr'><strong>Elisabedm,</strong></span> <span class='ocrx_word' id='word_1_728' title='bbox 1737 1452 1800 1484; x_wconf 80' lang='lat' dir='ltr'><strong>An-</strong></span> 
     </span>
     <span class='ocr_line' id='line_1_106' title="bbox 933 1483 1798 1532; baseline 0.013 -17"><span class='ocrx_word' id='word_1_729' title='bbox 933 1484 1058 1526; x_wconf 86' lang='lat' dir='ltr'><strong>glorum</strong></span> <span class='ocrx_word' id='word_1_730' title='bbox 1081 1483 1218 1526; x_wconf 80' lang='lat' dir='ltr'><strong>Regina,</strong></span> <span class='ocrx_word' id='word_1_731' title='bbox 1242 1485 1403 1528; x_wconf 83' lang='lat' dir='ltr'><strong>dignitatis</strong></span> <span class='ocrx_word' id='word_1_732' title='bbox 1423 1488 1553 1522; x_wconf 87' lang='lat' dir='ltr'><strong>titulum</strong></span> <span class='ocrx_word' id='word_1_733' title='bbox 1567 1515 1576 1530; x_wconf 88' lang='lat'><strong>,</strong></span> <span class='ocrx_word' id='word_1_734' title='bbox 1609 1501 1701 1532; x_wconf 89' lang='lat' dir='ltr'><strong>quem</strong></span> <span class='ocrx_word' id='word_1_735' title='bbox 1721 1493 1798 1525; x_wconf 83' lang='lat' dir='ltr'><strong>duo-</strong></span> 
     </span>
     <span class='ocr_line' id='line_1_107' title="bbox 932 1526 1800 1574; baseline 0.012 -18"><span class='ocrx_word' id='word_1_736' title='bbox 932 1527 989 1558; x_wconf 91' lang='lat' dir='ltr'><strong>bus</strong></span> <span class='ocrx_word' id='word_1_737' title='bbox 1014 1526 1124 1566; x_wconf 84' lang='lat' dir='ltr'><strong>Anglis</strong></span> <span class='ocrx_word' id='word_1_738' title='bbox 1150 1526 1217 1559; x_wconf 78' lang='lat' dir='ltr'><strong>Rex</strong></span> <span class='ocrx_word' id='word_1_739' title='bbox 1238 1526 1412 1560; x_wconf 87' lang='lat' dir='ltr'><strong>Galliarum</strong></span> <span class='ocrx_word' id='word_1_740' title='bbox 1437 1530 1587 1570; x_wconf 83' lang='lat' dir='ltr'><strong>dederat,</strong></span> <span class='ocrx_word' id='word_1_741' title='bbox 1609 1533 1747 1574; x_wconf 88' lang='lat' dir='ltr'><strong>itemque</strong></span> <span class='ocrx_word' id='word_1_742' title='bbox 1770 1545 1800 1566; x_wconf 88' lang='lat' dir='ltr'><strong>a-</strong></span> 
     </span>
     <span class='ocr_line' id='line_1_108' title="bbox 931 1566 1798 1609; baseline 0.012 -11"><span class='ocrx_word' id='word_1_743' title='bbox 931 1568 1031 1606; x_wconf 89' lang='lat' dir='ltr'><strong>lium,</strong></span> <span class='ocrx_word' id='word_1_744' title='bbox 1053 1567 1091 1598; x_wconf 80' lang='lat' dir='ltr'><strong>ab</strong></span> <span class='ocrx_word' id='word_1_745' title='bbox 1121 1566 1314 1609; x_wconf 88' lang='lat' dir='ltr'><strong>Imperatore</strong></span> <span class='ocrx_word' id='word_1_746' title='bbox 1339 1569 1531 1603; x_wconf 84' lang='lat' dir='ltr'><strong>Germanico</strong></span> <span class='ocrx_word' id='word_1_747' title='bbox 1549 1573 1601 1605; x_wconf 89' lang='lat' dir='ltr'><strong>alii</strong></span> <span class='ocrx_word' id='word_1_748' title='bbox 1629 1573 1675 1606; x_wconf 91' lang='lat' dir='ltr'><strong>An</strong></span> <span class='ocrx_word' id='word_1_749' title='bbox 1702 1576 1733 1607; x_wconf 94' lang='lat' dir='ltr'><strong>lo</strong></span> <span class='ocrx_word' id='word_1_750' title='bbox 1757 1577 1798 1608; x_wconf 93' lang='lat' dir='ltr'><strong>ob</strong></span> 
     </span>
     <span class='ocr_line' id='line_1_109' title="bbox 932 1585 1798 1657; baseline 0.013 -18"><span class='ocrx_word' id='word_1_751' title='bbox 932 1609 1105 1647; x_wconf 84' lang='lat' dir='ltr'><strong>virtutem,</strong></span> <span class='ocrx_word' id='word_1_752' title='bbox 1128 1610 1304 1649; x_wconf 86' lang='lat' dir='ltr'><strong>collatum,</strong></span> <span class='ocrx_word' id='word_1_753' title='bbox 1328 1620 1382 1644; x_wconf 82' lang='lat' dir='ltr'><strong>eos</strong></span> <span class='ocrx_word' id='word_1_754' title='bbox 1402 1612 1450 1643; x_wconf 90' lang='lat' dir='ltr'><strong>uti</strong></span> <span class='ocrx_word' id='word_1_755' title='bbox 1464 1614 1603 1646; x_wconf 90' lang='lat' dir='ltr'><strong>noluerit</strong></span> <span class='ocrx_word' id='word_1_756' title='bbox 1619 1585 1708 1657; x_wconf 50' lang='lat'><strong>(215.</strong></span> <span class='ocrx_word' id='word_1_757' title='bbox 1755 1618 1798 1650; x_wconf 85' lang='lat' dir='ltr'><strong>Et</strong></span> 
     </span>
     <span class='ocr_line' id='line_1_110' title="bbox 932 1650 1797 1692; baseline 0.012 -11"><span class='ocrx_word' id='word_1_758' title='bbox 932 1650 1040 1692; x_wconf 91' lang='lat' dir='ltr'><strong>quidni</strong></span> <span class='ocrx_word' id='word_1_759' title='bbox 1058 1657 1221 1683; x_wconf 87' lang='lat' dir='ltr'><strong>uterentur</strong></span> <span class='ocrx_word' id='word_1_760' title='bbox 1238 1652 1301 1684; x_wconf 89' lang='lat' dir='ltr'><strong>illis</strong></span> <span class='ocrx_word' id='word_1_761' title='bbox 1317 1653 1416 1686; x_wconf 87' lang='lat' dir='ltr'><strong>titulis</strong></span> <span class='ocrx_word' id='word_1_762' title='bbox 1431 1676 1441 1692; x_wconf 93' lang='lat'><strong>,</strong></span> <span class='ocrx_word' id='word_1_763' title='bbox 1465 1664 1537 1686; x_wconf 90' lang='lat' dir='ltr'><strong>cum</strong></span> <span class='ocrx_word' id='word_1_764' title='bbox 1556 1656 1601 1687; x_wconf 89' lang='lat' dir='ltr'><strong>uti</strong></span> <span class='ocrx_word' id='word_1_765' title='bbox 1631 1657 1726 1689; x_wconf 87' lang='lat' dir='ltr'><strong>liceat</strong></span> <span class='ocrx_word' id='word_1_766' title='bbox 1753 1660 1797 1691; x_wconf 88' lang='lat' dir='ltr'><strong>ci-</strong></span> 
     </span>
     <span class='ocr_line' id='line_1_111' title="bbox 932 1691 1797 1740; baseline 0.013 -19"><span class='ocrx_word' id='word_1_767' title='bbox 932 1699 980 1723; x_wconf 85' lang='lat' dir='ltr'><strong>tra</strong></span> <span class='ocrx_word' id='word_1_768' title='bbox 995 1691 1094 1723; x_wconf 90' lang='lat' dir='ltr'><strong>ullum</strong></span> <span class='ocrx_word' id='word_1_769' title='bbox 1112 1691 1246 1724; x_wconf 88' lang='lat' dir='ltr'><strong>aliorum</strong></span> <span class='ocrx_word' id='word_1_770' title='bbox 1264 1694 1508 1734; x_wconf 79' lang='lat' dir='ltr'><strong>praejudicium?</strong></span> <span class='ocrx_word' id='word_1_771' title='bbox 1524 1697 1621 1729; x_wconf 90' lang='lat' dir='ltr'><strong>miror</strong></span> <span class='ocrx_word' id='word_1_772' title='bbox 1634 1697 1703 1730; x_wconf 78' lang='lat' dir='ltr'><strong>sane</strong></span> <span class='ocrx_word' id='word_1_773' title='bbox 1712 1701 1797 1740; x_wconf 83' lang='lat' dir='ltr'><strong>quod</strong></span> 
     </span>
     <span class='ocr_line' id='line_1_112' title="bbox 932 1733 1796 1777; baseline 0.01 -13"><span class='ocrx_word' id='word_1_774' title='bbox 932 1742 996 1765; x_wconf 92' lang='lat' dir='ltr'><strong>non</strong></span> <span class='ocrx_word' id='word_1_775' title='bbox 1018 1734 1124 1764; x_wconf 86' lang='lat' dir='ltr'><strong>eadem</strong></span> <span class='ocrx_word' id='word_1_776' title='bbox 1146 1733 1265 1775; x_wconf 85' lang='lat' dir='ltr'><strong>Regina</strong></span> <span class='ocrx_word' id='word_1_777' title='bbox 1293 1735 1481 1777; x_wconf 83' lang='lat' dir='ltr'><strong>crediderit,</strong></span> <span class='ocrx_word' id='word_1_778' title='bbox 1505 1736 1678 1772; x_wconf 69' lang='lat' dir='ltr'><strong>nostor-em</strong></span> <span class='ocrx_word' id='word_1_779' title='bbox 1702 1742 1796 1774; x_wconf 79' lang='lat' dir='ltr'><strong>alieu-</strong></span> 
     </span>
     <span class='ocr_line' id='line_1_113' title="bbox 932 1774 1796 1824; baseline 0.013 -20"><span class='ocrx_word' id='word_1_780' title='bbox 932 1774 979 1814; x_wconf 88' lang='lat' dir='ltr'><strong>jus</strong></span> <span class='ocrx_word' id='word_1_781' title='bbox 994 1774 1163 1813; x_wconf 85' lang='lat' dir='ltr'><strong>Scientiae,</strong></span> <span class='ocrx_word' id='word_1_782' title='bbox 1188 1775 1220 1807; x_wconf 91' lang='lat' dir='ltr'><strong>in</strong></span> <span class='ocrx_word' id='word_1_783' title='bbox 1238 1776 1300 1808; x_wconf 86' lang='lat' dir='ltr'><strong>alio</strong></span> <span class='ocrx_word' id='word_1_784' title='bbox 1320 1777 1431 1818; x_wconf 88' lang='lat' dir='ltr'><strong>Regno</strong></span> <span class='ocrx_word' id='word_1_785' title='bbox 1447 1787 1587 1811; x_wconf 86' lang='lat' dir='ltr'><strong>creatum</strong></span> <span class='ocrx_word' id='word_1_786' title='bbox 1599 1803 1610 1819; x_wconf 94' lang='lat'><strong>,</strong></span> <span class='ocrx_word' id='word_1_787' title='bbox 1634 1781 1665 1812; x_wconf 90' lang='lat' dir='ltr'><strong>in</strong></span> <span class='ocrx_word' id='word_1_788' title='bbox 1682 1781 1796 1824; x_wconf 80' lang='lat' dir='ltr'><strong>Anglia</strong></span> 
     </span>
     <span class='ocr_line' id='line_1_114' title="bbox 931 1815 1796 1864; baseline 0.012 -18"><span class='ocrx_word' id='word_1_789' title='bbox 931 1815 1106 1847; x_wconf 67' lang='lat' dir='ltr'><strong>Doctorem</strong></span> <span class='ocrx_word' id='word_1_790' title='bbox 1122 1815 1184 1848; x_wconf 79' lang='lat' dir='ltr'><strong>ess&#39;e</strong></span> <span class='ocrx_word' id='word_1_791' title='bbox 1202 1826 1266 1849; x_wconf 91' lang='lat' dir='ltr'><strong>non</strong></span> <span class='ocrx_word' id='word_1_792' title='bbox 1287 1817 1384 1859; x_wconf 83' lang='lat' dir='ltr'><strong>poffe.</strong></span> <span class='ocrx_word' id='word_1_793' title='bbox 1429 1819 1462 1851; x_wconf 91' lang='lat' dir='ltr'><strong>In</strong></span> <span class='ocrx_word' id='word_1_794' title='bbox 1480 1820 1649 1854; x_wconf 82' lang='lat' dir='ltr'><strong>Hollandia</strong></span> <span class='ocrx_word' id='word_1_795' title='bbox 1669 1824 1796 1864; x_wconf 85' lang='lat' dir='ltr'><strong>quidem</strong></span> 
     </span>
     <span class='ocr_line' id='line_1_115' title="bbox 931 1860 1796 1905; baseline 0.01 -17"><span class='ocrx_word' id='word_1_796' title='bbox 931 1866 1013 1889; x_wconf 90' lang='lat' dir='ltr'><strong>anno</strong></span> <span class='ocrx_word' id='word_1_797' title='bbox 1041 1860 1130 1896; x_wconf 85' lang='lat'><strong>1656.</strong></span> <span class='ocrx_word' id='word_1_798' title='bbox 1156 1865 1328 1898; x_wconf 85' lang='lat' dir='ltr'><strong>tentatum,</strong></span> <span class='ocrx_word' id='word_1_799' title='bbox 1360 1869 1399 1891; x_wconf 90' lang='lat' dir='ltr'><strong>ne</strong></span> <span class='ocrx_word' id='word_1_800' title='bbox 1420 1861 1489 1901; x_wconf 88' lang='lat' dir='ltr'><strong>quis</strong></span> <span class='ocrx_word' id='word_1_801' title='bbox 1513 1863 1610 1895; x_wconf 91' lang='lat' dir='ltr'><strong>ullum</strong></span> <span class='ocrx_word' id='word_1_802' title='bbox 1633 1863 1796 1905; x_wconf 83' lang='lat' dir='ltr'><strong>dignitatis</strong></span> 
     </span>
     <span class='ocr_line' id='line_1_116' title="bbox 932 1898 1794 1946; baseline 0.01 -17"><span class='ocrx_word' id='word_1_803' title='bbox 932 1898 1079 1937; x_wconf 89' lang='lat' dir='ltr'><strong>titulum,</strong></span> <span class='ocrx_word' id='word_1_804' title='bbox 1103 1899 1141 1930; x_wconf 90' lang='lat' dir='ltr'><strong>ab</strong></span> <span class='ocrx_word' id='word_1_805' title='bbox 1160 1901 1296 1933; x_wconf 85' lang='lat' dir='ltr'><strong>externis</strong></span> <span class='ocrx_word' id='word_1_806' title='bbox 1321 1900 1520 1943; x_wconf 88' lang='lat' dir='ltr'><strong>Principibus</strong></span> <span class='ocrx_word' id='word_1_807' title='bbox 1546 1904 1599 1936; x_wconf 83' lang='lat' dir='ltr'><strong>fibi</strong></span> <span class='ocrx_word' id='word_1_808' title='bbox 1621 1906 1794 1946; x_wconf 85' lang='lat' dir='ltr'><strong>collatum,</strong></span> 
     </span>
     <span class='ocr_line' id='line_1_117' title="bbox 930 1938 1793 1987; baseline 0.01 -16"><span class='ocrx_word' id='word_1_809' title='bbox 930 1938 1118 1971; x_wconf 85' lang='lat' dir='ltr'><strong>inconsultis</strong></span> <span class='ocrx_word' id='word_1_810' title='bbox 1144 1940 1315 1974; x_wconf 86' lang='lat' dir='ltr'><strong>Ordinibus</strong></span> <span class='ocrx_word' id='word_1_811' title='bbox 1341 1943 1502 1984; x_wconf 82' lang='lat' dir='ltr'><strong>accipere,</strong></span> <span class='ocrx_word' id='word_1_812' title='bbox 1535 1955 1635 1987; x_wconf 88' lang='lat' dir='ltr'><strong>eoque</strong></span> <span class='ocrx_word' id='word_1_813' title='bbox 1662 1947 1709 1978; x_wconf 90' lang='lat' dir='ltr'><strong>uti</strong></span> <span class='ocrx_word' id='word_1_814' title='bbox 1727 1949 1793 1980; x_wconf 90' lang='lat' dir='ltr'><strong>vel-</strong></span> 
     </span>
     <span class='ocr_line' id='line_1_118' title="bbox 929 1979 1793 2028; baseline 0.012 -17"><span class='ocrx_word' id='word_1_815' title='bbox 929 1980 995 2020; x_wconf 86' lang='lat' dir='ltr'><strong>let,</strong></span> <span class='ocrx_word' id='word_1_816' title='bbox 1020 1979 1071 2011; x_wconf 90' lang='lat' dir='ltr'><strong>sed</strong></span> <span class='ocrx_word' id='word_1_817' title='bbox 1084 1980 1163 2013; x_wconf 87' lang='lat' dir='ltr'><strong>nihil</strong></span> <span class='ocrx_word' id='word_1_818' title='bbox 1177 1982 1345 2024; x_wconf 86' lang='lat' dir='ltr'><strong>quicquam</strong></span> <span class='ocrx_word' id='word_1_819' title='bbox 1360 1983 1520 2018; x_wconf 87' lang='lat' dir='ltr'><strong>decretum</strong></span> <span class='ocrx_word' id='word_1_820' title='bbox 1542 1986 1586 2019; x_wconf 87' lang='lat' dir='ltr'><strong>est</strong></span> <span class='ocrx_word' id='word_1_821' title='bbox 1606 1987 1696 2028; x_wconf 82' lang='grc'>(22).</span> <span class='ocrx_word' id='word_1_822' title='bbox 1742 1989 1793 2020; x_wconf 84' lang='lat' dir='ltr'><strong>Sa·</strong></span> 
     </span>
     <span class='ocr_line' id='line_1_119' title="bbox 929 2020 1793 2068; baseline 0.01 -16"><span class='ocrx_word' id='word_1_823' title='bbox 929 2031 969 2053; x_wconf 91' lang='lat' dir='ltr'><strong>ne</strong></span> <span class='ocrx_word' id='word_1_824' title='bbox 985 2020 1149 2054; x_wconf 91' lang='lat' dir='ltr'><strong>Comitum</strong></span> <span class='ocrx_word' id='word_1_825' title='bbox 1163 2023 1193 2055; x_wconf 87' lang='lat'>&amp;</span> <span class='ocrx_word' id='word_1_826' title='bbox 1208 2023 1366 2056; x_wconf 82' lang='lat' dir='ltr'><strong>Baronum</strong></span> <span class='ocrx_word' id='word_1_827' title='bbox 1387 2033 1472 2057; x_wconf 90' lang='lat' dir='ltr'><strong>tanta</strong></span> <span class='ocrx_word' id='word_1_828' title='bbox 1486 2036 1568 2059; x_wconf 89' lang='lat' dir='ltr'><strong>nunc</strong></span> <span class='ocrx_word' id='word_1_829' title='bbox 1585 2030 1666 2068; x_wconf 82' lang='lat' dir='ltr'><strong>apud</strong></span> <span class='ocrx_word' id='word_1_830' title='bbox 1680 2039 1736 2061; x_wconf 90' lang='lat' dir='ltr'><strong>nos</strong></span> <span class='ocrx_word' id='word_1_831' title='bbox 1750 2029 1793 2061; x_wconf 87' lang='lat' dir='ltr'><strong>se-</strong></span> 
     </span>
     <span class='ocr_line' id='line_1_120' title="bbox 928 2062 1795 2112; baseline 0.012 -19"><span class='ocrx_word' id='word_1_832' title='bbox 928 2072 982 2104; x_wconf 88' lang='lat' dir='ltr'><strong>ges</strong></span> <span class='ocrx_word' id='word_1_833' title='bbox 998 2062 1063 2101; x_wconf 88' lang='lat' dir='ltr'><strong>est,</strong></span> <span class='ocrx_word' id='word_1_834' title='bbox 1087 2072 1122 2095; x_wconf 80' lang='lat' dir='ltr'><strong>nt</strong></span> <span class='ocrx_word' id='word_1_835' title='bbox 1139 2063 1202 2105; x_wconf 86' lang='lat' dir='ltr'><strong>ipsa</strong></span> <span class='ocrx_word' id='word_1_836' title='bbox 1215 2066 1306 2106; x_wconf 84' lang='lat' dir='ltr'><strong>copia</strong></span> <span class='ocrx_word' id='word_1_837' title='bbox 1320 2066 1511 2106; x_wconf 84' lang='lat' dir='ltr'><strong>obruamur,</strong></span> <span class='ocrx_word' id='word_1_838' title='bbox 1538 2069 1566 2100; x_wconf 72' lang='grc' dir='ltr'><strong>ὅ(</strong></span> <span class='ocrx_word' id='word_1_839' title='bbox 1584 2077 1686 2102; x_wconf 90' lang='lat' dir='ltr'><strong>tamen</strong></span> <span class='ocrx_word' id='word_1_840' title='bbox 1704 2081 1795 2112; x_wconf 81' lang='lat' dir='ltr'><strong>aequo</strong></span> 
     </span>
     <span class='ocr_line' id='line_1_121' title="bbox 928 2103 1797 2144; baseline 0.01 -9"><span class='ocrx_word' id='word_1_841' title='bbox 928 2105 1034 2136; x_wconf 88' lang='lat' dir='ltr'><strong>animo</strong></span> <span class='ocrx_word' id='word_1_842' title='bbox 1072 2103 1205 2137; x_wconf 86' lang='lat' dir='ltr'><strong>ferimus</strong></span> <span class='ocrx_word' id='word_1_843' title='bbox 1232 2106 1300 2138; x_wconf 81' lang='lat' dir='ltr'><strong>haee</strong></span> <span class='ocrx_word' id='word_1_844' title='bbox 1333 2106 1523 2141; x_wconf 85' lang='lat' dir='ltr'><strong>lascivientis</strong></span> <span class='ocrx_word' id='word_1_845' title='bbox 1548 2109 1686 2142; x_wconf 82' lang='lat' dir='ltr'><strong>fortunae</strong></span> <span class='ocrx_word' id='word_1_846' title='bbox 1717 2113 1797 2144; x_wconf 87' lang='lat' dir='ltr'><strong>ludi-</strong></span> 
     </span>
     <span class='ocr_line' id='line_1_122' title="bbox 928 2145 1792 2187; baseline 0.01 -11"><span class='ocrx_word' id='word_1_847' title='bbox 928 2145 1015 2184; x_wconf 85' lang='lat' dir='ltr'><strong>bria,</strong></span> <span class='ocrx_word' id='word_1_848' title='bbox 1048 2145 1078 2177; x_wconf 91' lang='lat'>&amp;</span> <span class='ocrx_word' id='word_1_849' title='bbox 1097 2146 1171 2187; x_wconf 89' lang='lat' dir='ltr'><strong>quid</strong></span> <span class='ocrx_word' id='word_1_850' title='bbox 1195 2147 1232 2178; x_wconf 91' lang='lat' dir='ltr'><strong>ad</strong></span> <span class='ocrx_word' id='word_1_851' title='bbox 1259 2157 1317 2180; x_wconf 90' lang='lat' dir='ltr'><strong>nos</strong></span> <span class='ocrx_word' id='word_1_852' title='bbox 1333 2171 1342 2187; x_wconf 95' lang='lat'><strong>,</strong></span> <span class='ocrx_word' id='word_1_853' title='bbox 1368 2149 1486 2184; x_wconf 65' lang='lat' dir='ltr'><strong>etiarnsi</strong></span> <span class='ocrx_word' id='word_1_854' title='bbox 1514 2159 1605 2183; x_wconf 66' lang='lat' dir='ltr'><strong>terrae</strong></span> <span class='ocrx_word' id='word_1_855' title='bbox 1629 2152 1686 2184; x_wconf 87' lang='lat' dir='ltr'><strong>filii</strong></span> <span class='ocrx_word' id='word_1_856' title='bbox 1716 2153 1792 2185; x_wconf 83' lang='lat' dir='ltr'><strong>fint!</strong></span> 
     </span>
     <span class='ocr_line' id='line_1_123' title="bbox 929 2186 1791 2235; baseline 0.01 -18"><span class='ocrx_word' id='word_1_857' title='bbox 929 2186 1079 2218; x_wconf 85' lang='lat' dir='ltr'><strong>Ceterum</strong></span> <span class='ocrx_word' id='word_1_858' title='bbox 1094 2197 1111 2219; x_wconf 91' lang='lat' dir='ltr'><strong>a</strong></span> <span class='ocrx_word' id='word_1_859' title='bbox 1127 2188 1340 2229; x_wconf 81' lang='lat' dir='ltr'><strong>diplomaticis</strong></span> <span class='ocrx_word' id='word_1_860' title='bbox 1355 2189 1419 2222; x_wconf 86' lang='lat' dir='ltr'><strong>illis</strong></span> <span class='ocrx_word' id='word_1_861' title='bbox 1435 2189 1608 2224; x_wconf 88' lang='lat' dir='ltr'><strong>Nobilibus</strong></span> <span class='ocrx_word' id='word_1_862' title='bbox 1624 2194 1716 2235; x_wconf 84' lang='lat' dir='ltr'><strong>longe</strong></span> <span class='ocrx_word' id='word_1_863' title='bbox 1730 2195 1791 2226; x_wconf 83' lang='lat' dir='ltr'><strong>dif-</strong></span> 
     </span>
     <span class='ocr_line' id='line_1_124' title="bbox 926 2227 1790 2274; baseline 0.01 -16"><span class='ocrx_word' id='word_1_864' title='bbox 926 2227 1036 2260; x_wconf 87' lang='lat' dir='ltr'><strong>ferunt</strong></span> <span class='ocrx_word' id='word_1_865' title='bbox 1053 2250 1065 2266; x_wconf 88' lang='lat'><strong>,</strong></span> <span class='ocrx_word' id='word_1_866' title='bbox 1095 2228 1149 2269; x_wconf 90' lang='lat' dir='ltr'><strong>qui</strong></span> <span class='ocrx_word' id='word_1_867' title='bbox 1173 2229 1247 2260; x_wconf 84' lang='lat' dir='ltr'><strong>alibi</strong></span> <span class='ocrx_word' id='word_1_868' title='bbox 1274 2229 1410 2274; x_wconf 81' lang='lat' dir='ltr'><strong>Nobiles</strong></span> <span class='ocrx_word' id='word_1_869' title='bbox 1437 2233 1501 2264; x_wconf 87' lang='lat' dir='ltr'><strong>nati</strong></span> <span class='ocrx_word' id='word_1_870' title='bbox 1527 2234 1558 2265; x_wconf 93' lang='lat' dir='ltr'><strong>in</strong></span> <span class='ocrx_word' id='word_1_871' title='bbox 1588 2233 1790 2267; x_wconf 87' lang='lat' dir='ltr'><strong>Hollandiam</strong></span> 
     </span>
     <span class='ocr_line' id='line_1_125' title="bbox 927 2269 1793 2310; baseline 0.009 -10"><span class='ocrx_word' id='word_1_872' title='bbox 927 2277 1056 2310; x_wconf 89' lang='lat' dir='ltr'><strong>penates</strong></span> <span class='ocrx_word' id='word_1_873' title='bbox 1079 2269 1149 2302; x_wconf 90' lang='lat' dir='ltr'><strong>suos</strong></span> <span class='ocrx_word' id='word_1_874' title='bbox 1176 2269 1406 2304; x_wconf 84' lang='lat' dir='ltr'><strong>transtulerant.</strong></span> <span class='ocrx_word' id='word_1_875' title='bbox 1452 2272 1497 2304; x_wconf 87' lang='lat' dir='ltr'><strong>Hi</strong></span> <span class='ocrx_word' id='word_1_876' title='bbox 1522 2284 1595 2306; x_wconf 90' lang='lat' dir='ltr'><strong>cum</strong></span> <span class='ocrx_word' id='word_1_877' title='bbox 1619 2274 1793 2308; x_wconf 88' lang='lat' dir='ltr'><strong>Nobilibus</strong></span> 
     </span>
     <span class='ocr_line' id='line_1_126' title="bbox 926 2310 1791 2356; baseline 0.009 -15"><span class='ocrx_word' id='word_1_878' title='bbox 926 2310 1080 2351; x_wconf 82' lang='lat' dir='ltr'><strong>indigenis</strong></span> <span class='ocrx_word' id='word_1_879' title='bbox 1104 2321 1164 2343; x_wconf 89' lang='lat' dir='ltr'><strong>nec</strong></span> <span class='ocrx_word' id='word_1_880' title='bbox 1190 2311 1252 2344; x_wconf 85' lang='lat' dir='ltr'><strong>sem</strong></span> <span class='ocrx_word' id='word_1_881' title='bbox 1276 2322 1309 2343; x_wconf 89' lang='lat' dir='ltr'><strong>er</strong></span> <span class='ocrx_word' id='word_1_882' title='bbox 1333 2313 1443 2345; x_wconf 88' lang='lat' dir='ltr'><strong>eodem</strong></span> <span class='ocrx_word' id='word_1_883' title='bbox 1468 2314 1537 2353; x_wconf 87' lang='lat' dir='ltr'><strong>jure</strong></span> <span class='ocrx_word' id='word_1_884' title='bbox 1559 2323 1706 2356; x_wconf 89' lang='lat' dir='ltr'><strong>utuntur,</strong></span> <span class='ocrx_word' id='word_1_885' title='bbox 1733 2326 1791 2348; x_wconf 89' lang='lat' dir='ltr'><strong>nec</strong></span> 
     </span>
     <span class='ocr_line' id='line_1_127' title="bbox 926 2321 1791 2396; baseline 0.008 -14"><span class='ocrx_word' id='word_1_886' title='bbox 926 2350 1045 2393; x_wconf 84' lang='lat' dir='ltr'><strong>semper</strong></span> <span class='ocrx_word' id='word_1_887' title='bbox 1069 2352 1202 2384; x_wconf 81' lang='lat' dir='ltr'><strong>diverso.</strong></span> <span class='ocrx_word' id='word_1_888' title='bbox 1247 2321 1475 2394; x_wconf 57' lang='lat' dir='ltr'><strong>lerivilegium,</strong></span> <span class='ocrx_word' id='word_1_889' title='bbox 1497 2357 1582 2396; x_wconf 86' lang='lat' dir='ltr'><strong>quod</strong></span> <span class='ocrx_word' id='word_1_890' title='bbox 1604 2357 1643 2388; x_wconf 90' lang='lat' dir='ltr'><strong>de</strong></span> <span class='ocrx_word' id='word_1_891' title='bbox 1673 2359 1791 2389; x_wconf 87' lang='lat' dir='ltr'><strong>redem-</strong></span> 
     </span>
     <span class='ocr_line' id='line_1_128' title="bbox 947 2393 1790 2430; baseline 0.007 -6"><span class='ocrx_word' id='word_1_892' title='bbox 947 2393 1035 2425; x_wconf 89' lang='lat' dir='ltr'><strong>tione</strong></span> <span class='ocrx_word' id='word_1_893' title='bbox 1065 2393 1223 2425; x_wconf 88' lang='lat' dir='ltr'><strong>bonorum</strong></span> <span class='ocrx_word' id='word_1_894' title='bbox 1260 2393 1431 2427; x_wconf 89' lang='lat' dir='ltr'><strong>Nobilibus</strong></span> <span class='ocrx_word' id='word_1_895' title='bbox 1468 2396 1619 2428; x_wconf 86' lang='lat' dir='ltr'><strong>dederunt</strong></span> <span class='ocrx_word' id='word_1_896' title='bbox 1656 2398 1790 2430; x_wconf 82' lang='lat' dir='ltr'><strong>Ordines</strong></span> 
     </span>
    </p>

    <p class='ocr_par' dir='ltr' id='par_1_11' title="bbox 922 2434 1789 2597">
     <span class='ocr_line' id='line_1_129' title="bbox 959 2434 1787 2479; baseline 0.006 -13"><span class='ocrx_word' id='word_1_897' title='bbox 959 2434 1103 2466; x_wconf 82' lang='lat' dir='ltr'><strong>ollandiae</strong></span> <span class='ocrx_word' id='word_1_898' title='bbox 1121 2444 1150 2471; x_wconf 88' lang='lat'><strong>9.</strong></span> <span class='ocrx_word' id='word_1_899' title='bbox 1175 2434 1266 2466; x_wconf 85' lang='lat' dir='ltr'><strong>Febr.</strong></span> <span class='ocrx_word' id='word_1_900' title='bbox 1295 2444 1384 2476; x_wconf 86' lang='lat'><strong>1593.</strong></span> <span class='ocrx_word' id='word_1_901' title='bbox 1409 2436 1490 2478; x_wconf 80' lang='lat'>(23)</span> <span class='ocrx_word' id='word_1_902' title='bbox 1513 2437 1614 2477; x_wconf 89' lang='lat' dir='ltr'><strong>idem,</strong></span> <span class='ocrx_word' id='word_1_903' title='bbox 1645 2440 1729 2479; x_wconf 89' lang='lat' dir='ltr'><strong>quod</strong></span> <span class='ocrx_word' id='word_1_904' title='bbox 1748 2440 1787 2471; x_wconf 88' lang='lat' dir='ltr'><strong>de</strong></span> 
     </span>
     <span class='ocr_line' id='line_1_130' title="bbox 923 2473 1789 2519; baseline 0.009 -14"><span class='ocrx_word' id='word_1_905' title='bbox 923 2473 1095 2506; x_wconf 85' lang='lat' dir='ltr'><strong>Nobilibus</strong></span> <span class='ocrx_word' id='word_1_906' title='bbox 1115 2475 1284 2507; x_wconf 88' lang='lat' dir='ltr'><strong>Hollandis</strong></span> <span class='ocrx_word' id='word_1_907' title='bbox 1300 2496 1310 2512; x_wconf 88' lang='lat'>‚</span> <span class='ocrx_word' id='word_1_908' title='bbox 1345 2477 1450 2508; x_wconf 86' lang='lat' dir='ltr'><strong>statuit</strong></span> <span class='ocrx_word' id='word_1_909' title='bbox 1479 2487 1604 2519; x_wconf 85' lang='lat' dir='ltr'><strong>quoque</strong></span> <span class='ocrx_word' id='word_1_910' title='bbox 1627 2480 1666 2510; x_wconf 85' lang='lat' dir='ltr'><strong>de</strong></span> <span class='ocrx_word' id='word_1_911' title='bbox 1688 2480 1789 2512; x_wconf 87' lang='lat' dir='ltr'><strong>Nobi-</strong></span> 
     </span>
     <span class='ocr_line' id='line_1_131' title="bbox 923 2516 1788 2558; baseline 0.009 -12"><span class='ocrx_word' id='word_1_912' title='bbox 923 2516 1003 2547; x_wconf 90' lang='lat' dir='ltr'><strong>libus</strong></span> <span class='ocrx_word' id='word_1_913' title='bbox 1020 2516 1178 2554; x_wconf 84' lang='lat' dir='ltr'><strong>externis,</strong></span> <span class='ocrx_word' id='word_1_914' title='bbox 1199 2517 1252 2558; x_wconf 88' lang='lat' dir='ltr'><strong>qui</strong></span> <span class='ocrx_word' id='word_1_915' title='bbox 1271 2516 1303 2548; x_wconf 91' lang='lat' dir='ltr'><strong>in</strong></span> <span class='ocrx_word' id='word_1_916' title='bbox 1318 2516 1490 2550; x_wconf 85' lang='lat' dir='ltr'><strong>Hollandia</strong></span> <span class='ocrx_word' id='word_1_917' title='bbox 1512 2519 1592 2550; x_wconf 85' lang='lat' dir='ltr'><strong>bona</strong></span> <span class='ocrx_word' id='word_1_918' title='bbox 1611 2519 1788 2553; x_wconf 86' lang='lat' dir='ltr'><strong>Familiam-</strong></span> 
     </span>
     <span class='ocr_line' id='line_1_132' title="bbox 922 2556 1163 2597; baseline 0.008 -10"><span class='ocrx_word' id='word_1_919' title='bbox 922 2566 983 2597; x_wconf 92' lang='lat' dir='ltr'><strong>que</strong></span> <span class='ocrx_word' id='word_1_920' title='bbox 1004 2556 1163 2589; x_wconf 85' lang='lat' dir='ltr'><strong>haberent.</strong></span> 
     </span>
    </p>

    <p class='ocr_par' dir='ltr' id='par_1_12' title="bbox 920 2597 1787 2879">
     <span class='ocr_line' id='line_1_133' title="bbox 965 2597 1786 2644; baseline 0.01 -16"><span class='ocrx_word' id='word_1_921' title='bbox 965 2597 1008 2629; x_wconf 84' lang='lat' dir='ltr'><strong>X.</strong></span> <span class='ocrx_word' id='word_1_922' title='bbox 1033 2597 1081 2628; x_wconf 93' lang='lat' dir='ltr'><strong>Ad</strong></span> <span class='ocrx_word' id='word_1_923' title='bbox 1106 2598 1307 2638; x_wconf 70' lang='lat' dir='ltr'><strong>quaestionem</strong></span> <span class='ocrx_word' id='word_1_924' title='bbox 1322 2622 1334 2638; x_wconf 91' lang='lat'><strong>,</strong></span> <span class='ocrx_word' id='word_1_925' title='bbox 1365 2599 1550 2641; x_wconf 83' lang='lat' dir='ltr'><strong>fimpliciter</strong></span> <span class='ocrx_word' id='word_1_926' title='bbox 1574 2603 1786 2644; x_wconf 73' lang='lat' dir='ltr'><strong>propositam,</strong></span> 
     </span>
     <span class='ocr_line' id='line_1_134' title="bbox 922 2640 1787 2685; baseline 0.009 -16"><span class='ocrx_word' id='word_1_927' title='bbox 922 2647 1028 2670; x_wconf 87' lang='lat' dir='ltr'><strong>utrum</strong></span> <span class='ocrx_word' id='word_1_928' title='bbox 1053 2647 1166 2680; x_wconf 89' lang='lat' dir='ltr'><strong>nempe</strong></span> <span class='ocrx_word' id='word_1_929' title='bbox 1188 2640 1355 2679; x_wconf 86' lang='lat' dir='ltr'><strong>damnum,</strong></span> <span class='ocrx_word' id='word_1_930' title='bbox 1378 2643 1462 2682; x_wconf 87' lang='lat' dir='ltr'><strong>quod</strong></span> <span class='ocrx_word' id='word_1_931' title='bbox 1487 2643 1583 2675; x_wconf 84' lang='lat' dir='ltr'><strong>Cives</strong></span> <span class='ocrx_word' id='word_1_932' title='bbox 1608 2645 1787 2685; x_wconf 85' lang='lat' dir='ltr'><strong>direptione</strong></span> 
     </span>
     <span class='ocr_line' id='line_1_135' title="bbox 921 2678 1785 2725; baseline 0.006 -14"><span class='ocrx_word' id='word_1_933' title='bbox 921 2680 1034 2711; x_wconf 87' lang='lat' dir='ltr'><strong>aedium</strong></span> <span class='ocrx_word' id='word_1_934' title='bbox 1051 2678 1170 2712; x_wconf 88' lang='lat' dir='ltr'><strong>suarum</strong></span> <span class='ocrx_word' id='word_1_935' title='bbox 1190 2681 1261 2722; x_wconf 88' lang='lat' dir='ltr'><strong>paffi</strong></span> <span class='ocrx_word' id='word_1_936' title='bbox 1279 2680 1369 2721; x_wconf 88' lang='lat' dir='ltr'><strong>sunt,</strong></span> <span class='ocrx_word' id='word_1_937' title='bbox 1393 2692 1410 2713; x_wconf 83' lang='lat' dir='ltr'><strong>a</strong></span> <span class='ocrx_word' id='word_1_938' title='bbox 1436 2683 1622 2725; x_wconf 77' lang='lat' dir='ltr'><strong>Magistratu</strong></span> <span class='ocrx_word' id='word_1_939' title='bbox 1639 2685 1675 2716; x_wconf 81' lang='lat' dir='ltr'><strong>lit</strong></span> <span class='ocrx_word' id='word_1_940' title='bbox 1693 2685 1785 2718; x_wconf 84' lang='lat' dir='ltr'><strong>resar—</strong></span> 
     </span>
     <span class='ocr_line' id='line_1_136' title="bbox 921 2721 1786 2765; baseline 0.007 -14"><span class='ocrx_word' id='word_1_941' title='bbox 921 2721 1066 2753; x_wconf 86' lang='lat' dir='ltr'><strong>ciendum</strong></span> <span class='ocrx_word' id='word_1_942' title='bbox 1077 2722 1094 2752; x_wconf 62' lang='lat' dir='ltr'><strong>‘e’</strong></span> <span class='ocrx_word' id='word_1_943' title='bbox 1123 2721 1175 2754; x_wconf 81' lang='lat' dir='ltr'><strong>sim</strong></span> <span class='ocrx_word' id='word_1_944' title='bbox 1201 2723 1306 2753; x_wconf 90' lang='lat' dir='ltr'><strong>liciter</strong></span> <span class='ocrx_word' id='word_1_945' title='bbox 1336 2722 1501 2764; x_wconf 84' lang='lat' dir='ltr'><strong>respondet</strong></span> <span class='ocrx_word' id='word_1_946' title='bbox 1527 2725 1696 2757; x_wconf 76' lang='lat' dir='ltr'><strong>Consultor</strong></span> <span class='ocrx_word' id='word_1_947' title='bbox 1719 2727 1786 2765; x_wconf 77' lang='lat' dir='ltr'><strong>qui-</strong></span> 
     </span>
     <span class='ocr_line' id='line_1_137' title="bbox 920 2761 1784 2804; baseline 0.005 -11"><span class='ocrx_word' id='word_1_948' title='bbox 920 2762 990 2794; x_wconf 89' lang='lat' dir='ltr'><strong>dam</strong></span> <span class='ocrx_word' id='word_1_949' title='bbox 1010 2761 1107 2802; x_wconf 82' lang='lat'><strong>(24),</strong></span> <span class='ocrx_word' id='word_1_950' title='bbox 1134 2773 1166 2794; x_wconf 88' lang='lat' dir='ltr'><strong>re</strong></span> <span class='ocrx_word' id='word_1_951' title='bbox 1181 2764 1357 2795; x_wconf 88' lang='lat' dir='ltr'><strong>arciendum</strong></span> <span class='ocrx_word' id='word_1_952' title='bbox 1384 2764 1453 2796; x_wconf 81' lang='lat' dir='ltr'><strong>effe.</strong></span> <span class='ocrx_word' id='word_1_953' title='bbox 1499 2766 1574 2797; x_wconf 79' lang='lat' dir='ltr'><strong>Non</strong></span> <span class='ocrx_word' id='word_1_954' title='bbox 1599 2767 1784 2804; x_wconf 85' lang='lat' dir='ltr'><strong>intercedo,</strong></span> 
     </span>
     <span class='ocr_line' id='line_1_138' title="bbox 920 2803 1782 2879; baseline 0.005 -43"><span class='ocrx_word' id='word_1_955' title='bbox 920 2803 942 2836; x_wconf 90' lang='lat' dir='ltr'><strong>fi</strong></span> <span class='ocrx_word' id='word_1_956' title='bbox 957 2812 1016 2844; x_wconf 87' lang='lat' dir='ltr'><strong>qua</strong></span> <span class='ocrx_word' id='word_1_957' title='bbox 1037 2803 1089 2835; x_wconf 85' lang='lat' dir='ltr'><strong>Iex</strong></span> <span class='ocrx_word' id='word_1_958' title='bbox 1107 2803 1164 2843; x_wconf 84' lang='lat' dir='ltr'><strong>fit,</strong></span> <span class='ocrx_word' id='word_1_959' title='bbox 1189 2812 1224 2835; x_wconf 90' lang='lat' dir='ltr'><strong>ut</strong></span> <span class='ocrx_word' id='word_1_960' title='bbox 1240 2803 1285 2836; x_wconf 90' lang='lat' dir='ltr'><strong>est</strong></span> <span class='ocrx_word' id='word_1_961' title='bbox 1308 2806 1386 2845; x_wconf 83' lang='lat' dir='ltr'><strong>apud</strong></span> <span class='ocrx_word' id='word_1_962' title='bbox 1410 2805 1547 2847; x_wconf 69' lang='lat' dir='ltr'><strong>Populos</strong></span> <span class='ocrx_word' id='word_1_963' title='bbox 1573 2807 1727 2879; x_wconf 37' lang='lat' dir='ltr'><strong>quosdssm·</strong></span> <span class='ocrx_word' id='word_1_964' title='bbox 1751 2809 1782 2840; x_wconf 91' lang='lat' dir='ltr'><strong>in</strong></span> 
     </span>
    </p>

    <p class='ocr_par' dir='ltr' id='par_1_13' title="bbox 1704 2859 1784 2881">
     <span class='ocr_line' id='line_1_139' title="bbox 1704 2859 1784 2881; baseline 0.025 -2"><span class='ocrx_word' id='word_1_965' title='bbox 1704 2859 1784 2881; x_wconf 82' lang='lat' dir='ltr'><strong>rien-</strong></span> 
     </span>
    </p>
   </div>
   <div class='ocr_carea' id='block_1_7' title="bbox 1741 145 1807 180">
    <p class='ocr_par' dir='ltr' id='par_1_14' title="bbox 1741 145 1807 180">
     <span class='ocr_line' id='line_1_140' title="bbox 1741 145 1807 180; baseline 0.03 -2"><span class='ocrx_word' id='word_1_966' title='bbox 1741 145 1807 180; x_wconf 62' lang='lat'><strong>289</strong></span> 
     </span>
    </p>
   </div>
   <div class='ocr_carea' id='block_1_8' title="bbox 918 2926 1782 3297">
    <p class='ocr_par' dir='ltr' id='par_1_15' title="bbox 921 2926 1085 2955">
     <span class='ocr_line' id='line_1_141' title="bbox 921 2926 1085 2955; baseline 0 -1"><span class='ocrx_word' id='word_1_967' title='bbox 921 2934 967 2955; x_wconf 85' lang='lat'><strong>10.</strong></span> <span class='ocrx_word' id='word_1_968' title='bbox 989 2926 1017 2954; x_wconf 81' lang='lat' dir='ltr'><strong>in</strong></span> <span class='ocrx_word' id='word_1_969' title='bbox 1037 2926 1085 2955; x_wconf 89' lang='lat' dir='ltr'><strong>fin.</strong></span> 
     </span>
    </p>

    <p class='ocr_par' dir='ltr' id='par_1_16' title="bbox 921 2962 1781 3039">
     <span class='ocr_line' id='line_1_142' title="bbox 958 2962 1781 3002; baseline 0.004 -10"><span class='ocrx_word' id='word_1_970' title='bbox 958 2965 970 3001; x_wconf 92' lang='lat'>(</span> <span class='ocrx_word' id='word_1_971' title='bbox 983 2965 1037 3001; x_wconf 86' lang='lat'><strong>19)</strong></span> <span class='ocrx_word' id='word_1_972' title='bbox 1056 2962 1204 3002; x_wconf 68' lang='lat' dir='ltr'><strong>Rcfilutien</strong></span> <span class='ocrx_word' id='word_1_973' title='bbox 1217 2974 1270 2993; x_wconf 81' lang='lat' dir='ltr'><strong>van</strong></span> <span class='ocrx_word' id='word_1_974' title='bbox 1284 2963 1455 3001; x_wconf 65' lang='lat' dir='ltr'><strong>Cr-›fideraza‘e</strong></span> <span class='ocrx_word' id='word_1_975' title='bbox 1470 2970 1514 2993; x_wconf 78' lang='lat' dir='ltr'><strong>ten</strong></span> <span class='ocrx_word' id='word_1_976' title='bbox 1531 2965 1589 3002; x_wconf 57' lang='lat' dir='ltr'><strong>tylle</strong></span> <span class='ocrx_word' id='word_1_977' title='bbox 1605 2974 1658 2994; x_wconf 73' lang='lat' dir='ltr'><strong>‘can</strong></span> <span class='ocrx_word' id='word_1_978' title='bbox 1675 2965 1705 2994; x_wconf 86' lang='lat' dir='ltr'><strong>de</strong></span> <span class='ocrx_word' id='word_1_979' title='bbox 1722 2965 1781 2995; x_wconf 77' lang='lat' dir='ltr'><strong>W&#39;it</strong></span> 
     </span>
     <span class='ocr_line' id='line_1_143' title="bbox 921 3003 1168 3039; baseline -0.012 0"><span class='ocrx_word' id='word_1_980' title='bbox 921 3011 949 3039; x_wconf 82' lang='lat' dir='ltr'><strong>P·</strong></span> <span class='ocrx_word' id='word_1_981' title='bbox 973 3011 1037 3038; x_wconf 83' lang='lat'><strong>79²-</strong></span> <span class='ocrx_word' id='word_1_982' title='bbox 1058 3003 1083 3030; x_wconf 77' lang='grc' dir='ltr'>ἃ</span> <span class='ocrx_word' id='word_1_983' title='bbox 1105 3010 1168 3036; x_wconf 82' lang='lat'><strong>793·</strong></span> 
     </span>
    </p>

    <p class='ocr_par' dir='ltr' id='par_1_17' title="bbox 958 3040 1378 3077">
     <span class='ocr_line' id='line_1_144' title="bbox 958 3040 1378 3077; baseline -0.007 -8"><span class='ocrx_word' id='word_1_984' title='bbox 958 3041 1044 3077; x_wconf 85' lang='lat'><em>(20)</em></span> <span class='ocrx_word' id='word_1_985' title='bbox 1063 3040 1141 3067; x_wconf 82' lang='lat' dir='ltr'><strong>Plac.</strong></span> <span class='ocrx_word' id='word_1_986' title='bbox 1162 3040 1211 3067; x_wconf 89' lang='lat'><strong>111.</strong></span> <span class='ocrx_word' id='word_1_987' title='bbox 1234 3048 1260 3073; x_wconf 84' lang='lat'><strong>4.</strong></span> <span class='ocrx_word' id='word_1_988' title='bbox 1282 3048 1310 3074; x_wconf 85' lang='lat'><strong>4.</strong></span> <span class='ocrx_word' id='word_1_989' title='bbox 1335 3043 1378 3068; x_wconf 91' lang='lat'><strong>16.</strong></span> 
     </span>
    </p>

    <p class='ocr_par' dir='ltr' id='par_1_18' title="bbox 918 3077 1782 3153">
     <span class='ocr_line' id='line_1_145' title="bbox 959 3077 1782 3118; baseline 0.004 -12"><span class='ocrx_word' id='word_1_990' title='bbox 959 3079 1039 3114; x_wconf 82' lang='lat'><em>(21)</em></span> <span class='ocrx_word' id='word_1_991' title='bbox 1060 3077 1143 3114; x_wconf 88' lang='lat' dir='ltr'><strong>Apud</strong></span> <span class='ocrx_word' id='word_1_992' title='bbox 1161 3078 1335 3105; x_wconf 87' lang='lat' dir='ltr'><strong>Camdenum</strong></span> <span class='ocrx_word' id='word_1_993' title='bbox 1352 3077 1470 3106; x_wconf 84' lang='lat' dir='ltr'><strong>Annales</strong></span> <span class='ocrx_word' id='word_1_994' title='bbox 1485 3078 1570 3116; x_wconf 82' lang='lat' dir='ltr'><strong>Angl.</strong></span> <span class='ocrx_word' id='word_1_995' title='bbox 1594 3081 1622 3108; x_wconf 86' lang='lat' dir='ltr'><strong>in</strong></span> <span class='ocrx_word' id='word_1_996' title='bbox 1635 3079 1782 3118; x_wconf 75' lang='lat' dir='ltr'><strong>Elisabetha</strong></span> 
     </span>
     <span class='ocr_line' id='line_1_146' title="bbox 918 3115 1313 3153; baseline -0.008 -8"><span class='ocrx_word' id='word_1_997' title='bbox 918 3125 947 3153; x_wconf 89' lang='lat' dir='ltr'><strong>p.</strong></span> <span class='ocrx_word' id='word_1_998' title='bbox 970 3120 1036 3150; x_wconf 86' lang='lat'><strong>630.</strong></span> <span class='ocrx_word' id='word_1_999' title='bbox 1058 3115 1082 3142; x_wconf 79' lang='grc' dir='ltr'>ἀ</span> <span class='ocrx_word' id='word_1_1000' title='bbox 1102 3119 1167 3149; x_wconf 86' lang='lat'><strong>679.</strong></span> <span class='ocrx_word' id='word_1_1001' title='bbox 1190 3115 1215 3143; x_wconf 65' lang='grc' dir='ltr'><strong>ὅ(</strong></span> <span class='ocrx_word' id='word_1_1002' title='bbox 1233 3117 1313 3143; x_wconf 85' lang='lat'><strong>1682.</strong></span> 
     </span>
    </p>

    <p class='ocr_par' dir='ltr' id='par_1_19' title="bbox 959 3152 1530 3190">
     <span class='ocr_line' id='line_1_147' title="bbox 959 3152 1530 3190; baseline 0.004 -10"><span class='ocrx_word' id='word_1_1003' title='bbox 959 3154 1038 3189; x_wconf 84' lang='grc'>(22)</span> <span class='ocrx_word' id='word_1_1004' title='bbox 1058 3153 1188 3180; x_wconf 84' lang='lat' dir='ltr'><strong>Aitzeina</strong></span> <span class='ocrx_word' id='word_1_1005' title='bbox 1202 3152 1238 3181; x_wconf 85' lang='lat' dir='ltr'><strong>L.</strong></span> <span class='ocrx_word' id='word_1_1006' title='bbox 1258 3153 1394 3181; x_wconf 86' lang='lat' dir='ltr'><strong>XXXVI.</strong></span> <span class='ocrx_word' id='word_1_1007' title='bbox 1415 3162 1442 3190; x_wconf 89' lang='lat' dir='ltr'><strong>p.</strong></span> <span class='ocrx_word' id='word_1_1008' title='bbox 1463 3158 1530 3190; x_wconf 80' lang='lat'><strong>624.</strong></span> 
     </span>
    </p>

    <p class='ocr_par' dir='ltr' id='par_1_20' title="bbox 960 3190 1368 3227">
     <span class='ocr_line' id='line_1_148' title="bbox 960 3190 1368 3227; baseline 0 -9"><span class='ocrx_word' id='word_1_1009' title='bbox 960 3191 1043 3227; x_wconf 85' lang='lat'>(23)</span> <span class='ocrx_word' id='word_1_1010' title='bbox 1063 3190 1141 3219; x_wconf 85' lang='lat' dir='ltr'><strong>Plac.</strong></span> <span class='ocrx_word' id='word_1_1011' title='bbox 1162 3192 1199 3219; x_wconf 89' lang='lat'><strong>11.</strong></span> <span class='ocrx_word' id='word_1_1012' title='bbox 1225 3198 1250 3225; x_wconf 75' lang='lat'><strong>5.</strong></span> <span class='ocrx_word' id='word_1_1013' title='bbox 1272 3199 1297 3218; x_wconf 89' lang='lat'><strong>2.</strong></span> <span class='ocrx_word' id='word_1_1014' title='bbox 1324 3199 1368 3218; x_wconf 87' lang='lat'><strong>10.</strong></span> 
     </span>
    </p>

    <p class='ocr_par' dir='ltr' id='par_1_21' title="bbox 962 3228 1408 3268">
     <span class='ocr_line' id='line_1_149' title="bbox 962 3228 1408 3268; baseline 0.004 -12"><span class='ocrx_word' id='word_1_1015' title='bbox 962 3228 1159 3268; x_wconf 77' lang='lat' dir='ltr'><strong>(24)Canfi1.</strong></span> <span class='ocrx_word' id='word_1_1016' title='bbox 1180 3228 1216 3257; x_wconf 88' lang='lat' dir='ltr'><strong>B.</strong></span> <span class='ocrx_word' id='word_1_1017' title='bbox 1237 3229 1274 3257; x_wconf 79' lang='lat' dir='ltr'><strong>T.</strong></span> <span class='ocrx_word' id='word_1_1018' title='bbox 1294 3230 1317 3257; x_wconf 92' lang='lat' dir='ltr'><strong>l.</strong></span> <span class='ocrx_word' id='word_1_1019' title='bbox 1346 3231 1408 3258; x_wconf 77' lang='lat'><strong>182.</strong></span> 
     </span>
    </p>

    <p class='ocr_par' dir='ltr' id='par_1_22' title="bbox 1179 3268 1238 3297">
     <span class='ocr_line' id='line_1_150' title="bbox 1179 3268 1238 3297; baseline 0.017 -2"><span class='ocrx_word' id='word_1_1020' title='bbox 1179 3268 1238 3297; x_wconf 82' lang='lat' dir='ltr'><strong>Oo</strong></span> 
     </span>
    </p>
   </div>
  </div>
 </body>
</html>
