2008 3436
362 121 400 156 F.
477 118 515 154 C.
592 111 960 154 CONRADI
1034 111 1479 149 PRAEFATIO.
1750 123 1816 158 293

49 222 114 252 xus
134 211 326 257 ambiguae.
351 209 394 245 de
412 207 519 255 pastis
537 206 755 243 continenter
771 201 916 248 adjeffls
930 229 940 244 ‚
968 199 1190 247 quaestionis:
1220 201 1384 245 proxime
1401 213 1506 247 opem
1527 201 1762 251 auxiliumque
1782 201 1818 237 si-

51 265 90 302 bi
111 255 253 310 poscere
280 259 465 296 videbatur
498 258 629 292 incluta
654 254 730 290 sz
760 261 918 288 ΑΧΙΩΣιΣ
949 251 1010 286 ΙΧ.
1041 251 1084 284 l).
1112 260 1160 285 ns
1186 251 1228 284 L.
1256 250 1404 285 Rnonm
1431 261 1480 286 nr.
1504 261 1634 294 jaci-u,
1662 265 1730 289 non
1757 252 1821 288 mi-

52 325 136 355 nus,
165 323 266 358 qnam
287 312 319 353 in
338 321 379 345 ea
397 309 587 354 deprecans
603 304 797 341 Eudaemon
814 329 827 346 ,
854 300 1075 347 naufragium
1093 299 1246 343 faciens,
1272 297 1308 333 ἃ
1334 298 1476 335 fatalem
1498 301 1541 334 ab
1565 301 1820 347 Interpretibus

52 365 286 409 direptionem
319 358 483 405 perpeffa.
535 357 611 403 Jam
636 363 717 390 ante
744 352 914 388 Nostrum
949 350 1089 399 quidem
1116 349 1208 397 Legi
1234 348 1384 384 adlrlietae
1425 348 1635 385 subvenerat
1667 351 1822 396 jaconus

54 414 349 450 Gornorunnus:
376 408 433 443 sed
450 417 517 443 nec
534 406 561 442 is
577 403 694 440 officio
722 401 925 450 perfunzfius
947 409 1042 436 erat:
1067 398 1106 434 <Sc
1130 399 1317 445 loquuntur
1335 398 1468 445 lingula
1489 397 1590 444 hujus
1604 410 1822 435 commenta-

53 463 160 499 tionis
176 461 310 506 capita,
347 467 513 505 quantum
540 455 619 491 Viri
642 452 777 489 Summi
802 452 987 499 diligentia
1011 450 1181 496 reliquum
1202 448 1348 491 fecerit,
1376 447 1412 484 ἃ
1433 459 1537 495 quam
1560 450 1699 484 uberem
1719 477 1726 489 ,
1755 450 1823 483 dis-

54 510 230 548 sentiendi
252 508 289 544 &
313 505 522 544 emendandi
550 504 735 540 materiem
751 503 905 538 attulerit
933 499 1080 548 ingenio
1097 501 1468 535 &mummi-mmo.
1522 498 1659 533 Salvam
1678 500 1826 533 omnino

54 563 190 608 Legem
211 558 309 605 cupit
328 556 460 594 Noster
474 583 484 599 ,
512 564 722 601 omnemque
745 553 788 588 ab
805 563 847 588 ea
865 552 937 587 vim
957 548 1211 596 prohibendam
1237 550 1374 584 censet:
1402 548 1436 582 Si
1454 547 1534 595 quid
1554 557 1670 582 tamen
1688 558 1824 582 mutau-

55 612 138 648 dum
154 609 333 651 videatur,
360 605 620 642 observationes
635 604 668 640 in
691 602 782 637 hanc
807 613 880 637 rem
901 600 1012 635 dedit.
1065 597 1302 646 Naufragium
1338 597 1472 633 scilicet
1494 598 1528 632 in
1549 598 1648 632 Italia
1670 597 1800 633 fasium
1819 625 1829 639 ‚

55 659 147 708 quod
170 657 347 704 insequuta
365 654 413 692 est
434 654 526 702 apud
547 653 716 700 Cyclades
734 652 906 699 direptio,
933 648 954 684 fi
973 646 1156 683 molestum
1174 647 1214 682 sit
1235 647 1360 689 nimis,
1386 658 1499 695 neque
1518 648 1664 682 omnino
1682 647 1716 682 id
1743 647 1826 683 tole-

56 709 200 746 randum
216 705 415 743 existiment
436 704 572 740 Eruditi
588 729 600 747 ,
635 703 717 739 licet
739 702 856 738 multis
878 698 993 735 modis
1012 695 1108 732 reue
1135 697 1285 743 intelligi
1305 697 1424 743 poffit:
1452 708 1513 733 eos
1535 697 1747 740 AEthaliam‚
1775 699 1829 731 ln-

58 760 161 796 sulam
179 769 286 804 prope
316 757 479 799 Samum,
515 753 725 799 Cycladibus
755 750 926 792 vicinam,
957 747 993 783 ἄ
1018 746 1123 782 Livio
1144 758 1394 788 memoratam,
1422 746 1604 781 restituere
1621 746 1728 782 facile
1748 757 1828 791 per-

59 809 187 846 mittit:
223 817 300 853 quae
322 805 462 852 quidem
495 803 635 849 infignis
661 800 864 847 conjectura
886 824 898 842 ‚
933 797 1078 844 egregie
1101 796 1376 843 conspirantibus
1400 796 1571 843 ingeniis,
1599 797 1725 830 eodem
1753 795 1829 830 fere

60 868 219 904 tempore
240 854 416 902 obtigerat
442 853 618 889 Gemino
644 852 806 894 Noonr,
830 850 871 884 ab
888 847 962 894 ipso
981 846 1107 883 deinde
1134 845 1313 893 proposita
1343 846 1377 881 in
1400 845 1601 881 doctissimis
1620 845 1829 893 Observatio-

33 912 38 917 '
60 920 135 944 num
151 907 256 942 libris„
630 908 634 911 '

110 1006 156 1041 Et
184 1015 285 1052 quum
310 1002 460 1038 solemne
484 999 524 1034 sit
551 998 802 1045 Interpretibus
826 996 866 1031 ad
895 995 985 1032 hanc
1013 997 1128 1043 legem
1155 994 1389 1031 commentari
1409 994 1454 1029 de
1479 995 1649 1031 Domitio
1675 995 1799 1030 Mirus
1820 1005 1828 1029 ς

65 1055 224 1102 quamvis
243 1052 276 1088 id
294 1051 406 1086 alieno
427 1049 504 1084 loco
523 1047 597 1082 fieri
615 1048 741 1082 doceat
763 1047 914 1087 Nostcr;
942 1046 1058 1081 movit
1085 1055 1203 1080 tamen
1232 1044 1339 1089 ipsum
1358 1044 1509 1090 dignitas
1528 1044 1747 1088 argumenti,
1773 1055 1828 1078 ca-

66 1105 161 1140 lamis
176 1101 214 1137 &
243 1101 344 1135 armis
366 1098 546 1133 ferventer
569 1096 779 1143 disceptati,
812 1095 985 1139 maxima,
1015 1102 1052 1130 ut
1076 1094 1245 1141 peculiari
1268 1092 1519 1129 Diss'ertatione
1538 1095 1621 1128 illud
1642 1093 1830 1139 pertrafiia-

66 1163 135 1189 tum
151 1149 315 1192 adderet,
341 1158 462 1193 parum
486 1146 647 1183 intereffe
671 1156 789 1190 ratus,
822 1146 880 1181 hic
899 1156 939 1180 an
964 1145 1070 1187 alibi,
1096 1155 1198 1190 quam
1225 1154 1317 1177 nove
1340 1142 1591 1186 constituisset,
1618 1143 1830 1178 sententiam

63 1199 262 1247 explicaret.
320 1198 406 1233 Non
441 1196 606 1232 Gaonus
640 1197 755 1243 placet
777 1223 787 1238 ,
821 1195 924 1231 maris
952 1196 1149 1230 libertatern
1180 1192 1355 1234 afferens,
1390 1203 1461 1227 non
1496 1193 1708 1237 Sztnanus,
1736 1203 1830 1227 mare

62 1247 241 1286 claudens:
273 1246 359 1283 nihil
389 1246 530 1292 patriae,
565 1245 652 1280 nihil
672 1244 894 1281 assentationi
912 1244 948 1280 ἃ
966 1243 1116 1292 partium
1144 1242 1258 1278 studio
1271 1270 1280 1285 ‚
1308 1241 1392 1277 nihil
1411 1242 1635 1289 praemiorum
1653 1241 1831 1288 exspeetas

61 1298 150 1336 tioni
177 1295 445 1333 concedendum
467 1307 479 1338 3
514 1293 601 1331 citra
629 1295 724 1341 spem
746 1304 947 1342 metumque
964 1321 974 1337 ,
1010 1295 1097 1328 citra
1129 1291 1304 1328 adfcetum
1321 1292 1499 1338 agendum
1516 1301 1615 1336 erat,
1643 1303 1684 1328 ac
1700 1291 1832 1327 tuenda

62 1348 166 1384 maris
185 1357 263 1382 curn
281 1345 445 1387 libertas,
469 1353 543 1380 turn
566 1344 775 1381 dominium.
835 1344 951 1380 Altius
977 1341 1219 1389 investiganda
1244 1351 1318 1378 erat
1343 1342 1505 1378 Dominii
1528 1343 1630 1390 origo
1652 1341 1690 1378 &
1712 1341 1834 1378 nativa

61 1398 190 1440 virtus,
215 1406 298 1431 mox
317 1393 445 1441 paens,
483 1394 639 1430 moribus
654 1422 664 1438 ,
696 1394 832 1441 legibus
859 1393 1044 1430 informata
1060 1390 1098 1427 δε
1122 1391 1239 1428 aneta:
1267 1391 1468 1438 explicandi
1486 1402 1585 1428 erant
1603 1392 1708 1427 maris
1726 1402 1832 1427 occu-²

63 1447 188 1494 pandi,
223 1444 259 1480 ἃ
284 1454 452 1492 perpetua
476 1442 678 1490 poffeffione
702 1443 906 1488 retinendi,
939 1443 1059 1486 modi;
1086 1439 1124 1477 &
1142 1441 1223 1489 quid
1240 1441 1299 1476 hic
1319 1441 1462 1478 valeant
1478 1441 1598 1487 paffta,
1625 1441 1709 1489 quid
1732 1450 1834 1477 extra

63 1495 320 1532 conventiones
338 1493 378 1529 fit
400 1492 507 1540 juris,
535 1494 592 1540 qui
610 1492 674 1529 sint
692 1493 837 1530 dominii
858 1492 1024 1529 maritimi
1041 1491 1209 1535 effeetus,
1242 1490 1458 1527 videndum:
1493 1491 1706 1527 excutienda
1732 1500 1835 1526 erant

63 1545 284 1588 testimonia,
311 1543 432 1590 quibus
453 1543 648 1579 dominium
666 1544 771 1580 maris
791 1542 1011 1587 adfirmatur,
1040 1541 1077 1578 ἃ
1093 1542 1257 1588 exempla
1284 1540 1453 1576 Gentium
1474 1567 1484 1584 ‚
1517 1552 1594 1588 quae
1617 1539 1721 1576 maris
1740 1539 1835 1587 poti·

63 1605 109 1632 tae
133 1594 203 1631 effe
227 1592 465 1641 perhibentur.
519 1594 724 1640 Apparebat
746 1620 756 1637 ‚
790 1593 971 1629 Oceanum
990 1617 1002 1636 ‚
1039 1604 1106 1639 qua
1135 1600 1256 1638 patet,
1289 1590 1511 1634 universum,
1538 1602 1604 1627 nec
1620 1599 1835 1637 occupatum

61 1656 215 1693 unquam
232 1642 298 1680 effe
311 1670 322 1686 ,
347 1654 413 1678 nec
436 1643 601 1689 occupari
622 1643 719 1690 poffe
737 1655 748 1687 3
772 1651 905 1690 partem
922 1643 1090 1689 occupari
1105 1640 1224 1688 poss'e,
1252 1639 1310 1676 sed
1329 1650 1397 1676 non
1415 1639 1474 1676 diu
1487 1640 1652 1684 retineri,
1679 1641 1759 1686 quia
1774 1639 1835 1675 de-

62 1695 152 1732 serta
173 1692 372 1741 poffeffione
386 1693 480 1730 inter
498 1692 634 1728 Gentes
653 1693 850 1728 dominium
876 1693 1069 1737 amittitur,
1096 1690 1133 1726 δι
1149 1690 1241 1727 redit
1260 1689 1304 1727 ad
1322 1690 1420 1725 usum
1436 1700 1665 1726 communem
1683 1701 1694 1732 3
1720 1697 1836 1736 neque

62 1744 170 1779 ullum
188 1743 292 1779 hodie
312 1753 406 1777 mare
423 1742 594 1789 Principis
612 1743 757 1791 alicujus
774 1742 911 1779 ditione
926 1743 1038 1780 teneri
1049 1740 1131 1786 ,nisi
1151 1751 1219 1789 qua
1236 1739 1332 1776 forte
1348 1739 1383 1776 in
1403 1740 1489 1776 illud
1510 1748 1602 1776 terra
1618 1738 1835 1775 dominetur.

62 1793 146 1831 Hoc
161 1793 268 1829 modo
289 1803 404 1838 operae
428 1793 580 1838 pretium
610 1803 684 1830 erat
710 1792 976 1837 demonstraffe,
1012 1791 1080 1830 effe
1101 1803 1199 1828 mare
1226 1791 1393 1834 liberum,
1420 1789 1514 1837 quod
1535 1801 1605 1825 non
1626 1789 1837 1836 possidetur,

61 1843 119 1879 vel
138 1841 333 1879 universum
352 1841 512 1890 poffideri
529 1844 675 1891 nequit3
704 1842 772 1879 effe
797 1853 912 1880 tamen
943 1843 1118 1886 clausurn,
1151 1840 1173 1877 fi
1186 1840 1277 1889 juste
1296 1841 1485 1886 occupanti
1507 1839 1592 1876 dent
1610 1839 1680 1875 fata
1697 1850 1766 1875 non
1784 1840 1838 1874 in-

61 1902 251 1938 terruptam
267 1891 521 1940 poss'effionem.
570 1893 654 1929 Hoc
667 1893 989 1941 Jureconsultorum
1006 1901 1191 1936 veterum,
1216 1890 1381 1926 adversus
1398 1890 1544 1925 aliorum
1561 1889 1840 1932 criminationes,

62 1940 212 1980 fantiam
237 1942 340 1979 nobis
363 1943 503 1989 praestat
527 1942 772 1980 auetoritatem
788 1969 800 1987 ‚
833 1955 930 1979 mare
953 1953 1048 1978 nunc
1078 1949 1199 1978 natura
1219 1941 1383 1975 omnibus
1400 1949 1540 1984 patere,
1568 1950 1662 1975 nunc
1678 1938 1802 1974 nullius
1828 1965 1838 1980 ,

63 1992 137 2040 ejus
154 1992 251 2028 usum
275 1993 434 2038 omniurn
457 2004 703 2036 communem,
739 2003 833 2029 nunc
848 1993 991 2041 populi,
1015 1990 1285 2028 accommodate
1311 1988 1421 2035 adjus
1440 1988 1612 2024 Gentium
1630 1988 1840 2035 suorumque

63 2051 260 2090 temporum
276 2042 420 2088 statum,
445 2043 542 2080 recle
559 2042 780 2079 dietantium.

111 2141 208 2176 Bene
225 2139 307 2177 huic
323 2139 564 2178 Differtationi
586 2141 761 2186 succedit,
786 2142 945 2188 quamvis
962 2141 1071 2189 longo
1088 2147 1251 2185 tempore
1269 2137 1345 2185 post
1361 2138 1492 2184 editus,
1519 2135 1668 2185 perinde
1683 2145 1843 2172 momen-

65 2189 197 2232 tosum,
223 2189 296 2225 imo
314 2202 397 2226 vero
414 2191 627 2237 praecipuum
640 2193 729 2239 Juris
752 2190 925 2227 Gentium
950 2201 1078 2238 caput,
1103 2190 1191 2234 viura
1209 2190 1341 2226 scilicet
1362 2190 1600 2235 Legatorum,
1626 2184 1778 2222 tranans
1803 2184 1843 2222 δε

66 2237 290 2288 quaestionem
315 2240 567 2276 vexatiffimam
596 2241 768 2278 definiens
790 2268 800 2284 ‚
834 2241 942 2276 Liber
968 2241 1148 2289 singularis
1180 2250 1228 2274 niz
1253 2249 1344 2273 rono
1371 2239 1626 2280 Laenronun,
1654 2247 1695 2272 m
1722 2236 1843 2272 ciust

67 2300 143 2326 TAM
175 2289 314 2331 Οινηι,
348 2299 448 2333 QUAM
475 2290 686 2326 CRIMINALI.
735 2289 867 2337 Neque
892 2288 985 2327 hanc
1019 2302 1062 2327 ex
1086 2288 1243 2336 Legibus
1267 2288 1454 2331 civilibus,
1480 2286 1575 2334 quod
1600 2284 1757 2332 plurimis
1784 2284 1843 2320 usu

64 2338 241 2387 quondam
268 2341 387 2380 venit,
420 2349 535 2386 neque
559 2350 604 2374 ex
629 2339 701 2375 sola
717 2340 988 2376 ratiocinatione
1005 2367 1015 2383 ,
1048 2339 1107 2375 ubi
1125 2340 1233 2385 genio
1254 2339 1460 2384 plerumque
1475 2339 1537 2372 suo
1561 2335 1747 2381 indulgent
1762 2332 1843 2369 scri-

63 2397 190 2435 ptores
207 2413 220 2431 ,
250 2389 308 2424 sed
330 2399 374 2423 ex
399 2389 481 2435 Jure
512 2386 716 2424 &moribus
743 2388 916 2425 Gentium
948 2388 1184 2425 illustrandum
1201 2387 1388 2436 judicabat
1406 2385 1628 2433 amplissimus
1654 2385 1844 2420 BYNKERS-

68 2445 239 2474 nonmus-
292 2438 440 2473 Occasio
458 2436 632 2474 scribendi
650 2449 694 2474 ex
714 2436 808 2473 fatto
833 2437 895 2484 ipfi
913 2448 1016 2474 nata:
1042 2449 1147 2485 quum
1172 2439 1215 2473 ad
1241 2437 1348 2472 finem
1366 2435 1448 2472 anni
1463 2434 1689 2471 MDCCXX.
1715 2433 1846 2470 immo·

68 2487 150 2525 dice
167 2486 329 2523 fervente
347 2486 546 2530 affionum,
572 2499 655 2534 quas
671 2495 881 2523 mercatores
899 2496 1052 2531 vocant,
1078 2487 1246 2535 negotio,
1270 2486 1428 2533 Legatus
1451 2484 1563 2521 Ducis
1579 2483 1752 2520 Holsatiae
1771 2482 1846 2518 Ha·

67 2536 308 2584 ga'Comitum
325 2536 627 2573 Amstelodamurn
645 2538 679 2574 se
695 2535 911 2580 contuliss‘et,
937 2536 975 2574 δε
990 2537 1128 2574 strenue
1149 2543 1345 2580 mercatus,
1371 2534 1522 2582 plurium
1546 2533 1688 2570 debitor
1705 2531 1817 2568 fafitus
1833 2558 1844 2576 ,

67 2586 151 2620 rnox
173 2586 312 2632 Hagam
328 2585 544 2630 revertisset,
586 2585 819 2622 creditoribus
852 2586 990 2623 Curiam
1020 2585 1222 2622 Hollandiae
1245 2584 1476 2629 adeuntibus,
1501 2595 1544 2620 ac
1559 2583 1761 2619 mandatum
1779 2582 1846 2616 Ar-

68 2633 152 2684 resti
168 2633 205 2669 ἃ
229 2635 264 2669 in
281 2635 340 2682 Jus
364 2636 594 2672 vocationem
618 2635 900 2684 impetrantibus.
951 2636 1055 2672 Curia
1084 2635 1245 2671 decrevit
1261 2633 1441 2670 Arrestum
1461 2636 1496 2670 in
1514 2633 1634 2669 omnia
1654 2633 1763 2679 legati
1782 2630 1846 2665 bo-

70 2692 115 2738 na
129 2707 149 2737 ,·
167 2684 323 2729 exceptis
345 2693 464 2721 tamen
480 2685 685 2722 utensilibus
705 2685 742 2722 δε
761 2686 896 2733 reliquo
911 2685 1118 2733 Legationis
1134 2693 1326 2733 apparatu,
1352 2683 1480 2720 citavit
1496 2681 1636 2729 insuper
1651 2682 1847 2726 Legatum,

71 2732 175 2768 lnit1o
194 2731 238 2786 ad
253 2731 367 2777 aedes,
391 2733 472 2770 dein
487 2746 551 2781 per
567 2734 745 2771 Edietum.
798 2735 861 2771 Ille
879 2734 925 2770 de
946 2735 1080 2771 violato
1109 2735 1280 2771 Gentium
1304 2735 1389 2782 Jure
1406 2732 1498 2780 apud
1518 2732 1672 2767 Ordines
1689 2729 1846 2764 Genera·

71 2781 122 2816 les
141 2790 308 2828 queritur.
358 2783 509 2819 Ordines
524 2784 727 2821 Hollandiae
743 2785 956 2821 sententiam
977 2785 1111 2829 Curiae,
1138 2784 1182 2821 ad
1200 2795 1303 2832 quam
1321 2794 1375 2819 res
1391 2794 1434 2818 ea
1450 2780 1672 2828 pertinebat,
1696 2785 1844 2825 1·θὲἓῦῑὲ

72 2828 161 2885 haec·
182 2831 388 2866 sententiam
408 2833 555 2879 exponit
577 2835 613 2870 in
638 2834 794 2881 Epistola
816 2833 854 2870 ἃ
880 2835 1046 2871 mandata
1070 2834 1129 2871 sua
1154 2833 1327 2871 defendit.
1380 2833 1518 2877 Magna
1538 2828 1605 2864 fuit
1624 2838 1664 2862 ac
1679 2826 1847 2862 diuturna

75 2879 248 2933 Or—dinum
266 2890 345 2914 cum
360 2879 517 2918 foederati
531 2883 664 2931 Belgii,
690 2892 763 2920 tum
782 2884 986 2920 Hollandiae
1003 2896 1044 2921 ea
1058 2884 1104 2920 de
1122 2896 1158 2920 re
1184 2880 1413 2919 deliberatio:
1439 2877 1571 2914 Noster
1596 2876 1738 2922 saepius,
1761 2876 1847 2923 quid

73 2927 136 2963 fibi
159 2928 337 2982 videretur
354 2954 364 2970 ‚
396 2928 648 2969 sciscitantibus
677 2934 818 2977 amicis,
853 2945 957 2980 quam
986 2933 1155 2982 privatim
1178 2932 1333 2973 dixerat,
1359 2928 1504 2973 publico
1523 2926 1654 2972 scripto
1670 2925 1849 2970 explicare·

73 2977 285 3015 sentent1am
299 2978 522 3024 promiserat:
549 2988 634 3018 mox
653 2981 760 3020 fidem
779 2984 955 3019 liberavit.
1006 2985 1054 3019 Et
1071 2984 1162 3018 hanc
1187 2991 1290 3016 unam
1314 2978 1404 3020 effe,
1437 2987 1540 3024 quam
1554 2975 1791 3022 ⁴perniciosum
1809 2972 1848 3010 δε

76 3025 279 3080 exitiabile,
305 3025 328 3061 fi
346 3026 439 3073 quod
454 3039 605 3076 unquam
620 3030 726 3068 fuerit
742 3032 878 3080 eritque
898 3032 1088 3068 Aetionum
1115 3027 1366 3066 commercium
1383 3026 1509 3062 saeculo
1533 3023 1649 3060 nostro
1668 3024 1847 3068 attulerit,

76 3075 391 3120 commoditatem,
417 3076 560 3124 elegans
579 3078 625 3115 de
650 3080 719 3116 hoc
736 3083 854 3118 labore
877 3083 1244 3117 BYNKtRsnomtiANo
1259 3076 1433 3124 judicium
1466 3074 1516 3111 est
1535 3073 1616 3110 Viri
1640 3073 1819 3110 Clariffimi
1839 3100 1848 3117 ,

77 3124 132 3170 Jo.
153 3125 375 3170 Barbeyrad,
401 3125 635 3165 Antecefforis
656 3129 898 3178 Groningani:
926 3129 1038 3178 qui&
1058 3126 1389 3174 interpretationem
1413 3124 1491 3161 libri
1516 3123 1638 3159 eximii
1656 3123 1849 3165 Gallicam,

75 3173 203 3209 additis
219 3173 403 3227 luculentis
418 3175 718 3214 observationibus
739 3205 750 3221 ‚
783 3179 997 3225 procuravit.
1050 3178 1258 3228 Quanquam
1279 3186 1364 3211 vero
1384 3175 1484 3210 eausa
1499 3172 1648 3220 Legati,
1675 3171 1710 3208 5¹¹
1727 3172 1849 3219 Belgio
1880 3177 1885 3180 ’

76 3228 163 3259 tunc
190 3232 323 3272 agitata
347 3250 359 3270 ,
391 3233 468 3261 erat
495 3225 643 3264 omnino
671 3228 805 3265 civilis:
839 3228 973 3265 Noster
995 3237 1116 3264 tamen
1141 3225 1415 3270 disputationem
1432 3223 1480 3261 de
1499 3222 1579 3259 soro
1594 3223 1792 3271 legatorum
1814 3221 1849 3256 in

1190 3275 1224 3310 O
1242 3285 1264 3312 0
1291 3284 1310 3320 3
1771 3280 1850 3306 caua
