2008 3436
785 224 819 266 *C
872 229 905 266 A
956 230 979 265 Ρ

1030 228 1152 263 UT

447 110 854 151 'CORNELII
905 118 1009 147 vAN
1057 106 1653 145 BYNKERSHOEK

1251 227 1299 264 V.

213 323 416 380 Disputatur
439 331 590 379 adversus
612 343 687 375 eos,
710 331 765 376 qui
784 331 878 376 putta
905 335 1040 424 aqpcffe
1066 327 1134 409 reli;
1159 326 1212 360 vel
1235 327 1269 359 i'n
1295 325 1502 371 universum,
1515 322 1548 369 fi
1573 324 1776 361 detrahentia
1792 326 1882 374 fine,

933 390 984 412 me
1012 389 1027 412 θ
1052 386 1089 410 UO
1105 383 1172 410 blm.

167 476 277 563 Irzeffl
295 480 369 522 quid
387 479 422 512 fit
434 503 443 518 ,
466 478 603 510 diximus
620 478 657 508 C.
684 476 708 508 Ι.
753 475 839 507 Hinc
857 475 943 506 ultro
962 474 1027 505 col—

226 523 322 563 ligas,
340 521 413 562 quid
433 519 585 560 fignificet
607 529 643 550 ex
656 523 742 558 parte
760 519 802 548 rei
823 516 919 557 ineffe.
964 515 1027 546 Cu-

332 563 429 594 eritus
443 560 609 592 definiendi
625 558 762 596 artifex,
784 558 815 589 in
833 556 886 589 sua
902 555 1029 597 praeser-

181 571 288 601 acius,

166 575 226 637 Jtim
245 614 300 635 cau
318 615 352 642 a,
375 603 411 634 ad
428 602 554 633 Paulam
577 601 607 632 in
631 601 651 631 l.
671 609 724 639 40.
740 599 781 640 ff.
803 600 836 629 de
861 598 902 630 R.
917 598 948 628 C.
973 599 1029 628 cir-

167 654 204 677 ca
234 647 307 677 med.
339 646 383 676 ita
407 644 493 675 infit:
523 641 603 682 Inest
624 643 719 683 igitur
746 639 907 671 contrczttui
926 637 1029 679 siritio

166 687 224 727 (de
243 687 332 727 pasto
350 684 469 724 adjecto
487 683 581 714 verba
600 682 688 722 sunt)
703 679 889 722 stipulationi
897 678 1031 720 stric'tae,

168 735 206 759 ‘est
221 733 306 768 parte
325 728 367 757 rei
386 726 526 762 debendi,
541 725 612 765 scil.
633 730 665 754 ut
679 730 726 754 reo
739 721 846 763 profit,
870 722 960 752 citiori
978 731 1029 751 aii-

167 775 223 800 tem
242 774 362 799 7toceat:
385 777 441 798 non
458 767 547 797 etiam
565 776 601 796 ex
614 771 700 805 parte
717 765 820 795 actoris
830 761 894 801 five
912 763 1031 794 credito-

169 811 228 848 iis,
249 815 285 840 ‘tit
306 810 332 840 ei
345 807 442 849 prosit.
488 807 572 838 Idem
593 807 706 838 clarius
733 805 796 836 alio
814 805 889 836 loco
907 804 945 835 ad
963 804 991 834 α’.
1010 803 1031 834 l.

170 850 295 891 Pcz‘citiiii
316 849 478 892 siibjeffmm
497 847 686 888 stipulationi
703 846 921 885 incontinenti,
944 846 970 875 ei
988 846 1031 875 in-

169 891 210 933 2st
225 898 358 932 exparte
381 893 424 922 rei
453 890 574 921 debendi
597 895 732 926 tantum,
753 894 785 918 tit
795 887 913 927 scilicet
932 886 958 916 ez'
974 885 1032 926 {pr

164 937 233 976 jure
246 932 400 973 proficiat,
425 941 482 962 non
498 932 587 961 etiam
599 932 725 971 praebeat
739 929 875 960 creditori
892 927 1032 958 actionem

169 985 206 1006 ex
224 973 382 1016 stipulatio.
436 972 527 1004 Unde
554 979 706 1012 apparet,
735 980 772 1001 ex
783 975 869 1010 parte
888 970 932 1000 rei
948 967 1031 1008 irieffi

168 1016 249 1048 nihil
272 1016 355 1047 aliud
382 1015 467 1047 velle
480 1036 492 1052 ,
519 1022 611 1054 quam
627 1012 803 1044 debitorem
818 1009 884 1051 ipso
902 1010 969 1050 jure
989 1010 1031 1041 se-

170 1067 282 1089 curum
306 1057 367 1089 effe
383 1080 393 1096 ,
426 1055 446 1088 fi
472 1055 539 1094 ejus
566 1054 696 1095 gratiam
714 1059 905 1084 concernunt
922 1050 1008 1092 pacta
1024 1073 1035 1088 ,

169 1109 233 1130 non
252 1098 313 1130 esse
328 1107 428 1138 opus,
439 1104 474 1128 nt
489 1097 514 1127 is
534 1095 615 1126 unde
632 1096 749 1136 petitur
767 1092 924 1133 excipiat,
939 1101 1036 1133 quum

172 1140 251 1171 illud
264 1164 273 1179 ‚
298 1140 370 1181 quod
388 1141 432 1169 ita
452 1137 616 1169 detrahitur
627 1135 815 1177 stipulationi
825 1156 837 1172 ,
854 1135 975 1173 perinde
982 1131 1034 1171 fit,

171 1180 254 1255 {itast
269 1191 320 1212 nec
339 1179 461 1220 veiziffet
486 1180 518 1209 in
540 1188 623 1215 eam,
649 1186 683 1208 ut
703 1176 785 1209 refte
805 1176 848 1206 ait
867 1174 1035 1206 Doneiius.

192 1222 263 1263 neffe
282 1232 318 1253 ex
337 1228 422 1262 parte
441 1219 545 1252 actoris
560 1218 634 1259 quid
661 1218 716 1257 fit,
739 1227 756 1248 a
776 1215 937 1247 contrario
956 1213 1038 1246 scire

170 1264 268 1296 licet:
289 1263 435 1296 nimirum
452 1262 489 1293 ad
505 1260 659 1291 actionem
686 1257 827 1299 prodeffe
839 1279 849 1294 ,
869 1256 890 1288 fi
905 1255 991 1296 pacta
1009 1264 1038 1285 e-

172 1305 222 1346 jus
237 1304 438 1337 commodum
456 1301 602 1343 spectent.
656 1299 827 1340 Ulpianum
847 1298 891 1328 ita
908 1297 1039 1336 loquen-

172 1356 240 1421 {em
258 1347 331 1378 vide
347 1346 378 1377 in
396 1345 416 1376 l.
442 1353 471 1384 7.
506 1341 535 1383 ᾗ.
554 1350 585 1381 5.
605 1340 646 1382 ff.
672 1342 705 1372 de
729 1338 815 1372 Pati.
859 1336 948 1370 Adde
967 1337 1039 1378 Cap.

192 1413 199 1420 .
234 1390 269 1419 ub
312 1398 343 1419 η.

212 1386 327 1461 ls?ranfic.
354 1427 577 1459 Hotomannus
613 1420 725 1463 Illiistr.
755 1419 862 1469 Qcaeft.
873 1420 1036 1453 XXXVI.

171 1470 314 1503 usitatam
325 1469 356 1500 in
373 1468 497 1500 Scholis
508 1466 705 1498 locutionem
723 1463 753 1492 23
777 1473 814 1495 ex
827 1469 916 1503 parte
931 1463 973 1494 rei
990 1463 1036 1493 in·

175 1513 226 1554 effe
242 1534 253 1550 ,
284 1518 430 1551 tanquam
456 1509 542 1550 vulgi
575 1516 668 1538 errore
700 1504 848 1537 inductam
880 1503 1039 1542 traducit,

172 1564 246 1586 cum
273 1551 440 1583 dicendum
469 1550 545 1582 effet
555 1572 566 1588 ,
592 1558 629 1580 ex
642 1553 729 1588 parte
746 1547 788 1578 rei
805 1546 897 1577 locum
914 1546 1037 1584 habere,

198 1601 338 1626 raeeunte
368 1592 504 1633 Ulpiano
533 1591 565 1622 in
593 1592 622 1622 d.
646 1588 675 1631 §.
698 1598 729 1629 5.
752 1589 773 1620 l.
799 1596 828 1628 7.
843 1587 884 1628 ff.
907 1587 940 1618 de
956 1585 1037 1627 pact.

211 1637 262 1668 ein
291 1635 335 1666 ita
361 1634 482 1675 pergit:
514 1632 626 1664 Locum
652 1632 755 1662 hahere
776 1634 911 1669 exparte
929 1630 972 1659 rei
984 1633 1038 1668 pa-

175 1678 253 1710 &wn
276 1677 404 1713 dicitur,
437 1685 500 1706 cum
533 1675 560 1705 ei
587 1674 625 1705 ad
648 1673 845 1712 exceptionem
862 1670 953 1701 valet.
999 1668 1043 1700 Et·

172 1726 247 1762 pag.
265 1719 354 1759 proee.
378 1716 467 1758 Ir'zeffe
487 1726 524 1747 ex
539 1721 625 1756 parte
643 1713 747 1745 actoris
766 1710 825 1753 est,
849 1711 948 1743 valere
965 1711 1002 1743 ad
1011 1721 1042 1741 α-

180 1761 303 1793 &ionem
326 1781 334 1791 .
359 1783 367 1790 .
393 1783 400 1790 .
424 1783 431 1789 .
453 1757 509 1799 ipfiJ
521 1757 589 1799 jure
607 1754 655 1787 vel
679 1755 887 1792 minuendam,
912 1752 960 1783 ‘vel
983 1762 1043 1783 arn-

175 1801 369 1844 plificarzdczm
389 1823 399 1839 ,
432 1808 549 1840 quorum
573 1797 647 1829 illud
670 1795 760 1827 atton·
776 1800 878 1833 nocet,
902 1794 952 1825 hoc
976 1803 1043 1824 vero

198 1840 299 1883 rodeft.
345 1839 529 1881 Descriptio
546 1839 627 1881 pacti
642 1846 682 1869 ex
699 1845 787 1878 parte
804 1836 849 1868 rei
868 1836 976 1867 locum
992 1834 1043 1866 ha-

174 1850 285 1918 {entis
301 1881 373 1915 satis
392 1882 472 1913 bene
489 1881 519 1913 se
535 1881 649 1920 habet,
680 1888 753 1910 cuin
769 1886 810 1909 ex
832 1880 860 1909 ii.
885 1876 912 1918 ἓ.
935 1883 966 1917 5.
991 1885 1043 1949 pe-

177 1927 239 1959 tita
253 1925 299 1958 fit.
355 1924 416 1956 Sed
442 1924 473 1955 in
492 1932 531 1954 eo
549 1919 728 1953 dormitasse
743 1918 810 1951 fere
824 1918 957 1951 dixerim
975 1916 994 1949 Ι
1011 1927 1044 1948 o-

178 1973 384 2004 tomannum,
418 1964 504 2005 quod
528 1963 613 2004 ineffe
641 1963 672 1994 &
698 1962 789 1993 locum
814 1961 915 1992 habere
930 1965 1046 1999 aparte

179 2011 224 2041 rei
241 2015 306 2039 non
321 2005 509 2038 distinxerit.
555 2004 647 2037 Paua
662 2002 788 2044 possunt
808 2001 921 2033 habere
939 2001 1047 2033 locum

180 2061 200 2082 a
213 2050 310 2081 latere
326 2048 495 2086 debitoris,
518 2047 540 2078 i.
561 2055 587 2077 e.
610 2045 648 2076 ad
665 2043 863 2084 exceptionis
878 2041 1047 2073 adminicu—

180 2093 248 2124 lum
275 2084 442 2130 prodelse,
471 2097 567 2129 quum
593 2094 696 2118 tamen
714 2094 778 2117 non
797 2084 908 2123 infint,
928 2083 949 2114 i.
973 2092 1002 2114 e.
1023 2083 1047 2114 i-

181 2132 239 2175 pso
265 2131 355 2171 jure,
387 2128 494 2170 suapte
517 2135 627 2160 natura
649 2126 824 2158 debitorem
840 2130 903 2157 non
919 2123 1048 2155 reddant

182 2181 301 2205 tutum.
345 2170 442 2213 Quod
458 2169 495 2201 ad
512 2169 588 2209 juris
611 2168 816 2200 subtilitatem
835 2167 865 2198 &
879 2164 1047 2203 effectum,

182 2213 330 2247 novimus
345 2211 470 2244 differre
481 2211 671 2252 plurimum,
695 2216 800 2239 utrum
817 2207 964 2240 liberatio
974 2215 1047 2238 con-

183 2257 285 2297 tingat
301 2253 404 2285 statim
425 2253 464 2284 ab
487 2250 671 2292 interposito
694 2249 786 2291 patto
802 2273 812 2287 ‚
835 2259 872 2280 an
892 2257 969 2278 vero
985 2257 1049 2278 non

183 2297 241 2330 nili
263 2295 495 2327 interveniente
508 2292 644 2324 hominis
659 2291 847 2331 excipientis
864 2288 1047 2321 ministerio.

184 2338 334 2378 Cujaeius
361 2346 378 2368 a
401 2336 483 2367 bona
503 2342 609 2365 mente
627 2342 691 2364 non
710 2332 753 2363 ita
770 2331 969 2367 diverterat,
994 2337 1050 2367 ut,

184 2379 207 2413 fi
226 2377 320 2411 ineffe
336 2387 352 2408 a
367 2385 454 2418 parte
472 2376 515 2407 rei
531 2375 610 2406 nihil
627 2373 702 2405 ess'et
712 2396 724 2412 ,
746 2382 837 2414 quam
853 2372 889 2403 ad
907 2370 1047 2412 praescri-

184 2421 329 2462 ptionem
344 2419 468 2457 valere,
491 2415 570 2449 istuc
596 2415 727 2457 probare
752 2413 915 2451 conando,
935 2421 1049 2454 magno

186 2469 278 2494 motu
304 2460 383 2492 nihil
409 2459 575 2500 quicquam
604 2464 736 2497 ageret,
761 2455 903 2496 quamvis
923 2454 1001 2485 lianc
1019 2453 1048 2484 ei

187 2510 325 2535 mentem
344 2501 471 2542 affingat
490 2500 564 2531 Ant.
583 2497 682 2529 Faber
697 2498 728 2529 in
749 2497 871 2528 Ration.
896 2495 932 2527 ad
949 2495 969 2527 l.
989 2495 1048 2526 Le-

186 2543 244 2576 aa.
291 2542 382 2574 Paua
406 2549 562 2581 numque,
595 2539 671 2570 licet
694 2548 734 2570 ex
760 2537 931 2569 intervallo
950 2536 1025 2568 fiant
1039 2559 1048 2575 ‚

188 2591 293 2617 tamen
314 2582 537 2622 exceptionem
562 2589 669 2620 parere
691 2580 766 2620 juris
792 2579 836 2610 est
851 2579 930 2610 certi
949 2578 979 2610 &
995 2586 1050 2608 ex-

187 2625 319 2668 plorati.
364 2622 460 2667 Quod
486 2629 591 2653 autem
619 2620 843 2652 Hotomaiinus
862 2627 954 2651 notat
971 2619 1050 2650 w'ex

180 2673 268 2710 parte
287 2667 330 2697 rei·
349 2663 433 2706 ineffe
450 2663 511 2695 fine
522 2663 589 2704 lege
599 2661 660 2693 dici
670 2684 681 2700 ,
692 2662 775 2702 quod
785 2661 821 2693 ad
830 2660 997 2693 formulam
1009 2660 1050 2691 ita

187 2704 387 2747 coniunClam
412 2705 579 2736 concedo:
612 2701 677 2744 ipsa
699 2702 794 2733 vei-ba
812 2725 821 2741 ,
854 2700 989 2743 separata
1007 2709 1049 2732 ta-

188 2759 281 2788 men,
312 2747 447 2788 reperies
470 2746 500 2777 in
533 2746 562 2776 d.
592 2745 612 2775 l.
639 2753 689 2784 27.
735 2768 741 2774 .
765 2753 796 2783 5.
826 2752 864 2774 ex
883 2743 971 2783 queis
987 2752 1052 2773 rem

188 2790 199 2822 i
226 2789 287 2822 sam
310 2789 406 2821 facile
432 2787 475 2819 est
498 2786 660 2825 colligere.
740 2793 780 2815 oc
804 2784 909 2825 potius
926 2783 1023 2814 mii-or
1042 2807 1051 2822 ,

230 2839 434 2863 otomannum
449 2838 513 2860 non
531 2818 733 2864 erubescere,
755 2835 826 2857 cum
846 2823 908 2866 ipsc
928 2824 990 2856 sine
1009 2824 1050 2855 le-

212 2883 229 2903 e
246 2873 276 2904 &
290 2872 412 2904 ratione
426 2870 509 2912 intffe
527 2880 563 2901 ex
578 2874 663 2909 parte
679 2866 783 2899 afforis
799 2866 973 2904 describat,
998 2875 1050 2896 va-

204 2923 250 2945 ere
272 2915 311 2945 ad
337 2912 478 2944 astionem
494 2912 551 2953 ipsi)
563 2910 630 2952 jure
662 2909 849 2941 minuendam
865 2908 912 2938 vel
928 2905 1053 2946 amplifi-

190 2955 324 2986 eandam.
379 2953 428 2985 De
452 2951 697 2993 amplificatione
722 2949 805 2981 recte
820 2972 829 2987 ,
860 2948 909 2980 sed
927 2947 1051 2989 pactio,

193 3005 263 3036 quae
282 2995 330 3035 jus
346 2995 460 3027 actoris
476 2992 625 3031 destruit,
647 2990 807 3033 quomodo
828 2990 952 3021 dicetur
968 2997 1006 3019 ex
1024 2999 1052 3019 c-

190 3036 313 3076 jusdem
336 3044 425 3077 parte
449 3035 543 3067 inesse
561 3059 571 3074 ,
603 3043 675 3065 cum
704 3041 808 3064 tamen
831 3032 861 3062 in
891 3030 986 3063 solius
1010 3030 1053 3061 rei

191 3078 394 3108 commodum
412 3076 588 3117 operetur?

217 3117 399 3162 ‘Sci-endum
417 3118 461 3150 cst
478 3127 574 3159 pori-o
587 3142 596 3157 ,
621 3118 709 3160 pacta
726 3126 743 3148 a
762 3123 851 3156 parte
869 3114 911 3145 rei
932 3113 983 3145 seu
1002 3113 1053 3144 de-

192 3157 326 3196 bitoris,
357 3160 451 3190 etiam
475 3160 658 3191 detrahentia
680 3161 710 3191 <sc
735 3157 900 3189 minue‘mz'a
917 3153 1053 3186 vocitari

192 3198 231 3232 ab
254 3197 490 3241 lnterpietibus.
545 3200 591 3234 Ea
619 3209 723 3239 autem
748 3198 822 3242 quid
848 3197 907 3234 fint
926 3220 936 3237 ‚
974 3196 1053 3231 benc

1050 470 1134 512 ,prae
1153 471 1273 503 czeteris
1294 467 1517 503 Hotomannus
1536 473 1564 503 d.

1580 469 1697 557 ffQgiaest.
1716 472 1879 506 XXXVI.
1901 475 1933 508 δε

1073 513 1347 544 Commentatores
1381 514 1416 544 ad
1453 514 1473 545 l.
1504 523 1554 554 72.
1614 540 1620 547 .
1648 518 1681 544 ae
1715 520 1806 546 contr.
1845 521 1930 556 empt.

1072 553 1156 585 Puto
1175 561 1278 585 tamen
1298 556 1489 600 αᾴτναιζέηῑία
1505 557 1534 588 ἃ
1552 557 1727 599 αα]“ἱεὶεηῑία
1742 565 1805 588 non
1822 557 1934 589 eodem

1073 595 1163 640 plane
1185 596 1281 625 modo
1298 595 1349 626 hic
1364 597 1449 635 dici,
1470 607 1506 629 ae
1527 598 1557 628 in
1581 600 1610 630 d.
1634 598 1654 629 l.
1677 606 1726 637 72.
1752 598 1791 628 de
1809 606 1933 630 natura-

1072 635 1155 682 libus
1171 635 1235 682 sive
1249 636 1472 669 aCCCffionibus
1496 639 1710 671 contractuum
1727 662 1737 678 ,
1761 648 1858 680 quum
1874 639 1936 671 alia

1073 677 1115 722 ibi
1136 676 1171 722 [jt
1189 677 1275 722 illiue
1291 679 1509 718 appellationis
1529 680 1559 712 ὅ(
1575 680 1652 720 juris
1671 679 1752 710 ratio
1767 703 1776 718 ‚
1798 680 1849 712 sed
1865 680 1935 712 fim-

1073 718 1204 764 pliciter
1218 719 1393 759 aslyi‘cz‘entit'z
1409 720 1461 750 hic
1479 720 1557 758 esse,
1579 731 1648 761 quae
1667 720 1705 751 ab
1731 721 1864 760 actoris,
1887 723 1936 753 de-

1073 759 1242 805 tralgentza,
1267 769 1336 800 quae
1357 769 1374 790 a
1389 761 1435 792 rei
1453 762 1593 802 partibus
1611 770 1779 802 operantur
1795 772 1853 802 eo,
1870 772 1937 804 quo

1074 799 1232 838 diximus,
1255 800 1368 832 modo:
1391 802 1420 834 ὅ(
1440 803 1612 842 rationem,
1646 812 1704 833 cur
1719 802 1766 833 hae
1788 803 1935 844 loquendi

1073 840 1220 888 foi-mulae
1237 841 1488 888 confundantur,
1513 845 1591 876 hane
1606 839 1686 882 effe,
1711 844 1814 884 quod,
1832 844 1938 885 liquid

1075 883 1238 928 adjiciatur
1255 881 1460 924 obligationi,
1486 885 1564 916 illud
1595 893 1716 917 tantum
1734 894 1798 916 non
1819 884 1938 926 semper

1074 924 1130 955 fiat
1153 933 1184 954 in
1213 922 1355 970 favorem
1381 925 1522 964 ῑιξὶοήες
1548 926 1569 959 fi
1587 926 1660 967 quid
1686 925 1883 966 detrahatur,
1907 928 1947 961 in·

1074 964 1217 1015 favprem
1234 974 1289 996 rei.
1334 962 1440 1012 l'oss'et
1456 967 1679 1006 nihilominus,
1702 974 1939 1008 quanquam-ra-

1075 1015 1132 1044 ro,
1155 1014 1266 1036 contra
1282 1005 1347 1037 fieri
1359 1030 1369 1046 ,
1395 1016 1430 1038 ut
1446 1007 1475 1039 in
1494 1009 1545 1040 die
1567 1009 1694 1047 addito,
1721 1009 1772 1040 vel
1789 1009 1941 1044 detracto.

1077 1046 1138 1079 Sed
1154 1046 1184 1078 &
1196 1056 1238 1093 *cqc
1247 1053 1333 1093 purte
1356 1047 1459 1079 moris
1479 1049 1542 1081 live
1558 1052 1601 1082 νει·
1616 1059 1679 1082 non
1702 1050 1835 1082 omnino
1849 1060 1940 1083 accu-

1078 1096 1145 1120 rate
1172 1088 1233 1119 dici
1260 1087 1430 1134 disputabis
1446 1111 1457 1128 ,
1487 1091 1558 1131 quia
1584 1091 1671 1132 paCta
1694 1098 1854 1131 μονὸπλενρφ
1874 1093 1943 1125 dari

1079 1128 1165 1170 posse
1180 1135 1243 1160 non
1268 1130 1415 1176 uidentur
1432 1142 1440 1162 t
1471 1133 1587 1164 etenim
1604 1131 1687 1172 ineffe
1707 1131 1729 1164 fi
1746 1133 1825 1164 idem
1845 1133 1942 1166 deno-

1081 1178 1148 1208 tet,
1167 1179 1202 1201 ac
1217 1169 1287 1215 fieri
1309 1176 1426 1210 partem
1448 1171 1534 1212 ipsius
1558 1173 1739 1213 contractius,
1773 1173 1913 1214 sequitur
1928 1199 1941 1215 ‚

1081 1210 1166 1255 quod
1184 1220 1286 1242 omnis
1303 1213 1478 1244 conventio
1495 1215 1532 1244 ab
1548 1222 1679 1255 utraque
1696 1224 1783 1256 parte
1804 1215 1874 1247 insit
1884 1238 1896 1254 ,
1910 1217 1943 1248 &

1080 1261 1134 1291 ea,
1154 1260 1228 1298 fluae
1245 1251 1344 1297 vulgo
1359 1262 1375 1283 a
1395 1253 1493 1285 latei-e
1508 1255 1552 1285 rei
1575 1255 1710 1294 dicitur,
1740 1256 1835 1287 etiam
1855 1257 1894 1288 ab
1913 1267 1943 1288 a-

1082 1292 1178 1339 &toris
1193 1291 1334 1338 partibus
1350 1302 1517 1339 operetur:
1542 1305 1675 1336 namque
1689 1296 1751 1327 hoc
1766 1296 1883 1336 efficit,
1907 1306 1945 1331 ut

1082 1343 1149 1374 ejus
1175 1333 1257 1364 attio
1287 1333 1356 1374 i-pso
1384 1344 1453 1374 jure
1475 1335 1513 1367 ad
1540 1336 1571 1368 id
1586 1336 1739 1368 duntaxat
1755 1346 1916 1377 competat
1933 1362 1945 1378 ,

1081 1375 1167 1416 quod
1193 1374 1283 1422 pacto
1306 1375 1462 1408 sublatum
1492 1386 1557 1409 non
1583 1377 1636 1409 est.
1683 1378 1801 1410 Verum
1823 1378 1846 1411 fi
1861 1380 1888 1408 τὶ
1908 1388 1947 1412 ex

1076 1422 1164 1464 parte
1183 1415 1286 1463 actorzr
1303 1417 1354 1447 vel
1370 1419 1414 1448 rei
1428 1425 1548 1450 tantum
1569 1416 1705 1461 accipias
1732 1429 1791 1461 pro
1807 1421 1840 1451 in
1857 1419 1945 1453 alter-

1080 1464 1175 1501 utrius
1200 1463 1331 1504 gratiarn
1347 1457 1383 1505 &³
1398 1463 1570 1492 commodum
1599 1460 1876 1502 (quemadmodum
1895 1471 1955 1497 ac÷¹

1081 1506 1210 1548 ceptum
1226 1499 1411 1531 crediderim
1429 1501 1466 1532 ab
1485 1502 1621 1542 Ulpiano
1638 1503 1670 1535 in
1691 1504 1718 1534 d.
1729 1502 1749 1534 l.
1761 1512 1789 1544 7.
1806 1504 1839 1533 de
1844 1503 1948 1546 past.)

1081 1542 1162 1574 nihil
1178 1539 1242 1580 est,
1266 1542 1351 1581 quod
1368 1549 1399 1572 te
1416 1542 1485 1581 jure
1508 1543 1657 1576 offendat.
1702 1543 1756 1576 De
1773 1543 1876 1576 verbis
1893 1545 1947 1577 ha-

1080 1583 1189 1657 1{tenus
1207 1604 1219 1620 ,
1250 1589 1286 1613 ut
1309 1590 1348 1613 eo
1372 1581 1500 1617 facilior
1513 1585 1546 1618 in
1563 1594 1629 1617 rem
1643 1584 1741 1627 ipsam
1757 1584 1813 1618 fiat
1833 1585 1958 1627 ingres-⁴

1096 1632 1142 1658 us.
1715 1632 1719 1633 ⁷
1950 1639 1953 1643 ·

1098 1711 1101 1714 .
1127 1667 1234 1713 Atque
1253 1665 1320 1698 haec
1348 1666 1510 1701 Sententia
1533 1669 1572 1701 de
1595 1669 1693 1711 pactis
1712 1692 1723 1709 ,
1753 1678 1771 1701 a
1795 1677 1885 1711 parte
1902 1668 1950 1703 rei

1086 1716 1157 1750 quae
1175 1707 1299 1746 insunt,
1312 1707 1361 1753 ab
1377 1710 1593 1751 antiquiffimis
1613 1711 1643 1743 in
1670 1710 1803 1743 Oriente
1820 1711 1959 1753 cognita:

1088 1752 1117 1793 ἀ
1142 1757 1268 1798 recepta
1288 1749 1362 1781 fuit.
1408 1751 1486 1783 Eam
1517 1753 1635 1794 quippe
1650 1751 1740 1784 fovit
1755 1753 1947 1794 Stephanus,

1087 1791 1308 1839 celeberrimus
1326 1798 1470 1832 numma-
1489 1793 1659 1834 interpres,
1683 1793 1722 1826 ad
1738 1795 1766 1822 m*
1782 1796 1852 1826 aava
1867 1795 1950 1826 πέδας

1087 1833 1174 1883 ms·
1211 1841 1260 1864 11.
1280 1831 1321 1880 ὅ.
1351 1834 1439 1874 1.χᾶ
1463 1834 1483 1866 Ι.
1505 1845 1556 1875 40.
1579 1834 1620 1876 ff.
1651 1836 1685 1878 d?
1709 1835 1784 1868 Reb.
1810 1835 1891 1868 Cred.
1918 1835 1951 1868 δε

1088 1874 1213 1947 guidam
1234 1878 1371 1909 amma&
1395 1883 1531 1916 utroque
1555 1876 1640 1909 loco.
1694 1876 1781 1909 Exin
1802 1877 1834 1909 in
1853 1876 1951 1909 Occi-

1109 1923 1182 1946 ente
1196 1915 1284 1961 ¹hane
1297 1917 1493 1962 *opinionem
1511 1916 1573 1949 fine
1588 1918 1652 1949 ulla
1669 1916 1864 1950 haefitati‘one
1886 1917 1950 1960 pri-

1088 1966 1174 1988 mum
1203 1955 1355 1989 stabilivit
1379 1957 1492 1990 Paulus
1516 1959 1555 1990 de
1581 1958 1691 1991 Castro
1720 1959 1751 1991 in
1784 1959 1890 1991 Comm.
1911 1959 1954 1992 ad

1089 1996 1108 2029 l.
1134 2004 1163 2038 7.
1189 1997 1216 2039 §.
1238 2006 1268 2038 5.
1281 1997 1328 2039 ff
1352 2000 1386 2030 cle
1404 1998 1484 2039 pati.
1509 2010 1587 2032 rium.
1616 2009 1664 2041 15.
1688 2001 1717 2032 &
1734 1999 1811 2032 adl.
1833 1999 1951 2040 Lecta,

1088 2049 1118 2083 ri.
1145 2044 1175 2073 8.
1200 2038 1254 2086 sub
1274 2049 1363 2080 quus
1373 2039 1431 2079 firi.
1448 2039 1478 2071 se
1492 2049 1558 2072 rem
1570 2040 1741 2072 confecisse
1757 2041 1954 2081 jactuuHoec

1090 2078 1130 2121 eft
1159 2085 1272 2112 veritas
1288 2103 1298 2119 ,
1328 2081 1455 2121 inquit,
1494 2083 1526 2112 in
1553 2081 1703 2113 intellettu
1725 2082 1812 2125 hujus
1837 2081 1878 2114 L.
1898 2088 1954 2124 per

1093 2120 1180 2162 Gloff.
1199 2120 1235 2156 {5⁹
1247 2120 1333 2153 Daci.
1352 2123 1470 2154 minime
1493 2122 1578 2163 visa.-
1601 2122 1678 2154 adde
1696 2122 1813 2155 ibidem
1834 2133 1865 2155 n.
1894 2133 1952 2164 10,

1094 2165 1155 2208 13,
1181 2172 1238 2202 14,
1264 2171 1313 2209 15.
1337 2163 1367 2195 ὅ(
1394 2166 1440 2194 16.
1460 2205 1464 2209 .
1487 2163 1635 2210 attamen
1663 2171 1735 2196 ante
1761 2174 1833 2196 eum
1854 2164 1954 2198 fimile

1091 2203 1167 2253 quid
1192 2206 1303 2235 docuit
1319 2227 1330 2243 ,
1361 2202 1412 2235 sed
1435 2204 1612 2237 diffidenter
1635 2205 1803 2238 admodum
1819 2228 1830 2245 ,
1852 2206 1952 2248 Raph.

1091 2244 1254 2285 hulgosius
1288 2246 1325 2277 ad
1362 2247 1390 2277 d.
1425 2246 1445 2277 l.
1476 2256 1527 2286 40.
1559 2256 1589 2278 n.
1621 2256 1664 2285 9,
1688 2256 1735 2288 17.
1770 2246 1806 2282 ἐξ
1825 2257 1876 2288 24.
1899 2247 1953 2280 ubi

1092 2285 1213 2333 Glpffae
1224 2295 1332 2327 ‚quam
1346 2295 1439 2318 aetate
1448 2287 1627 2327 provectior
1634 2287 1715 2320 fecit
1729 2288 1875 2328 maximi,
1893 2288 1954 2322 rel-

1092 2327 1219 2374 ligione.
1238 2328 1355 2367 tactus,
1379 2328 1460 2368 quast
1494 2329 1621 2361 timidus
1646 2329 1872 2362 ita⁴balbutitt
1904 2329 1958 2362 Ita

1091 2369 1163 2400 mihi
1189 2368 1365 2409 disputative
1391 2371 1541 2401 videretur
1572 2371 1724 2402 dicendum
1756 2369 1843 2412 (scil.
1860 2371 1955 2412 *quod

1091 2410 1287 2441 detrahentia
1305 2418 1425 2441 tantum
1446 2411 1556 2452 insint)
1578 2412 1611 2442 in
1634 2410 1780 2443 'acticando
1802 2411 1884 2451 (non
1895 2410 1954 2450 est,

1092 2451 1178 2492 quod
1198 2451 1236 2482 de
1251 2452 1299 2483 his
1313 2452 1429 2491 judicia
1445 2421 1639 2494 metuamusg
1653 2453 1812 2494 sequimini
1830 2452 1953 2484 Senten-

1091 2495 1178 2538 tiam*
1194 2501 1368 2524 communem
1386 2515 1397 2531 ,
1419 2503 1477 2534 qtiae
1493 2503 1557 2524 cum
1581 2503 1629 2525 ma
1653 2503 1692 2524 na
1707 2491 1878 2534 difficultate
1888 2500 1955 2535 pos·
1992 2488 2001 2495 ’

1083 2537 1131 2575 Jet
1142 2532 1284 2575 sustineri
1299 2540 1416 2575 propter
1431 2533 1580 2574 prcedifta.
1642 2534 1711 2566 dem
1727 2534 1764 2566 ad
1785 2535 1809 2566 Ι.
1832 2535 1956 2568 Centum

1094 2575 1198 2615 Capuae
1230 2580 1260 2609 8.
1285 2575 1324 2616 ff.
1355 2577 1389 2607 de
1411 2585 1439 2606 eu
1463 2576 1534 2616 quod
1555 2580 1616 2606 cert
1650 2575 1702 2607 loc.
1725 2573 1813 2607 Fort.
1833 2575 1956 2610 Garsias

1092 2617 1129 2648 ad
1157 2617 1176 2648 l.
1203 2626 1243 2663 73
1264 2616 1292 2657 §.
1322 2618 1460 2661 quinimo.
1485 2615 1525 2657 ff.
1555 2617 1589 2647 de
1639 2615 1696 2648 aa.
1719 2627 1751 2648 n.
1771 2620 1821 2648 26.
1844 2616 1881 2653 &⁹
1902 2612 1956 2664 27.Ι

1093 2657 1144 2689 Ex
1169 2657 1354 2689 novioribus
1378 2656 1573 2698 primicerius
1596 2666 1613 2688 e
1667 2657 1730 2698 Jac.
1756 2657 1904 2698 Cujacius
1923 2661 1956 2691 in

1096 2700 1250 2730 Continent.
1275 2699 1312 2730 ad
1335 2700 1364 2729 ci.
1388 2699 1409 2729 l.
1434 2708 1462 2739 7.
1489 2697 1505 2738 J

1099 2740 1196 2786 'li-ati.
1227 2741 1265 2771 ad
1302 2739 1405 2781 Afric.
1442 2738 1528 2771 Vlll.
1563 2739 1600 2771 ad
1633 2741 1764 2781 expolit.
1797 2740 1819 2772 l.
1845 2750 1861 2772 2
1887 2765 1894 2773 .
1913 2739 1955 2782 ff.

1091 2783 1202 2822 praescr.
1227 2782 1307 2813 verb.
1333 2781 1403 2812 Lib.
1425 2780 1470 2812 X.
1503 2780 1625 2822 Obstrv.
1652 2782 1684 2814 C.
1708 2791 1759 2823 24.
1780 2781 1812 2813 in
1876 2791 1956 2814 erca-

1095 2827 1154 2853 tore
1184 2823 1207 2855 Ι.
1238 2833 1289 2864 27.
1323 2822 1352 2854 ὅ(
1382 2821 1503 2861 plenius
1524 2822 1554 2853 in
1581 2823 1687 2855 Comm.
1707 2823 1781 2864 post:
1801 2823 1838 2855 ad
1861 2823 1881 2855 l.
1907 2831 1956 2855 11.
1988 2829 1990 2831 '

1095 2862 1131 2905 §5¹
1152 2873 1177 2898 1.
1191 2864 1230 2906 ff.
1253 2867 1286 2895 de
1310 2863 1350 2894 R.
1378 2864 1411 2894 C.
1443 2863 1616 2895 Plenissime
1632 2872 1736 2896 autem
1756 2864 1793 2896 ad
1815 2864 1885 2896 Lib.
1901 2863 1956 2896 ΙΙΙ.

1099 2905 1205 2951 Qiaest.
1227 2905 1315 2937 Paul.
1342 2905 1371 2935 iii
1395 2904 1416 2935 l.
1442 2903 1543 2937 Lecta.
1590 2904 1781 2937 Guilielmus
1799 2905 1958 2938 Barclaius

1097 2955 1134 2982 ad
1162 2950 1221 2980 Tit.
1238 2946 1278 2987 ff.
1302 2947 1335 2976 de
1360 2945 1432 2976 Reb.
1459 2947 1533 2978 cred.
1559 2946 1592 2978 in
1615 2946 1636 2978 l.
1660 2956 1711 2987 40.
1765 2945 1864 2988 Hugo
1887 2944 1956 2978 Do-

1097 2991 1202 3036 nellus.
1221 2989 1258 3020 ad
1281 2988 1469 3034 earidem,·31v.
1489 2991 1542 3027 16,
1568 2998 1617 3029 24·
1640 2987 1676 3022 &⁴
1689 2986 1723 3028 st
1744 2997 1770 3029 q.
1792 2988 1829 3020 ad
1852 2988 1872 3019 l.
1887 2993 1958 3030 135.

1097 3031 1124 3074 §.
1152 3032 1220 3073 Seya
1241 3039 1270 3061 2.
1289 3028 1331 3069 ff.
1351 3030 1384 3059 de
1409 3031 1448 3058 V.
1479 3028 1519 3060 Ο.
1564 3028 1643 3061 Item
1664 3029 1701 3060 ad
1726 2997 1750 3060 ἵ.
1778 3038 1824 3071 13.
1851 3027 1887 3064 ὃ)
1906 3036 1955 3068 27.

1100 3074 1131 3105 C.
1163 3074 1196 3103 de
1223 3069 1301 3112 pact.
1335 3069 1420 3101 Hub.
1445 3069 1619 3110 Gipbanius
1635 3093 1645 3110 ,
1670 3069 1700 3101 ὅ(
1717 3069 1791 3101 Ant.
1811 3068 1959 3101 Pereziua

1096 3115 1128 3161 in
1147 3115 1174 3146 d.
1201 3113 1222 3144 l.
1251 3121 1297 3154 13.
1323 3111 1438 3152 aliique
1457 3111 1608 3151 majorum
1634 3111 1852 3152 minorumque
1871 3108 1960 3142 Gen—

1098 3163 1316 3230 tlufflovocaut
1348 3195 1396 3230 illi
1430 3193 1618 3229 Erciscund'i
1633 3193 1790 3237 praecipue
1807 3193 1879 3226 adl.
1897 3191 1956 3264 ἱεῖσ-

1937 3241 1959 3264 a

1488 2698 1515 2737 Q.
1537 2708 1567 2738 5.
1595 2699 1763 2741 &l.»135.
1787 2701 1822 2730 de
1843 2699 1884 2732 V.
1913 2699 1959 2732 O.'
2007 2700 2008 2703 ’
