2008 3436
276 117 367 156 ni:
439 111 645 152 rouo
720 109 1263 158 LEGATORUM,

37 218 129 250 cent,
140 208 243 251 sensus
252 207 312 239 erit
322 227 333 244 ,
342 202 496 236 Consules
505 226 514 241 ,
527 209 563 234 ut
573 207 607 233 ut
617 199 649 232 in
657 200 740 247 ,loco
750 197 901 246 Consula-

39 263 89 286 tus
106 249 271 284 conveniri
295 245 411 289 possint
421 267 433 284 ‚
456 253 558 276 tamen
585 243 615 274 &
633 242 685 273 hic
700 240 807 286 polle,
829 250 903 281 quia

36 305 100 327 non
118 291 339 332 intelliguntur
359 285 490 319 mutass‘e
512 292 604 316 vetus
620 283 750 321 forum,
773 282 824 314 led
845 291 900 324 po-

36 337 99 367 tius
117 342 236 367 novum
250 331 278 363 ei
295 328 450 370 adjecisse.
490 326 551 366 Et,
575 325 597 357 fi
616 334 724 356 verum
740 333 899 371 amamus,

35 375 190 409 Consules
205 373 251 406 illi
267 381 331 404 non
349 368 419 402 sant
436 367 490 400 nisi
508 369 729 400 Mercator-um
751 363 900 412 Nationtis

32 418 97 451 suae
111 414 288 448 defensores
307 413 337 445 ἀ
355 410 539 453 quandoque
552 408 646 454 etiam
663 407 802 454 judices,
818 417 900 454 ⁸quin

31 459 100 492 fere
130 457 184 498 ipsi
210 457 426 490 Mercatores,
449 460 513 482 non
538 449 636 488 missi,
659 457 695 481 ut
719 449 899 489 Principem

32 500 122 534 suum
136 495 357 540 repraesentent
368 491 448 535 apud
466 491 562 523 alium
575 490 752 533 Principem
764 513 775 529 ,
799 489 849 522 sed
864 499 898 521 ut

33 541 189 582 Principis
216 537 260 570 sui
289 534 430 568 subditos
457 540 604 565 tueantur
630 533 661 564 in
683 533 741 572 iis,
766 542 836 574 quae
859 532 897 563 ad

31 589 237 616 mercaturam
253 576 432 619 pertinent,
446 573 526 616 saepe
542 574 571 606 δε
589 581 624 606 ut
641 574 680 605 de
694 575 732 606 iis
750 575 896 606 intereos

30 625 79 666 ius
93 624 208 656 dicant.
232 619 326 656 Scio,
351 617 487 649 Ordines
506 615 660 648 Foederati
681 617 783 657 Belgii
802 624 897 655 quan-

28 666 133 707 doque
148 663 201 704 Jus
215 659 371 692 Gentium
387 659 424 690 iis
441 657 598 697 tribuisse,
624 656 675 689 scd
694 658 789 689 etiam
805 657 898 688 Wic-

29 704 228 750 quefortius,
253 700 422 733 acerrimus
439 699 580 741 alioquin
600 699 774 740 legatorum
792 706 897 740 patro-

28 757 88 782 nus
101 769 112 786 ,
134 747 207 777 dans
231 743 272 781 fes
294 742 452 774 Memoirer
473 743 521 772 der
546 740 770 781 Amlmffizdeurs
788 747 819 780 p.
843 743 896 771 60.

28 793 81 822 61.
106 788 198 820 &62.
222 780 262 821 ⁵&
278 784 376 826 ensim
391 782 601 823 Ambafflideur
617 782 688 814 Lib.
713 783 735 814 l.
763 781 838 813 Secz.
864 790 897 820 5.

28 840 62 874 p.
80 839 150 872 132.
164 837 234 870 133.
249 827 279 859 ἃ
301 835 369 868 134.
386 834 454 856 eam
471 818 625 856 Ordinum
644 823 830 856 sententiam
845 823 896 869 da-

31 880 137 910 mnat,
149 870 179 902 ὁ(
191 878 225 901 ut
241 868 377 908 aliquem
399 867 446 898 his
464 866 615 897 honorem
634 865 738 897 haberi
757 865 897 902 vult,{1c

29 921 146 955 negat,
172 910 224 942 vel
249 909 331 950 Juris
352 907 503 939 Gentium
523 906 584 938 esse
606 907 795 948 participes,
820 906 889 943 vel,

29 964 94 997 quo
110 953 150 985 dc
167 961 251 984 nunc
268 950 407 992 agimus,
419 948 480 980 ell'e
496 956 663 989 exemptos
679 947 897 993 jurisdielione

30 997 115 1037 ejus,
140 993 222 1035 apud
251 1000 343 1033 quem
375 990 512 1031 degunt,
537 998 600 1020 tam
626 989 657 1020 in
681 988 771 1020 causa
785 989 894 1027 ClVlll‚

53 1046 122 1069 uam
141 1033 304 1068 criminali.
348 1030 524 1064 Secundum
544 1030 612 1062 haec
629 1030 723 1061 etiam
739 1030 769 1061 in
788 1028 815 1071 §.
846 1038 895 1060 11.

29 1048 209 1114 Paetorum,
229 1083 298 1115 quae
322 1073 450 1104 ineunte
473 1071 558 1112 Julio
584 1071 666 1103 Anni
698 1075 787 1102 1612.
814 1070 896 1102 iuter

30 1121 256 1161 Imperatorem
272 1113 448 1146 Turcicum
460 1113 490 1144 Gt
508 1112 643 1144 Ordines
660 1111 815 1144 Foederati
828 1112 896 1144 Bel·

30 1162 73 1204 gii
97 1159 179 1192 fasta
196 1156 287 1195 sunt,
310 1154 483 1192 convenit,
506 1163 545 1186 ne
568 1154 694 1196 quidem
719 1152 895 1193 Consules,

645 1252 996 1291 CAPUT

1338 112 1377 150 C.
1414 117 1457 153 X.
1492 119 1557 155 XL
1736 124 1801 160 161

944 208 1097 232 eorumve
1111 199 1194 232 bona
1209 200 1446 242 detinerentur,
1460 203 1511 236 scd
1530 213 1631 239 tamen
1651 208 1682 241 in
1696 206 1809 249 jusvo-

946 250 1094 273 curentur
1107 242 1144 273 ad
1163 242 1298 274 tribunal
1323 243 1527 285 Imperatoris
1544 247 1688 281 Turcici.
1713 250 1811 282 ldem-

944 292 1005 324 que
1020 283 1050 315 in
1068 282 1097 324 §.
1119 293 1172 325 32.
1217 283 1373 316 Pacrormn
1389 286 1472 317 inter
1490 287 1624 320 Ordines
1640 289 1812 323 Generales

945 326 974 356 δε
991 323 1186 366 Algerienses
1205 326 1360 358 convenit
1382 327 1420 358 de
1435 327 1595 367 Consule,
1618 332 1671 371 qui
1691 332 1810 365 Alocrii

943 364 1030 397 effet.
1055 366 1164 398 Priora
1180 366 1268 407 pacta
1288 367 1383 400 habes
1400 369 1518 401 Placat.
1548 370 1628 402 Tom.
1654 371 1710 403 ΙΙΙ.
1732 356 1810 406 ²Jih.

942 407 966 440 Ι.
996 407 1055 439 Tit.
1084 416 1131 450 13.
1156 418 1186 439 n.
1211 412 1263 450 36.
1288 408 1459 450 posteriora
1475 411 1556 452 apud
1572 411 1718 443 Aitzema
1736 414 1808 446 Lib.

942 449 967 480 1.
988 456 1019 490 p.
1044 459 1080 481 m.
1106 459 1178 492 353.
1229 450 1323 482 Vides
1346 451 1522 491 bonorem,
1546 454 1599 494 qui
1621 452 1811 487 Consulibus

942 490 1092 537 habetur,
1105 499 1137 522 at
1153 500 1216 522 non
1235 501 1331 533 usque
1348 501 1407 531 eo,
1419 502 1453 524 ut
1468 494 1560 540 plane
1577 494 1731 527 immunes
1752 495 1812 527 sint

940 532 978 564 ab
993 541 1079 564 omni
1095 533 1314 572 jurisdictione
1331 535 1416 574 ejus,
1427 535 1672 567 ubicommercii
1684 545 1810 577 promo-

941 573 1034 607 vendi
1053 573 1143 605 causa
1160 574 1290 607 liaerent.

982 614 1147 662 Superest,
1172 624 1207 647 ut
1225 626 1398 658 quaeramus
1410 641 1419 658 ,
1444 619 1607 661 quomodo
1623 620 1745 661 legatus
1757 620 1810 652 ab·

941 655 1008 688 sens
1032 666 1063 688 in
1079 655 1172 696 foro,
1198 658 1283 698 quod
1303 659 1460 700 servavit,
1485 662 1723 693 conveniendus
1747 662 1808 700 sit,

940 699 1004 730 hoc
1022 697 1361 739 cst,quemadmodum
1378 701 1531 734 faciendae
1548 702 1608 734 fint
1625 703 1735 742 judicii
1754 704 1808 734 de-

941 740 1171 772 nunciationcs.
1188 741 1230 772 Et
1248 743 1375 782 quidem
1394 743 1414 775 si
1436 744 1557 785 legatus
1574 744 1668 776 etiam
1679 744 1814 776 domici-

940 782 1018 827 lium
1039 781 1207 813 retinuerit
1229 784 1309 824 apud
1331 784 1509 826 Principem
1535 785 1647 824 suum,
1670 786 1745 827 quin
1762 786 1809 826 ju-

940 823 1059 854 dicium
1076 823 1114 854 ad
1145 823 1226 856 aedes
1245 825 1449 864 denunciari,
1473 827 1503 858 δι
1527 827 1593 858 dies
1613 827 1677 859 dici
1696 827 1810 868 ponit,

940 873 1004 896 non
1024 863 1069 911 est
1085 864 1316 906 ambigendum.
1361 867 1393 899 Si
1418 877 1483 900 non
1501 869 1687 908 retinuerit,
1712 870 1743 901 in
1759 869 1810 909 jus

940 905 1126 944 vocabitur,
1153 915 1188 937 ut
1206 905 1307 939 solent
1329 908 1491 948 absentes,
1515 919 1569 950 per
1587 909 1753 949 Edictum,
1777 910 1810 942 δε

939 946 1044 986 milla,
1056 957 1125 988 quae
1141 948 1223 979 diem
1238 949 1488 990 dicit‚epissula.
1513 951 1621 991 Major
1636 950 1808 983 difficultas

938 987 1003 1027 est,
1026 989 1289 1029 quemadmodum
1316 991 1396 1031 apud
1423 1001 1481 1023 nos
1497 992 1618 1033 legatus
1639 993 1809 1025 conveniri

938 1029 1070 1067 debeat,
1094 1039 1165 1070 quae
1183 1029 1287 1062 forma
1307 1031 1563 1064 denunciationis
1580 1032 1729 1065 servanda
1747 1034 1808 1072 sit,

938 1071 970 1116 in
987 1071 1034 1102 his
1043 1072 1214 1112 nempe,in
1230 1072 1682 1113 quibusjurisdiffloninostrae
1693 1074 1806 1114 subest,

939 1113 990 1144 sed
1004 1112 1043 1143 de
1056 1122 1095 1143 eo
1111 1114 1311 1146 commodius
1326 1115 1471 1155 dicetur,
1490 1115 1544 1148 ubi
1559 1115 1598 1148 de
1615 1116 1706 1148 bonis
1726 1117 1807 1157 lega-

940 1162 1044 1186 torum
1064 1153 1164 1187 sermo
1180 1155 1251 1188 crit.

1094 1255 1180 1290 XI.

190 1346 253 1383 Ubi
278 1344 440 1382 conveniri
466 1342 578 1378 debeat
607 1343 756 1390 legatus,
781 1345 833 1389 qui
857 1344 890 1378 in
918 1344 1001 1387 loco,
1029 1345 1083 1378 uhi
1108 1345 1300 1391 legationem
1327 1348 1420 1391 obit,
1453 1347 1646 1391 habitabat,

686 1401 853 1439 antequam
879 1393 1004 1441 legatus
1030 1392 1134 1441 effer?

150 1495 236 1536 agnis
250 1492 360 1527 animis
375 1492 442 1526 haec
451 1490 584 1534 quaestio
601 1490 730 1524 nauata
745 1489 790 1524 est
800 1516 809 1531 ,
822 1502 898 1534 prae·

34 1497 142 1582 M
166 1528 271 1570 sertim
286 1545 302 1567 a
320 1533 582 1576 Wicqucfortio,
596 1535 670 1575 qui,
684 1543 718 1565 ut
735 1534 833 1566 Poeta
842 1535 898 1573 ait,

32 1583 112 1614 ηιξ,
131 1580 291 1616 ,tw-siun&
306 1577 367 1608 iim
378 1598 389 1615 ,
405 1576 490 1608 omni
508 1575 609 1607 fludio
625 1576 809 1614 contendit,
829 1574 896 1607 sub-

31 1624 133 1656 ditum
158 1619 318 1657 nostrum,
341 1618 415 1649 dum
441 1617 521 1658 apud
542 1627 600 1649 nos
619 1617 777 1658 legatione
795 1616 898 1658 fungi-

31 1673 100 1703 tur,
127 1661 229 1695 nostra
244 1659 459 1701 jurisdiCtione
483 1658 602 1697 eximi,
628 1659 658 1690 &
674 1658 847 1690 concedere
866 1660 898 1690 in

33 1704 279 1738 ‘urisdietionem
297 1700 452 1742 Principis
473 1699 614 1741 legantis.
659 1700 748 1741 Saepe
769 1707 899 1732 utuntur

30 1716 193 1787 Principes
210 1742 322 1785 legatis
337 1742 472 1780 exteris,
498 1742 573 1782 quin
590 1741 620 1773 &
637 1741 761 1773 civibus
780 1742 809 1773 ὅ(
832 1739 898 1772 sub-

30 1788 106 1821 ditis
121 1785 235 1819 nostris
252 1783 333 1825 apud
356 1781 481 1816 nosmet
497 1781 579 1824 ipsos
590 1807 600 1822 ,
625 1782 681 1815 nifi
698 1783 783 1824 quod
805 1782 897 1814 hodie

32 1829 174 1863 Franciae
192 1827 295 1868 Reges
312 1823 455 1857 subditos
471 1823 542 1856 suos
554 1849 563 1865 ,
589 1834 650 1866 qua
669 1824 809 1866 legatos,
832 1833 896 1856 non

31 1871 165 1912 amplius
180 1869 369 1906 admittant,
380 1875 417 1898 ut
433 1866 541 1898 auctor
558 1866 602 1898 est
619 1866 670 1898 M.
689 1867 728 1897 de
744 1865 897 1898 Callieres

31 1922 69 1945 en
77 1911 252 1955 samaniere
266 1910 299 1941 de
307 1909 442 1950 negocier
457 1917 528 1939 avec
543 1908 583 1939 les
599 1908 793 1946 Souveraz'ns,
806 1907 896 1948 Chap.

31 1958 64 1986 6.
82 1960 114 1995 p.
141 1962 192 1994 72.
217 1951 304 1983 Olim
319 1949 529 1988 admiserunt,
554 1950 583 1981 &
599 1949 770 1981 etiamnum
788 1949 898 1981 admit-

32 2002 106 2028 tunt
118 1994 247 2034 reliquae
265 1990 402 2030 Gentes;
427 1990 458 2022 in
478 1990 651 2022 Hollandia
666 2000 791 2032 quoque
800 2000 897 2032 quum

31 2045 69 2068 en
81 2036 120 2068 de
136 2044 170 2068 re
184 2033 409 2066 deliberaretur
424 2032 586 2064 decretum
603 2031 648 2063 est
665 2042 696 2073 3.
710 2031 791 2063 Dec.
804 2036 896 2073 1638.

34 2076 88 2110 sed
101 2075 181 2109 nihil
196 2074 372 2107 definitum.
397 2072 470 2105 Nec
484 2074 567 2105 ratio
584 2073 647 2105 ulla
662 2072 708 2105 est
719 2096 728 2112 ‚
753 2083 810 2110 cur
830 2073 898 2105 sub-

33 2118 92 2150 diti
116 2125 301 2154 arceantur,
323 2114 380 2148 nisi
401 2114 489 2146 forte
507 2114 592 2156 quod
609 2115 646 2146 ad
663 2113 805 2154 Gentes,
827 2125 896 2156 quae

33 2159 205 2201 prohibent
221 2156 379 2189 subditum
406 2155 519 2188 subditi
539 2155 758 2188 conditionem
775 2165 896 2188 mutare

33 2200 140 2243 posse,
163 2199 186 2232 fi
201 2207 314 2239 nempe
337 2197 523 2239 largiamur,
547 2197 630 2239 quod
645 2207 703 2229 nos
720 2207 785 2229 non
804 2198 895 2240 largi-

34 2252 126 2281 mur,
148 2251 184 2273 ea
206 2239 392 2272 conditione
416 2239 512 2277 exui,
535 2239 607 2280 qui,
632 2239 712 2280 apud
732 2248 789 2271 nos
807 2240 895 2271 habi-

35 2291 157 2322 tantes,
181 2281 284 2314 exteri
301 2279 456 2321 Principis
476 2281 665 2321 legationem
682 2281 810 2312 obeunt.
843 2282 896 2313 Sa-

35 2326 78 2359 tis
93 2332 198 2357 autem
214 2329 362 2364 apparet,
384 2321 423 2352 de
439 2320 508 2353 aliis
527 2322 636 2363 legatis
656 2321 735 2354 hanc
754 2322 898 2362 quaestio-

34 2376 107 2401 nem
127 2363 363 2406 intelligendam
380 2371 443 2394 non
461 2361 542 2402 effe,
566 2372 658 2402 quarn
680 2364 718 2395 de
733 2364 799 2402 his,
822 2364 898 2405 qui,

34 2409 58 2443 fi
74 2407 190 2440 subditi
207 2404 305 2437 nostri
322 2411 411 2436 antea
424 2414 488 2436 non
504 2403 652 2443 fuissent,
665 2405 796 2436 omnino
805 2404 897 2436 habe-

32 2457 104 2484 rent
121 2449 170 2490 jus
186 2445 357 2480 revocandi
375 2445 524 2484 domum,
546 2445 576 2477 ὅ(
591 2453 718 2487 apparet
730 2469 739 2485 ,
763 2446 784 2478 fi
803 2445 833 2477 id
849 2447 898 2486 ius

34 2492 68 2525 in
82 2489 263 2523 criminibus
281 2496 370 2528 aeque
386 2487 579 2528 probandum
596 2487 653 2525 fit,
677 2496 768 2528 quam
780 2488 811 2519 in
821 2497 896 2520 con-

36 2531 204 2570 tractibus,
229 2529 314 2571 quod
330 2528 382 2559 hic
397 2528 436 2559 de
452 2527 542 2559 causa
554 2527 643 2559 civili
664 2529 758 2567 dice,
781 2529 819 2560 de
835 2529 894 2560 cri-

36 2573 144 2607 minali
157 2572 270 2604 deinde
283 2569 345 2602 effe
359 2569 580 2611 repetendum,
606 2577 641 2600 ut
658 2571 690 2602 in
706 2570 850 2610 plurimis
867 2580 896 2602 a·

37 2615 90 2648 liis
107 2613 176 2645 baec
191 2613 258 2654 pari
274 2610 360 2653 passu
374 2611 544 2642 ambulant.
593 2610 851 2653 &Vicquefortius
860 2621 896 2643 en

30 2656 79 2700 ses
95 2653 251 2686 Memoires
276 2652 371 2684 variis
396 2652 499 2691 locis,
522 2652 552 2684 ὅ(
572 2653 670 2694 enfim
689 2652 898 2694 Ambaffadeur

40 2698 113 2730 Lib.
138 2694 168 2727 Ι..
188 2694 261 2726 Sea.
287 2702 337 2725 11.
359 2694 456 2735 magis
473 2694 654 2733 contendit,
679 2703 770 2735 quam
784 2695 897 2736 probat

37 2740 196 2780 legatum,
208 2745 248 2766 eo
267 2733 334 2775 ipso
350 2735 434 2807 &iod
451 2735 570 2776 legatus
586 2735 642 2774 sit,
656 2735 722 2768 fieri
739 2734 898 2768 subditum

38 2781 106 2821 ejus
122 2777 176 2818 qui
192 2776 331 2817 legavit,
406 2775 560 2817 Principis
581 2776 624 2808 sui
640 2776 748 2808 forum
764 2776 848 2819 sequi
867 2778 897 2810 in

40 2819 187 2854 omnibus
214 2818 244 2849 ἃ
259 2825 315 2858 per
330 2816 455 2856 omnia,
478 2817 624 2850 damnato
649 2817 792 2851 Deci-eto
808 2819 900 2851 Ordi-

39 2871 116 2895 num
139 2857 340 2895 Hollandiae‚
363 2857 426 2889 fine
447 2857 498 2890 die
520 2859 550 2891 &
575 2859 732 2898 Consule,
756 2860 840 2902 quod
867 2861 900 2893 in

33 2901 173 2938 >subditis
194 2899 256 2932 suis
281 2898 488 2945 contradicit,
520 2900 551 2931 &
573 2901 657 2942 quod
681 2901 745 2943 ipse
771 2901 899 2941 nescio,

35 2964 38 2966 v
63 2944 132 2976 uale
149 2941 206 2980 fit,
227 2939 284 2973 nifi
299 2939 455 2979 intelligat
470 2939 641 2974 Decretum
661 2943 816 2975 Ordinum
831 2943 900 2975 Foe-

35 2954 143 3018 derati
162 2981 329 3023 Belgii,de
349 2989 414 3021 quo
429 2980 496 3012 dixi
512 2982 583 3023 Cap.
602 2986 722 3024 praeced.
747 2985 799 3016 vel
816 2984 902 3017 aliud

43 3024 246 3063 eorumdem,
267 3023 306 3054 de
331 3030 396 3062 quo
423 3030 499 3054 mox
513 3022 624 3056 dicam.
668 3024 737 3067 Ipse
751 3036 815 3058 non
836 3026 900 3057 ani-

43 3066 227 3104 madverto,
244 3063 318 3105 quid
335 3063 373 3094 ad
387 3071 452 3094 rem
463 3086 473 3102 ,
487 3063 525 3094 de
538 3073 597 3105 qua
612 3067 714 3108 agitur
723 3091 732 3106 ,
745 3068 903 3108 pertineat

34 3113 209 3149 ·apparatus
226 3105 280 3137 ille
295 3104 533 3145 exemplorum,
545 3115 609 3146 quo
625 3110 654 3139 d.
680 3108 755 3140 Seet.
770 3118 782 3140 1
792 3118 817 3140 1.
842 3108 904 3140 ivit

45 3148 231 3191 probatum,
252 3146 431 3187 Principem
452 3145 548 3177 etiam
573 3147 656 3179 recte
677 3150 805 3180 mittere
824 3150 903 3191 lega-

47 3199 116 3221 tum
130 3187 347 3229 peregrinum,
368 3186 420 3218 vel
434 3186 548 3228 eligere
564 3187 677 3220 Civem
692 3189 849 3230 nostrum,
871 3198 907 3221 ut

939 1494 1096 1536 pertinet,
1120 1493 1141 1527 fi
1155 1515 1166 1534 ,
1189 1501 1225 1526 ut
1247 1495 1277 1527 in
1296 1495 1441 1537 plurimis
1462 1496 1617 1538 exemplis
1636 1493 1700 1534 est,
1726 1495 1810 1528 civis

940 1535 1045 1567 noster
1061 1544 1151 1568 antea
1165 1536 1329 1568 civitatem
1350 1538 1380 1569 ὅ(
1398 1538 1598 1570 domicilium
1618 1538 1809 1577 mutaverit,

941 1578 988 1617 &,
1013 1587 1073 1618 qua
1089 1577 1251 1616 subditus,
1275 1578 1462 1610 concefferit
1481 1580 1513 1611 in
1531 1579 1701 1620 Imperium
1723 1579 1813 1618 eius,

940 1620 994 1661 qui
1011 1619 1140 1660 legavit.
1159 1618 1229 1651 Nos
1239 1620 1410 1660 quaerimus
1420 1620 1458 1652 de
1469 1620 1544 1652 foro
1554 1621 1638 1661 ejus,
1648 1620 1723 1660 qui,
1735 1629 1812 1652 cum

939 1661 976 1692 ad
1005 1670 1063 1692 nos
1083 1661 1224 1702 legatur,
1248 1660 1389 1693 subditus
1413 1661 1520 1694 noster
1537 1662 1600 1700 est,
1624 1661 1689 1694 five
1706 1661 1812 1700 civis,

940 1701 1004 1734 five
1019 1702 1144 1741 incola,
1155 1702 1185 1733 δί
1202 1711 1240 1734 an
1260 1703 1313 1734 hic
1325 1702 1434 1735 forum
1449 1713 1570 1736 novum
1589 1702 1758 1742 sortiatur,
1770 1712 1812 1735 an

941 1750 1033 1775 vetus
1054 1742 1183 1775 servet?
1208 1753 1328 1776 novum
1355 1743 1506 1785 sortitur,
1531 1745 1634 1786 inquit
1652 1743 1812 1785 Wicque·

940 1783 1172 1826 fortius,quia,
1186 1794 1227 1817 ex
1243 1784 1383 1817 formula
1397 1787 1615 1827 jurisjurandi,
1626 1795 1714 1818 novo
1723 1784 1812 1817 Prin-

939 1826 1001 1867 cipi
1018 1826 1062 1858 est
1079 1827 1341 1868 obligatus,quia
1355 1827 1490 1859 duorum
1508 1827 1691 1868 Principum
1709 1826 1813 1859 subdi-

940 1875 990 1899 tus
1006 1867 1068 1900 effe
1082 1868 1295 1910 nequit,quia
1312 1869 1436 1901 inutilis
1454 1868 1531 1900 esset
1549 1868 1688 1909 Principi
1705 1868 1812 1909 legan-

940 1909 987 1949 ti,
1013 1908 1100 1941 salvo
1123 1909 1220 1950 priori
1246 1909 1340 1949 foro,
1366 1910 1397 1942 ἀ
1412 1919 1483 1952 quae
1505 1910 1576 1943 aliae
1603 1909 1676 1942 sunt
1691 1910 1814 1942 ratiun-

940 1952 1022 1983 culae
1033 1955 1054 1990 ,⁴
1066 1951 1164 1992 magis
1181 1951 1282 1983 adhuc
1300 1951 1397 1984 leves.

985 1992 1081 2025 Certe
1095 1992 1176 2034 apud
1195 2002 1245 2024 me
1262 2002 1370 2034 parum
1395 1994 1459 2026 illae
1480 1994 1590 2026 valent
1601 2015 1614 2032 ,
1636 2003 1707 2026 nam
1722 1993 1811 2035 quic-

939 2034 1014 2075 quid
1028 2033 1163 2074 Jacobus
1179 2032 1401 2067 Gothofredus
1414 2036 1447 2067 de
1465 2035 1580 2067 Salar-io
1597 2036 1628 2067 C.
1648 2035 1703 2067 IV.
1722 2045 1753 2067 n.
1774 2044 1808 2073 9.

940 2076 1092 2117 quicquid
1113 2075 1166 2107 alii
1182 2075 1423 2116 contradicant,
1445 2086 1505 2118 ego
1528 2086 1592 2108 non
1609 2077 1726 2115 video,
1749 2086 1808 2109 cur

940 2117 1009 2158 quis
1025 2117 1168 2158 pluribus
1182 2116 1381 2158 Principibus
1395 2127 1459 2150 non
1478 2118 1571 2160 poffit
1586 2117 1648 2150 ess‘e
1667 2118 1698 2150 in
1708 2117 1810 2150 sacra-

938 2167 1048 2190 mento
1066 2159 1096 2191 <St
1113 2158 1243 2197 officio,
1265 2158 1439 2191 dummodo
1458 2169 1568 2192 eorum
1587 2159 1726 2191 rationes
1743 2168 1810 2192 non

938 2207 1099 2241 pugnent,
1111 2200 1164 2232 vel
1182 2200 1203 2232 fi
1219 2209 1378 2242 pugnent,
1390 2201 1423 2233 in
1438 2201 1486 2233 his
1502 2210 1631 2243 operam
1641 2199 1725 2234 suam
1742 2210 1809 2233 non

939 2240 1074 2282 praestet.
1085 2240 1198 2282 Neque
1215 2242 1311 2273 etiam
1326 2242 1439 2282 video,
1473 2243 1600 2284 uicquid
1611 2242 1811 2274 contradicat

940 2283 1108 2316 Zoucheus
1133 2283 1206 2324 Jur.
1241 2283 1308 2315 Fcc.
1343 2284 1430 2316 Part.
1482 2284 1506 2316 Ι.
1541 2283 1615 2316 Seft.
1643 2294 1671 2316 2.
1697 2294 1728 2315 n.
1757 2292 1808 2324 13.

940 2334 997 2356 cur
1012 2324 1080 2366 quis
1093 2325 1231 2365 plurium
1253 2325 1439 2365 civitatum,
1463 2335 1593 2367 quarum
1616 2325 1744 2366 fingulae
1760 2324 1811 2356 sui

939 2366 1016 2407 juris
1041 2365 1131 2404 sunt,
1155 2366 1237 2398 civis
1258 2365 1320 2398 esse
1346 2376 1410 2398 non
1434 2367 1535 2408 poffit.
1581 2367 1677 2399 secus
1698 2365 1808 2405 utique

940 2408 1022 2448 apud
1047 2406 1182 2438 Graecos
1200 2415 1397 2449 caeterosque
1415 2406 1446 2439 se
1470 2417 1535 2439 rem
1558 2406 1719 2445 habuiss'e,
1742 2406 1808 2438 Ro-

940 2449 1038 2480 manis
1059 2447 1134 2480 solis
1156 2449 1319 2489 exceptis,
1345 2447 1475 2480 testatur
1497 2448 1612 2480 Cicero
1639 2448 1728 2479 Orat.
1748 2452 1804 2487 pro

941 2490 1031 2521 Balbo
1052 2490 1085 2520 C.
1111 2494 1161 2524 28.
1188 2499 1238 2526 29·
1265 2490 1295 2521 &
1310 2499 1361 2530 30.
1386 2489 1533 2521 Duorum
1547 2489 1729 2530 Principum
1739 2488 1808 2520 sub-

939 2531 1024 2562 ditus
1048 2530 1174 2572 singulis
1197 2529 1341 2572 praestare
1355 2530 1461 2572 potest
1478 2529 1681 2573 obsequium,
1704 2529 1806 2571 fingu-

939 2572 977 2603 lis
995 2571 1169 2610 tributum,
1194 2573 1225 2604 &
1241 2572 1355 2603 bonam
1372 2572 1485 2610 fidem,
1511 2572 1541 2604 δε
1559 2572 1634 2614 quid
1652 2572 1734 2603 ultra
1753 2572 1806 2603 de-

938 2613 1127 2645 sideramus?
1140 2613 1235 2654 quin,
1248 2612 1366 2645 etiamfi
1381 2614 1451 2654 quis
1467 2613 1608 2646 subditus
1624 2611 1728 2645 noster
1746 2612 1804 2651 fit,

938 2664 1003 2686 non
1021 2664 1098 2686 mox
1113 2654 1159 2686 est
1177 2655 1209 2686 in
1225 2654 1333 2686 officio
1350 2655 1380 2687 ὃ(
1396 2654 1591 2687 sacramento
1608 2654 1806 2693 nostro,nec

939 2696 1053 2734 etiam,
1075 2696 1150 2729 dum
1179 2696 1322 2735 legatur,
1346 2706 1424 2728 mox
1437 2698 1504 2738 ejus
1521 2695 1804 2737 Principisvcivita-

943 2745 1006 2769 tem
1030 2738 1185 2779 acquirit,
1210 2739 1272 2769 hoc
1300 2737 1384 2769 enim
1399 2737 1464 2776 est,
1489 2738 1528 2769 de
1550 2746 1615 2779 quo
1631 2736 1804 2777 quaeritur,

943 2779 973 2811 &
996 2779 1082 2819 quod
1097 2778 1360 2820 VVicquefortius
1383 2779 1555 2820 proponit,
1577 2785 1670 2819 atque
1689 2776 1710 2808 sr
1727 2786 1803 2808 con-

941 2819 1117 2853 troversum
1134 2829 1198 2852 non
1212 2819 1298 2852 esset.
1344 2820 1485 2862 Principi
1500 2827 1605 2851 autem
1623 2817 1727 2860 potest
1741 2818 1806 2850 esse

941 2861 1030 2893 utilis
1044 2861 1076 2893 in
1098 2861 1245 2893 mandato
1268 2861 1474 2902 exequendo,
1498 2860 1639 2906 quamyis
1658 2858 1733 2891 foro
1748 2869 1806 2891 no-

942 2902 1005 2935 stro
1021 2911 1144 2934 maneat
1160 2901 1321 2941 subditus,
1344 2903 1440 2934 modo
1460 2911 1522 2934 non
1545 2901 1725 2942 delinquat,
1748 2909 1807 2933 nec

943 2944 1037 2977 fidem
1053 2944 1158 2976 datam
1174 2944 1287 2976 violet.
1312 2943 1566 2988 Quotuscunque
1583 2943 1703 2984 legatus
1721 2942 1804 2983 apud

943 2995 1002 3018 nos
1019 2986 1102 3027 agit,
1126 2984 1188 3017 fine
1211 2985 1276 3016 ulla
1295 2985 1390 3017 ullius
1415 2984 1630 3025 querimonia,
1653 2992 1718 3015 non
1737 2991 1804 3015 tan-

944 3034 1012 3058 turn
1036 3027 1098 3059 fine
1121 3026 1272 3064 crimine,
1295 3025 1346 3057 sed
1375 3025 1405 3057 ἃ·
1422 3025 1486 3057 fine
1511 3023 1688 3065 suspicione
1704 3025 1808 3056 crimi-

944 3069 1009 3106 nis3
1032 3067 1280 3108 quotusquisque
1296 3067 1418 3108 legatus
1433 3065 1498 3104 est,
1518 3067 1571 3106 qui
1588 3065 1703 3105 fidem,
1738 3066 1810 3098 aito

945 3109 1068 3146 datam,
1088 3107 1309 3149 religiofiffime
1333 3107 1454 3146 servat,
1478 3116 1555 3146 nec,
1580 3107 1602 3139 fi
1626 3107 1679 3139 vel
1722 3108 1810 3139 ubdi-

948 3157 998 3181 tus
1014 3149 1050 3182 sit
1061 3172 1071 3188 ,
1095 3158 1112 3180 a
1128 3158 1254 3180 carcere
1274 3149 1327 3180 vel
1343 3148 1468 3189 judiciis
1483 3147 1540 3180 fibi
1559 3149 1727 3190 quicquam
1747 3158 1811 3180 me-

950 3191 1024 3222 tuit.
1068 3188 1120 3221 Ne
1140 3190 1236 3230 igitur
1257 3189 1398 3229 dixeris,
1432 3189 1620 3236 legationem
1645 3190 1811 3232 impediri,

49 3229 131 3272 apud
153 3238 212 3260 nos
234 3229 392 3272 legatione
414 3227 585 3269 fungatur,
608 3229 639 3263 ὅ(
663 3230 766 3263 minus
786 3231 823 3264 ad
841 3240 908 3264 rem
951 3231 1004 3264 vel
1017 3230 1277 3282 planeyinutilem
1295 3231 1376 3272 effe,
1400 3240 1441 3265 ex
1458 3231 1522 3264 101a
1543 3229 1751 3273 subjectione3
1774 3231 1814 3262 ad

95 3270 175 3303 Tem.
197 3269 236 3302 11.

1095 3272 1128 3305 λ
1734 3271 1818 3304 sum-
