2008 3436
259 100 542 150 QUAEST.
595 99 826 149 JURIS
876 97 1245 149 PRIVATI,
1298 104 1691 153 Liss.1V.c.xX1H.

67 186 162 228 gister
180 210 191 226 ,
228 187 304 220 dum
330 188 362 220 id
394 189 571 221 mandatum
598 187 776 228 exsequitur
792 210 803 226 ,
842 189 935 223 etiam

66 229 228 262 exercitor
249 236 384 261 tenetur.
417 230 454 262 Ei
480 238 585 262 autem
610 229 789 262 mandatum
810 240 873 262 non
889 231 935 263 est

62 272 200 301 aliorum
222 281 316 303 naves
337 271 414 302 dolo
437 273 488 304 vei
511 272 604 312 culpa
625 271 760 302 obrucre
775 293 786 309 ,
810 273 934 312 quodsi

65 311 200 358 fecerit,
225 312 290 354 ipse
314 313 462 346 damnum
478 335 488 353 ,
520 312 604 354 quod
624 311 735 352 dedit,
758 313 844 353 luat,
870 323 934 346 non

64 363 236 386 exercitor.

107 396 203 435 Scio,
233 406 271 429 ex
295 396 322 438 §.
359 407 408 430 11.
440 396 473 428 T.
505 394 559 426 IV.
586 394 658 426 LL.
684 395 769 427 Phili
785 397 820 437 pi
841 396 882 428 11.
907 397 937 428 t&

64 447 107 470 ex
139 436 166 478 §.
211 446 259 471 11.
291 440 331 470 L..
362 438 386 470 1.
424 437 459 469 Τ.
487 435 615 468 XXIV.
657 437 730 469 LL.
775 436 857 476 ‘rista
904 438 937 470 Si

62 479 209 521 magister
226 480 355 521 naviget
372 486 486 521 praeter
508 478 634 518 majoris
658 479 757 520 partis
775 487 939 511 nautarum

61 521 246 555 sententiam
259 546 268 562 ,
301 524 330 553 ὅ(
349 521 497 552 damnum
518 519 556 552 fit
572 519 678 551 datum
691 542 701 558 ‚
721 530 784 553 non
817 529 939 553 tantum

59 562 240 605 magistrum
262 563 384 600 teneri,
409 561 459 593 sed
476 560 506 593 δι
524 563 555 593 10
575 560 742 594 subsidium
761 571 826 603 quo
852 571 890 594 ue
909 571 940 593 0-

60 606 235 637 xercitores
250 605 281 635 in
302 603 434 636 solidum
451 626 460 641 ‚
484 613 552 634 voor
569 603 650 643 hem,
676 604 764 644 ajunt
778 605 806 635 d.
852 604 880 646 §.
903 611 940 635 ut

59 655 172 687 nempe
191 645 303 677 eodem
321 646 418 678 modo
436 652 620 684 teneantur,
641 654 737 687 atque
759 644 823 686 ipse
841 646 938 686 magi-

59 687 142 727 ster,
167 687 219 720 sed
237 688 472 727 animadverte,
499 686 611 728 quibus
631 694 818 726 teneantur,
833 696 938 720 rerum

57 728 198 768 scilicet,
223 739 292 771 qua:
309 730 528 768 vehebantur,
552 727 710 768 dominis,
733 729 763 761 ὅ(
795 728 938 761 curiis?

57 771 131 812 quia
154 780 228 803 cum
254 771 292 803 iis
319 771 514 804 conci-atium
536 768 592 802 est.
637 770 698 802 Sed
717 770 881 812 quomodo
905 769 937 802 id

57 813 199 854 porriges
211 813 248 844 ad
264 822 337 853 eos,
355 811 540 854 quibuscum
555 812 634 844 nihil
650 812 848 845 contratrum
863 811 935 844 est?

56 854 110 886 Sui
142 855 218 886 loco
242 855 420 887 vectoribus
446 854 605 887 exercitor
624 876 635 892 ,
664 854 717 896 qui
741 854 935 886 locationem

57 896 302 928 conductionem
320 897 402 929 1·οξὶο
417 897 515 938 probe
534 895 681 937 impleat,
696 893 934 928 substituitMa-

54 937 207 979 gistrum,
229 938 270 971 sui
294 940 368 972 loco
394 946 570 979 cauponem
592 937 741 970 dominus
759 946 936 977 cauponae,

58 980 105 1013 sui
120 979 193 1011 loco
209 980 409 1013 stabularium
422 977 700 1012 dominusstabuli.
720 978 752 1012 Si
770 979 845 1019 quid
862 987 936 1010 nau-

57 1030 99 1053 tae
116 1043 127 1060 ,
148 1031 326 1063 caupones,
358 1021 514 1054 stabularii
535 1029 607 1052 cum
631 1022 700 1054 aliis
724 1021 911 1052 contrabant
926 1042 936 1059 ,

59 1064 90 1095 dt
102 1065 294 1096 contrahunt
312 1073 354 1095 ex
370 1063 516 1095 mandato
538 1062 740 1095 dominorum
756 1087 766 1103 ‚
791 1063 822 1095 &
843 1062 939 1093 ratio-

58 1105 128 1143 nis,
155 1106 229 1147 quin
249 1106 368 1146 &juris
382 1102 543 1136 manifesti
561 1101 626 1142 est,
648 1113 685 1136 ut
709 1113 750 1136 ex
774 1113 887 1136 eorum
910 1112 940 1134 a-

56 1146 113 1178 ctis
133 1147 162 1179 δι
179 1146 273 1188 gestis
288 1148 383 1178 etiam
399 1145 518 1176 domini
545 1151 720 1179 teneantur.
764 1146 872 1187 Atque
895 1144 940 1175 ita

56 1197 182 1229 quoque
205 1189 250 1219 est
273 1189 305 1220 10
326 1186 514 1220 exercitoria
533 1185 657 1219 actione
671 1210 683 1226 ,
702 1197 768 1230 quo
789 1196 854 1219 non
876 1187 936 1218 alia

55 1229 180 1262 ratione
187 1231 278 1262 datur
287 1238 398 1262 contra
407 1227 618 1260 exercitorem
628 1229 718 1261 navis
726 1252 737 1269 ,
746 1238 841 1271 quam
849 1227 935 1270 quod

54 1280 97 1302 ex
116 1273 182 1312 eJus
199 1274 345 1304 mandato
361 1294 372 1310 ,
394 1269 505 1301 saltem
527 1270 646 1308 tacito,
667 1271 866 1304 counradum
888 1269 934 1302 est

54 1322 126 1344 cuni
154 1313 301 1355 magistro
323 1314 362 1344 de
382 1312 475 1344 rebus
490 1334 500 1349 ,
523 1311 561 1342 ad
588 1313 731 1345 officium
758 1313 823 1353 eius
840 1313 934 1353 perti-

53 1355 212 1387 nentibus.
258 1355 318 1388 Sed
332 1356 454 1386 nullum
467 1353 620 1393 ejusmodi
643 1354 844 1392 mandatum,
869 1353 935 1385 five

53 1397 248 1438 expressum,
273 1397 336 1429 five
352 1395 503 1432 tacitum,
525 1394 629 1428 nullus
646 1396 824 1428 contractus
838 1419 848 1435 ‚
870 1394 934 1427 sive

51 1445 144 1470 verus
159 1463 169 1478 ,
192 1438 256 1471 sive
277 1438 379 1480 quasi,
395 1435 586 1476 interceffit,
607 1437 628 1469 fi
648 1437 791 1479 magister
805 1436 933 1469 obviam

53 1479 142 1512 forte
165 1480 251 1513 Titii
267 1490 381 1513 navem
400 1480 476 1512 dolo
496 1478 548 1510 vel
569 1479 662 1520 culpa
681 1487 864 1520 corrumpat
879 1478 932 1510 vel

51 1522 174 1562 perdat.
198 1521 280 1555 Noli
300 1522 461 1563 objicere,
490 1520 606 1552 damno
623 1522 710 1554 nulla
724 1522 819 1563 culpa
834 1521 933 1559 dato,

52 1563 93 1595 de
108 1563 212 1597 damni
234 1573 339 1597 tamen
364 1563 497 1595 dimidio
521 1561 558 1593 ad
578 1561 671 1604 usque
687 1563 777 1596 navis
793 1563 932 1604 pretium

50 1605 198 1639 adversus
221 1607 431 1638 exercitorem
450 1604 498 1646 agi
519 1627 527 1637 .
558 1613 630 1636 nam
644 1627 656 1644 ‚
675 1613 710 1638 ut
730 1604 820 1647 supra
843 1604 931 1642 dixi,

48 1646 120 1687 jure
143 1648 286 1690 singulari
305 1655 467 1689 receptum
483 1644 548 1685 est,
573 1653 609 1678 ut
622 1647 791 1686 damnum,
813 1646 933 1679 nullius

49 1690 145 1733 culpa
166 1690 271 1723 datum
288 1713 298 1729 ‚
323 1697 470 1732 tanquam
490 1686 620 1735 fatumu,
653 1687 816 1730 utriusque
843 1697 933 1720 com»

50 1739 146 1806 {pune
169 1730 342 1765 aestimetur
358 1753 371 1770 ,
402 1737 515 1763 caetera
542 1738 605 1770 Juri
628 1731 796 1766 communi
823 1729 935 1764 1011613

67 1783 133 1808 unt.

77 1816 174 1858 vSane
203 1813 236 1851 in
262 1817 292 1859 §-.
323 1826 375 1850 21.
398 1814 604 1853 EdiCtorum,
626 1825 696 1857 quae
725 1813 862 1848 Carolus
889 1814 932 1849 V.

51 1857 259 1902 &Philippus
271 1859 311 1892 11.
335 1859 375 1891 de
397 1855 571 1899 piscatione
592 1855 744 1890 halecaria
763 1856 932 1890 ediderunt

53 1908 148 1942 1545.
168 1902 199 1934 &
212 1913 233 1944 4
248 1901 330 1943 Aug.
359 1903 450 1941 1564.
475 1900 505 1932 ὅ(
523 1904 552 1935 8.
576 1900 676 1932 Mart.
697 1902 787 1939 1580.
810 1899 882 1940 (1)
900 1900 931 1933 δε

49 1941 232 1976 Hollandiae
259 1943 394 1976 Ordines
418 1951 466 1979 19.
499 1941 575 1981 Apr.
603 1948 695 1982 1597.
717 1939 793 1983 (2)
813 1941 929 1974 consti-

51 1992 158 2018 tutum
173 1984 220 2017 est
229 2009 239 2025 ‚
263 1986 310 2016 die
315 1984 377 2027 syn
392 1982 596 2024 medevz'ffcher
610 1988 727 2014 wetens
751 1992 788 2014 en
807 1984 930 2015 viillens

48 2026 238 2070 heschadi'gc,
268 2028 316 2058 καί
337 2028 370 2058 de
382 2025 491 2067 schade
517 2026 661 2063 heteren3
691 2033 740 2056 zoo
761 2033 846 2057 verre
871 2035 930 2067 zyn

49 2070 123 2111 goed
135 2068 232 2110 strekt
248 2092 259 2108 ,
284 2079 320 2100 en
342 2071 364 2100 't
372 2067 492 2110 ficrplus
515 2072 542 2099 te
560 2066 702 2098 v'erhalen
718 2077 779 2098 acm
798 2068 832 2099 de
849 2067 926 2099 Rec-

49 2112 115 2142 ders
133 2121 195 2142 van
211 2111 245 2142 de
263 2111 392 2152 Schepen
403 2133 412 2147 ‚
435 2110 509 2140 daar
526 2109 565 2150 hy
584 2110 620 2150 by
640 2108 809 2153 beschadigt
829 2110 877 2148 is,
891 2119 928 2141 en

49 2152 84 2182 de
103 2152 263 2184 Stuurman
280 2153 328 2184 καὶ
346 2154 437 2183 boven
453 2151 521 2182 dien
537 2152 697 2182 verbeuren
712 2153 764 2184 60.
805 2151 925 2191 uldens,

50 2203 88 2224 en
103 2195 275 2236 gepzmi'eert
283 2195 402 2225 werden
421 2199 465 2224 ter
480 2193 629 2234 arbitrage
638 2202 700 2224 van
715 2194 749 2224 de
762 2161 841 2227 ὗὲεῐ.
864 2192 926 2225 Sed

48 2243 86 2266 ut
97 2235 196 2267 multa
208 2234 354 2275 specialia
368 2235 398 2266 in
417 2234 480 2266 illis
488 2233 607 2266 Editus
622 2235 829 2267 continentur
840 2235 926 2267 circa

49 2285 124 2316 eos,
147 2276 200 2317 qui
220 2276 343 2308 haleces
357 2274 537 2317 piscantur,
551 2284 585 2307 ut
601 2274 692 2317 supra
705 2276 868 2309 observavi
887 2276 926 2307 ad

45 2316 139 2358 finem
155 2318 188 2349 C.
208 2327 254 2355 19·
278 2318 320 2349 ita
337 2317 442 2349 verius
458 2315 523 2356 est,
542 2316 633 2350 illum
653 2317 682 2359 §.
697 2327 749 2350 21.
770 2318 924 2351 duntaxat

50 2358 114 2391 esse
139 2359 380 2399 intelligendum
403 2358 440 2389 de
456 2358 570 2390 damno
592 2357 783 2399 piscatorio,
807 2359 845 2391 de
862 2368 925 2400 quo

49 2401 156 2442 agitur
172 2401 203 2432 in
226 2400 273 2442 §§.
289 2402 394 2437 ibidem
403 2400 651 2440 praecedentibus,
668 2399 843 2442 quibusque
857 2409 924 2431 cer-

50 2451 83 2474 ta
108 2442 251 2484 quaedam
274 2442 410 2474 formula
434 2439 646 2482 praescribitur
667 2442 706 2474 iis
723 2464 735 2481 ,
762 2442 816 2483 qui
839 2441 927 2474 simul

51 2493 117 2515 uno
137 2484 212 2515 loco
227 2483 386 2525 piscantur
396 2507 404 2521 ,
428 2491 488 2524 qua
504 2481 642 2514 formula
657 2492 769 2516 eorum
784 2483 927 2515 officium

50 2525 84 2556 in
101 2534 141 2556 00
156 2524 315 2558 societatis
335 2533 449 2566 genere
466 2524 648 2557 continetur
670 2525 754 2556 circa
771 2524 824 2556 sua
841 2525 872 2556 &
897 2533 928 2555 a«

50 2566 168 2598 liorum
189 2567 286 2605 retia,
306 2567 335 2598 ὅ(
355 2576 424 2608 quae
442 2565 532 2606 plura
551 2564 621 2598 sunt
637 2566 703 2607 ejus
719 2566 850 2607 generis.
875 2565 936 2598 Sed

50 2617 153 2650 neque
175 2607 215 2639 de
238 2608 353 2640 damno
375 2608 457 2640 actio
479 2616 519 2638 ex
544 2608 572 2639 d.
605 2606 633 2649 §.
665 2616 716 2640 21.
748 2608 780 2640 in
797 2607 937 2641 solidum

50 2649 141 2680 datur
159 2649 302 2681 adversus
316 2650 533 2687 exercitores,
547 2649 809 2692 quemadmodum
824 2649 937 2690 utique

51 2691 174 2722 daretur
186 2713 196 2730 ,
217 2690 240 2723 fi
257 2699 298 2722 ex
335 2690 535 2732 raepositione
548 2691 594 2722 ori
620 2692 704 2723 inem
721 2691 850 2723 duceret
863 2712 874 2728 ,
895 2697 931 2721 ut

52 2731 208 2772 disputavi
233 2733 261 2763 d.
327 2734 367 2764 ib.
397 2732 422 2764 Ι.
456 2730 564 2778 Quali.
596 2701 669 2774 ξαν,
703 2732 791 2765 Publ.
820 2732 853 2764 C.
881 2741 931 2768 19.

54 2772 108 2806 sed
126 2772 164 2804 ad
190 2772 285 2805 instar
306 2774 344 2804 de
363 2781 511 2815 pauperie
535 2775 688 2807 duntaxat
704 2775 741 2806 ad
765 2773 860 2815 usque
879 2782 930 2805 na-

55 2815 105 2846 vis
121 2823 288 2855 rerumque
310 2815 343 2846 in
359 2824 394 2846 ea
413 2817 550 2855 pretium
565 2838 576 2854 ,
601 2817 630 2847 d.
655 2817 737 2848 enim
755 2814 782 2857 §.
808 2824 860 2848 21.
885 2815 930 2847 ita

54 2855 163 2887 auctus
194 2855 238 2887 est
261 2856 291 2887 in
320 2855 349 2897 §.
381 2866 433 2887 20.
462 2857 645 2889 Edit-Ttorum
667 2882 674 2896 ‚
701 2867 771 2898 quae
794 2856 930 2890 Ordines

54 2896 236 2929 Houandiae
250 2907 285 2929 03
301 2898 339 2929 de
354 2906 388 2928 re
404 2897 564 2930 ediderunt
580 2909 630 2931 20.
649 2899 748 2931 Mart.
768 2902 858 2931 1611.
879 2907 929 2930 12.

54 2937 138 2979 Maj.
164 2942 254 2971 1620.
281 2939 312 2971 &
343 2948 390 2970 12.
423 2939 502 2980 Maj.
535 2943 626 2977 1629.
649 2939 724 2982 (3)
745 2945 773 2972 te
788 2940 929 2972 verbalem

54 2989 116 3011 aan
132 2981 165 3011 de
180 2980 308 3012 Reeders
323 2990 384 3012 van
401 2981 434 3011 de
452 2980 601 3021 Schepen,
622 2983 696 3014 daur
713 2984 729 3013 b
760 2982 798 3023 hy
818 2982 931 3022 bescha-

53 3023 122 3071 dz'ga
139 3023 185 3062 is,
197 3021 298 3054 TOT
314 3022 374 3053 DE
388 3020 587 3054 WEERDE
607 3022 700 3054 VAN
751 3023 779 3056 E
801 3022 930 3056 SCHE-

54 3062 144 3096 PaN
156 3086 166 3101 ,
188 3063 378 3106 ert-ingelade
393 3064 604 3105 goederentoe.
636 3063 686 3096 Ita
705 3065 789 3099 10610
809 3065 931 3098 editum

92 3177 153 3215 (1)
173 3176 249 3207 Plac.
272 3180 295 3208 I.
316 3186 343 3206 2.
365 3182 390 3213 5.
415 3185 440 3207 1.
464 3178 515 3208 Ed.
536 3173 605 3217 Reg.
627 3181 654 3210 1.

95 3217 157 3254 (2)
177 3216 254 3247 Piae.
276 3219 297 3248 1.
319 3225 345 3246 2.
368 3225 400 3252 ς.
423 3225 449 3247 1.
469 3217 520 3247 Ed.
541 3220 615 3247 Hotl.
637 3226 665 3253 13.

1781 111 1830 162 4&

979 190 1024 223 est
1048 190 1255 225 Ams'terdami
1276 202 1360 225 anno
1391 199 1481 236 1645.
1507 199 1579 240 (4)
1603 202 1634 234 ἃ
1654 202 1733 243 saepe
1758 204 1832 236 alias
1847 223 1859 242 ‚

978 240 1043 279 non
1067 233 1152 279 10010
1170 234 1290 267 editum
1316 236 1347 267 in
1365 235 1427 268 Vul
1439 239 1510 271 ratis
1525 241 1626 275 Libris
1647 244 1829 277 Editto‘rum
1845 269 1857 284 ,

977 273 1087 305 omissa
1112 273 1181 306 fere
1207 285 1268 308 una
1295 276 1387 309 linea.
1458 280 1542 319 gitur
1561 305 1570 319 ‚
1595 283 1617 315 si
1647 295 1697 316 me
1725 287 1829 318 audias
1847 309 1858 325 ‚

979 315 1175 356 conti-attus,
1201 325 1255 349 aut
1272 317 1366 350 instar
1385 322 1566 354 conti-atius
1589 324 1640 356 Iex
1659 334 1710 358 aut
1727 327 1857 358 consue-

982 357 1059 389 tudo
1073 357 1279 404 iit-oportet,
1303 367 1469 401 antequam
1494 371 1534 394 ex
1558 366 1692 405 magistri
1712 368 1788 399 dolo
1807 368 1860 399 vel

981 399 1073 439 culpa
1094 398 1146 431 hic
1166 400 1323 433 ullatenus
1339 410 1502 435 teneantur
1519 406 1724 439 exercitores.

1024 440 1117 472 Addo
1132 450 1218 472 nunc
1235 451 1301 474 rem
1314 465 1325 481 ‚
1348 452 1419 484 quae
1436 443 1499 477 huc
1518 447 1655 486 pertinet
1667 471 1675 484 ,
1705 457 1723 479 a
1748 450 1860 490 Supre-

983 491 1037 514 mo
1058 482 1172 528 Senatu
1184 482 1388 524 Hollandiae,
1407 494 1457 516 me
1475 485 1628 527 Praeside,
1644 488 1722 520 haud
1739 490 1781 521 ita
1799 492 1861 530 pri-

981 523 1052 554 dem
1071 523 1253 563 judicatam.
1300 525 1409 572 Quum
1426 527 1532 567 navis,
1556 530 1713 561 mercibus
1731 531 1840 564 onusta
1853 552 1864 569 ,

981 564 1153 606 Burdogala
1169 565 1408 600 Rotterdamum
1425 569 1587 612 navigaret
1598 594 1608 609 ‚
1633 571 1664 603 ἀ
1682 570 1737 603 sub
1753 572 1861 613 vespe-

980 615 1047 638 ram
1064 607 1251 646 pervenisset
1270 618 1369 650 prope
1384 608 1542 643 Goredam
1556 611 1574 653 (
1587 613 1721 654 Goeree)
1742 611 1864 644 Navar-

981 647 1059 679 chus
1076 656 1204 688 portum
1223 650 1311 683 illum
1329 650 1432 683 subire
1454 661 1584 689 conatus
1603 653 1664 692 est,
1687 653 1738 686 sed
1754 654 1862 694 navis,

981 698 1092 730 magna
1108 691 1140 727 vi
1159 698 1326 723 ventorum
1343 692 1375 724 in
1395 692 1488 725 littus
1508 693 1625 735 ejecta,
1649 696 1691 728 ibi
1709 694 1858 728 substitit.

981 729 1080 776 Quod
1100 740 1183 778 cum·
1198 733 1423 766 intellexissent
1442 735 1562 768 domini
1579 738 1754 777 mercium,
1779 746 1861 769 mer-

981 781 1034 803 ces
1059 771 1126 805 suas
1141 795 1152 811 ,
1175 783 1207 806 in
1229 775 1364 808 minores
1389 777 1550 810 naviculas
1578 779 1757 818 translatas,
1780 778 1861 811 Rot-

980 813 1156 846 terdamum
1179 815 1301 849 vehunt
1316 839 1327 855 ,
1351 816 1403 848 sed
1422 819 1536 858 partim
1559 821 1696 854 madidas
1710 845 1720 861 ,
1744 820 1861 862 partim

978 863 1154 896 corruptas.
1183 856 1267 903 'Ipsa
1284 858 1394 898 navis,
1417 861 1537 902 magnis
1556 861 1748 904 sumptibus,
1771 861 1860 893 elit-

978 903 1048 943 tore
1067 897 1267 937 extrahitur,
1296 900 1327 932 61
1352 900 1478 932 tandem
1499 902 1743 937 Rotterdamum
1765 902 1862 935 dedu-

978 945 1075 985 011111.
1118 938 1206 972 Inter
1237 941 1385 974 dominos
1411 945 1564 977 mercium
1592 946 1623 978 &
1645 946 1861 977 exercitorem

979 989 1069 1012 navis
1084 1004 1094 1020 ,
1124 990 1165 1012 ex
1190 982 1413 1023 compromisso
1432 1006 1443 1022 ,
1472 985 1584 1018 deinde
1615 988 1756 1029 litigatur
1777 985 1861 1027 apud

980 1021 1129 1068 Senatum
1153 1023 1351 1064 Suprenium.
1394 1024 1528 1059 Domini
1550 1029 1701 1061 mercium
1725 1026 1757 1061 10
1773 1027 1861 1060 Con-

983 1070 1135 1108 ventione
1145 1065 1332 1105 repetebant
1340 1076 1407 1098 cam
1425 1069 1568 1107 pecuniae
1584 1070 1753 1109 summam,
1769 1079 1864 1112 quam

983 1105 1202 1149 impenderant
1218 1106 1252 1138 in
1270 1115 1390 1139 merces
1412 1109 1580 1143 servandas
1598 1135 1607 1149 ‚
1632 1112 1662 1144 ἃ
1682 1112 1859 1144 minoribus

982 1146 1141 1191 naviculis
1166 1146 1410 1193 Rotterdamum
1432 1152 1696 1191 transvehendas,
1719 1154 1749 1185 ἀ
1768 1161 1864 1196 porro

979 1186 1149 1227 exigebant
1170 1189 1266 1235 'aliam
1298 1191 1445 1236 pecuniae
1471 1191 1620 1226 summam
1649 1202 1706 1234 pro
1730 1194 1863 1226 madidis

979 1237 1016 1260 ac
1034 1237 1192 1271 corruptis
1207 1232 1385 1269 meremus,
1409 1233 1453 1264 ita
1469 1241 1575 1267 tamen
1593 1235 1631 1267 ad
1646 1236 1714 1267 haec
1726 1243 1861 1268 conten-

977 1270 1114 1309 debant,
1134 1280 1171 1302 ut
1186 1273 1345 1304 cxci-citor
1360 1273 1444 1306 ultra
1459 1276 1548 1308 navis
1568 1278 1705 1317 pretium
1729 1287 1794 1310 non
1811 1285 1859 1308 te-

977 1319 1116 1345 neretur.
1142 1312 1314 1346 Exercitor
1331 1316 1363 1347 in
1382 1315 1646 1350 Reconventione
1663 1319 1760 1352 etiam
1776 1328 1860 1360 111131-

976 1353 1047 1400 dam
1064 1355 1170 1400 ‘petiit
1186 1379 1196 1395 ‚
1222 1355 1274 1402 sed
1297 1366 1370 1388 cum
1392 1354 1462 1389 haec
1488 1359 1664 1399 penderent
1682 1370 1700 1392 a
1718 1360 1787 1400 jure
1807 1359 1861 1392 vel

978 1404 1090 1435 anuria
1107 1396 1362 1436 Conventionis‚
1388 1399 1489 1431 nolim
1505 1409 1763 1434 commemorare.
1790 1400 1858 1434 Du-

976 1437 1200 1511 {lexfluaestio
1216 1438 1329 1472 oborta
1345 1439 1412 1479 est,
1433 1441 1531 1473 altera
1546 1441 1621 1475 facTti
1633 1466 1644 1482 ,
1665 1443 1762 1476 altera
1772 1443 1862 1483 juris.

1003 1479 1085 1527 3611,
1109 1490 1147 1527 an
1164 1490 1226 1523 qua
1243 1481 1337 1523 culpa
1354 1481 1490 1524 magistri
1512 1481 1862 1524 hicintercefferit4a1-

976 1528 1051 1569 tera·
1064 1531 1163 1562 juris,
1186 1533 1225 1556 an
1253 1524 1441 1557 exercitoris
1460 1524 1538 1558 effet
1550 1550 1559 1566 ,
1577 1535 1647 1559 eam
1665 1527 1762 1560 luere.
1788 1525 1860 1560 Do-

975 1573 1053 1611 111101
1077 1565 1232 1611 mercium
1247 1565 1480 1612 adfirmabant‘,
1509 1566 1575 1609 sola
1591 1568 1685 1610 culpa
1707 1568 1859 1601 navarchi

975 1605 1007 1637 ld
1020 1605 1220 1648 naufragium
1235 1606 1392 1647 evenisse,
1416 1609 1526 1642 multis
1542 1617 1707 1642 nautarum
1721 1609 1864 1642 testimo-

975 1648 1036 1681 niis
1058 1647 1228 1689 probantes
1244 1673 1262 1690 ,
1280 1650 1474 1683 navarchum
1497 1660 1561 1684 non
1585 1651 1721 1684 debuisse
1736 1651 1792 1685 sub
1807 1661 1863 1684 ve-

976 1687 1096 1737 speram
1122 1697 1250 1732 portum
1280 1689 1485 1725 Goredanum
1517 1692 1621 1726 subire
1642 1693 1705 1726 fine
1729 1693 1862 1727 ductore·

974 1731 1106 1773 (sonder
1129 1731 1252 1781 Loots)
1282 1733 1416 1775 potuisse
1437 1734 1468 1767 &
1489 1734 1630 1767 debuisse
1647 1736 1685 1768 ad
1708 1735 1793 1768 diem
1815 1734 1862 1768 se-

973 1781 1126 1815 quentem
1142 1773 1261 1806 haerere
1278 1776 1312 1807 in
1336 1776 1415 1808 mari
1435 1784 1567 1817 aperto,
1587 1777 1681 1818 idque
1701 1785 1834 1810 ventum
1845 1794 1860 1818 3

974 1815 1029 1857 qui
1048 1823 1125 1848 tunc
1147 1814 1264 1862 flabat,
1284 1816 1356 1850 satis
1370 1817 1546 1858 permifisse.
1593 1818 1738 1858 Deinde,
1759 1819 1782 1852 fi
1804 1819 1860 1852 vel

973 1864 1084 1898 portus
1106 1856 1217 1890 fuisset
1238 1858 1437 1900 subeundus,
1459 1861 1491 1893 &
1506 1861 1699 1900 navarchus,
1722 1861 1786 1894 fine
1801 1860 1859 1893 du-

972 1898 1060 1931 &ore
1075 1921 1087 1938 ,
1109 1899 1220 1931 brevia
1244 1900 1347 1933 nosset
1362 1926 1373 1941 ,
1397 1901 1573 1944 oportuisse
1587 1926 1599 1943 ,
1622 1910 1659 1935 ut
1680 1903 1860 1936 navarchus

974 1941 1007 1972 in
1022 1947 1133 1982 parato
1144 1941 1276 1980 ‚haberet
1289 1942 1365 1975 duas
1384 1944 1536 1977 anchoras
1555 1945 1586 1978 &
1603 1944 1685 1977 duos
1702 1943 1858 1977 anchora·

973 1991 1043 2015 rum
1058 1981 1170 2022 funes,
1192 1983 1306 2025 quibus
1323 1985 1502 2025 projectisa
1521 1985 1687 2028 naufragio
1708 1985 1858 2019 servasset:

972 2033 1088 2057 navem
1104 2045 1116 2061 ‚
1139 2033 1284 2057 neutrum
1307 2025 1421 2059 fecisse
1445 2028 1638 2061 navarchum
1653 2052 1663 2065 ‚
1694 2038 1788 2070 atque
1812 2029 1858 2060 ita

970 2065 1114 2108 peccafl'e
1134 2067 1352 2100 commiffione
1368 2068 1398 2100 &
1415 2069 1589 2102 omiffione.
1612 2069 1799 2109 Addebant,
1814 2078 1858 2101 ex

970 2109 1065 2150 culpa
1083 2109 1113 2141 &
1138 2108 1298 2150 imperitia
1318 2110 1467 2142 navarchi
1493 2112 1593 2143 teneri
1615 2111 1826 2144 exercitorem
1843 2131 1856 2150 ,

969 2150 1065 2192 idque
1081 2149 1175 2182 variis
1193 2151 1316 2193 legibus
1335 2151 1546 2193 perscriptum
1564 2153 1627 2185 effe
1648 2152 1705 2185 sub
1726 2153 1825 2184 Titulo
1841 2175 1853 2191 ,

969 2191 1102 2231 Nautae,
1127 2193 1294 2233 Caupones‚
1319 2193 1509 2230 stabularii.
1534 2195 1564 2227 ἀ
1584 2194 1639 2227 sub
1667 2194 1764 2225 Titulo
1779 2211 1791 2232 ,
1815 2195 1850 2225 de

969 2233 1163 2266 Exercitorz'a
1193 2233 1330 2274 afflone,
1367 2235 1398 2267 δε
1424 2235 1467 2267 sic
1489 2235 1528 2266 de
1561 2235 1628 2275 jure
1652 2234 1851 2267 Hollandico

967 2274 1114 2318 scripsisse
1133 2275 1282 2308 Grotium
1315 2275 1480 2308 lniroduez‘.
1506 2277 1545 2307 ad
1567 2275 1741 2318 Jurzsprud.
1774 2277 1854 2309 Hol-

968 2318 1051 2350 land.
1076 2317 1118 2349 L.
1139 2317 1196 2350 ΙΙΙ.
1220 2318 1252 2348 C.
1277 2326 1306 2349 1.
1328 2316 1358 2358 §.
1386 2317 1518 2349 Reeders
1541 2328 1593 2360 32.
1616 2318 1712 2359 idque
1732 2327 1852 2350 conve-

969 2360 1038 2391 nire
1055 2359 1190 2401 Legibus
1206 2357 1356 2391 Nauticis
1374 2358 1514 2400 Philippi
1530 2360 1570 2392 11.
1589 2359 1647 2392 ult.
1663 2359 1736 2391 Ost.
1759 2362 1851 2402 1563.

971 2400 1071 2432 Titulo
1086 2424 1097 2439 ,
1129 2410 1191 2432 van
1225 2400 1456 2442 Schipbrekinge
1486 2400 1516 2441 §.
1543 2409 1593 2432 11.
1625 2402 1656 2433 &
1680 2399 1852 2434 secundum

971 2442 1041 2474 haec
1063 2451 1172 2474 omnes
1190 2440 1260 2472 fere
1276 2442 1445 2474 Senatores
1461 2440 1648 2474 sententiam
1661 2441 1819 2474 dicebant.

1013 2483 1103 2516 Unus
1129 2490 1195 2514 erat
1212 2504 1224 2520 ,
1246 2483 1300 2523 qui
1327 2481 1526 2515 dissentiebat
1545 2505 1557 2522 ,
1591 2483 1622 2515 &
1647 2483 1849 2524 naufragium

975 2523 1060 2556 casui
1085 2524 1194 2565 potius
1209 2548 1218 2563 ,
1249 2532 1343 2564 quam
1367 2523 1469 2565 culpae
1485 2548 1496 2563 ,
1527 2523 1721 2556 adscribebat
1742 2542 1751 2562 4
1776 2525 1850 2565 quia

977 2573 1103 2604 nautae,
1125 2565 1180 2607 qui
1196 2565 1229 2597 in
1243 2574 1324 2597 nave
1343 2563 1490 2605 fuerant,
1515 2575 1576 2598 una
1591 2575 1675 2597 voce
1694 2565 1848 2598 testaban-

979 2615 1051 2646 tur,
1076 2616 1149 2639 cum
1177 2606 1251 2638 esl'et
1272 2616 1373 2647 prope
1402 2604 1561 2639 Goredam
1574 2630 1586 2646 ‚
1609 2615 1729 2640 tantam
1757 2608 1848 2639 venti

979 2649 1045 2681 vim
1060 2647 1175 2687 fuisse,
1199 2648 1230 2680 &
1256 2657 1341 2679 mare
1365 2647 1444 2680 adeo
1465 2648 1664 2682 concitatum
1679 2672 1689 2688 ,
1713 2656 1750 2681 ut
1775 2657 1848 2688 por-

976 2700 1042 2724 tum
1065 2690 1167 2722 subire
1192 2689 1293 2721 coaffl
1315 2688 1437 2722 fuerint
1452 2712 1464 2728 ,
1486 2690 1543 2722 nifi
1571 2688 1603 2721 se
1626 2689 1771 2729 praesenti
1792 2698 1846 2730 pe-

973 2732 1079 2765 riculo
1096 2730 1330 2774 exposuissent,
1356 2730 1508 2770 tentasse,
1531 2738 1568 2761 ut
1588 2730 1680 2762 funes
1693 2730 1848 2762 anchora-

973 2783 1043 2807 rum
1079 2779 1287 2815 raepararent,
1310 2772 1363 2804 sed
1378 2771 1496 2810 undas,
1521 2780 1590 2813 quae
1607 2771 1764 2803 continuo
1789 2778 1847 2803 un-

971 2816 1025 2847 das
1063 2814 1330 2856 uperveniebant,
1352 2812 1509 2854 0110101Πο
1533 2811 1727 2853 superiorein
1755 2813 1846 2845 navis

970 2864 1092 2899 partem
1106 2880 1117 2896 ,
1139 2855 1182 2888 sic
1206 2863 1241 2886 ut
1269 2854 1362 2886 funes
1384 2854 1531 2900 expedire
1560 2863 1623 2886 000
1651 2853 1816 2894 potuerint
1831 2874 1844 2893 ‚

970 2906 1098 2937 nautas,
1129 2897 1184 2939 qui
1207 2897 1239 2928 in
1256 2896 1434 2927 continenti
1457 2893 1550 2933 sunt,
1586 2902 1622 2927 ut
1652 2894 1779 2926 fuerant
1806 2904 1842 2926 o-

970 2949 1058 2972 mnes
1076 2938 1263 2977 testes‚non
1282 2935 1356 2968 satis
1372 2943 1443 2968 tuto
1460 2935 1700 2977 judicare‚quid
1719 2943 1844 2976 nautae,

975 2989 1062 3013 tanta
1078 2977 1262 3020 tempestate
1277 2978 1403 3015 obruti,
1426 2977 1540 3019 poffint
1562 2977 1615 3009 vel
1637 2986 1701 3009 non
1727 2977 1842 3018 poffint

972 3021 1098 3060 facere,
1122 3020 1257 3062 pendere
1272 3019 1304 3050 id
1319 3028 1338 3050 e
1353 3018 1464 3056 fastis,
1486 3027 1556 3058 quae
1580 3018 1630 3051 illi
1658 3017 1739 3060 saepe
1756 3018 1844 3060 igno-

972 3071 1065 3102 rant,
1087 3060 1341 3104 praesumendum
1355 3059 1435 3100 effe,
1459 3058 1516 3092 nisi
1537 3060 1701 3094 evidenter
1717 3068 1842 3106 contra·

1759 3111 1842 3138 rium

1091 3176 1169 3206 Piae.
1187 3155 1211 3205 1.
1235 3184 1262 3204 2.
1285 3177 1310 3210 ς.
1334 3169 1430 3204 1331.
1451 3168 1527 3204 Hau.
1550 3182 1579 3207 2.

1005 3217 1018 3252 (
1086 3215 1163 3244 Plac.
1183 3223 1237 3243 van
1251 3213 1378 3244 Holland.
1398 3222 1426 3251 p.
1449 3217 1515 3249 366.

1094 3257 1243 3299 Nnng
