2008 3436
174 112 241 153 388
543 105 1060 144 GERARDI

172 187 368 219 Antoninum
388 186 488 220 Pium.
512 188 563 229 (¹)
586 188 679 226 Scio,
695 185 863 228 praefatur,
887 185 958 216 inde
971 195 1035 216 mu-

173 237 268 259 tatam
288 228 349 259 effe
365 229 504 269 priorum
524 238 699 270 temporum
717 228 893 266 licentiam,
917 226 965 257 sed
983 226 1037 257 hu-

172 269 220 307 jus
241 268 475 302 offex-erationis
494 271 614 302 nullum
633 271 684 302 dat
703 267 900 310 sponsorem:
923 268 966 298 ita
983 267 1036 298 do-

173 317 225 340 cet
244 310 329 350 quod
348 321 412 342 non
427 312 550 352 probat.
574 321 633 353 ego
652 320 729 342 vcro
758 309 820 341 fine
835 319 874 340 eo
891 318 954 340 non
972 317 1035 339 cre-

172 351 229 381 do:
251 357 343 392 'quam
360 352 442 383 enim
459 352 500 384 fic
520 353 618 384 habeo
644 351 764 383 causam
775 373 785 388 ,
810 350 961 382 Veterum
979 348 1036 380 ser-

172 401 298 423 monem
320 393 372 434 qui
388 393 457 434 post
474 394 546 425 illos
561 394 720 434 Principes
736 391 835 423 literis
850 390 1035 435 floruerunt,

174 433 206 464 in
225 433 320 465 alium
347 435 468 466 trahere
494 434 631 473 sensum,
660 443 748 474 quam
768 441 877 463 eorum
896 441 949 472 qui
967 439 1038 461 ante

176 474 215 505 de
235 473 391 506 infantum
419 476 616 517 expositione
645 473 851 514 scripserunt,
872 471 973 503 sermo
990 480 1037 501 ac—

175 515 241 555 cipi
259 516 289 547 &
308 515 387 547 solet
411 517 441 549 &
466 517 560 548 debet
576 517 592 548 ‘2
623 516 713 556 plane
732 514 860 545 nullam.
884 512 937 553 (ι)
958 512 1037 557 Sunt

174 556 245 587 haec
273 557 431 589 evidentia
448 582 457 597 ‚
488 566 522 588 ut
545 565 658 588 caetera
682 555 802 586 omnia:
839 553 890 585 sed
913 553 1038 584 collatis

175 597 329 638 exemplis
358 598 434 630 frent
460 597 666 629 evidentiora.
699 595 751 636 (ε)
782 595 829 626 Εη
854 594 933 635 apud
952 593 1038 624 Plau-

177 646 245 669 tum
262 638 418 679 Amphytr.
444 649 470 670 1.
493 649 521 680 3.
566 638 687 678 Jupiter
705 636 760 668 sub
779 635 881 676 specie
902 634 1040 675 Amphy-

178 679 291 710 trionis
306 680 508 710 Alcumenam
525 679 565 711 fic
580 679 761 719 alloquitur.

239 745 324 752 ——
346 727 462 770 Asenfi‘s
477 729 542 770 jam
564 729 620 759 tibi
641 728 690 769 effe
712 727 787 758 atior
807 727 899 757 vides.

242 777 326 808 litias
346 776 448 817 neceffe
462 776 508 849 lest
529 779 571 810 ire
593 779 682 810 hinc:
703 787 803 808 <uerum
823 778 896 819 quod
916 777 971 807 erit
987 787 1038 808 aa·

326 824 406 856 tzcm‚
433 824 459 849 to
474 820 536 851 lito.

180 870 331 903 Similiter
354 870 398 901 ait
421 869 532 903 Davus
560 870 640 912 apud
661 870 850 902 Terentium
869 869 989 901 Andria
1014 880 1040 902 1.

178 922 209 953 3.
235 921 281 951 14.

240 961 397 1009 -Qaquaid
410 963 576 1004 peperiffet,
597 963 787 994 decreverunt
808 962 916 992 tollere.

178 1010 344 1052 Aliquisne
367 1012 436 1044 haec
464 1014 569 1055 legens
585 1035 597 1051 ‚
623 1013 779 1053 ambigat,
808 1019 914 1042 utrum
930 1019 1042 1055 reprae-

179 1051 319 1084 sentetur
342 1053 494 1094 flagitium
519 1054 682 1086 hominum
706 1052 945 1091 viliffimorum,
968 1053 1042 1091 legl-

177 1092 235 1136 bus
258 1103 312 1125 aut
337 1095 476 1127 moribus
499 1095 599 1136 puniri
625 1094 767 1126 solitum:
792 1103 828 1124 an
849 1094 897 1139 jus
914 1102 1041 1124 conces-

177 1139 246 1166 ium
266 1136 412 1167 omnibus
431 1144 493 1167 tam
511 1135 658 1174 summis,
680 1144 771 1176 quam
789 1134 924 1171 infimis3
943 1142 1045 1173 eoque

177 1176 318 1207 criminis
335 1186 498 1217 poenaeque
515 1177 674 1213 vacuum?
705 1176 807 1216 AEque
820 1175 927 1206 credes
944 1174 1019 1205 mihi
1033 1197 1043 1212 ,

180 1217 320 1256 ejusdem
341 1218 459 1249 tenoris
483 1218 544 1250 effe
565 1218 627 1249 hoc
658 1217 710 1258 (4)
742 1216 885 1248 Suetonii
918 1215 1044 1246 Oftavz'o

181 1267 208 1288 c.
225 1262 276 1298 65.
305 1258 344 1289 de
361 1259 502 1300 Augusto
530 1258 571 1291 fic
600 1258 774 1299 loquentis:
801 1257 853 1287 Ex
876 1255 1045 1302 nepte-Ja-

183 1299 227 1330 lz'a
238 1297 302 1339 post
320 1300 533 1331 damnationem
557 1300 665 1330 cciii-mn
688 1299 835 1342 infament
857 1296 972 1342 agnosci
993 1297 1047 1342 alz-

180 1348 234 1381 que
252 1342 356 1373 vetuit.
385 1340 438 1382 (s)
467 1340 584 1383 Quaeso
601 1363 611 1379 ,
644 1349 682 1371 ne
707 1347 867 1380 graveris,
887 1347 982 1383 etiarn
1004 1339 1047 1368 le-

184 1388 334 1422 quentem
351 1391 392 1414 ex
418 1381 554 1423 Caligula
574 1391 599 1412 c.
621 1391 653 1420 5.
675 1380 785 1412 locum
804 1378 962 1418 exaudiri,
985 1388 1051 1412 non

182 1516 244 1550 ‘do,
264 1515 408 1546 historiam
432 1514 504 1555 Juris
524 1514 686 1555 prosecutus
707 1517 757 1547 sur.
786 1524 800 1545 a
816 1515 941 1552 Traiano
957 1515 993 1545 ad
1006 1516 1052 1555 Ju..v

181 1554 336 1584 ‘stinianum
357 1555 452 1594 Opusc.
474 1556 505 1585 C.
525 1557 576 1586 lx.
594 1564 621 1594 p.
643 1560 707 1592 363.
777 1555 847 1594 seqq.

226 1593 250 1629 §-
265 1593 331 1622 XV.
355 1602 380 1623 1.
400 1596 506 1624 Iterum
521 1597 625 1633 repetis
638 1617 645 1629 ,
659 1604 702 1623 me
718 1595 773 1623 sine
789 1593 920 1631 sponsore
935 1592 1053 1622 affirma-

183 1639 235 1664 te,
262 1631 325 1668 post
347 1633 523 1668 Traianum,
558 1634 714 1663 Adrianum
734 1632 760 1662 &
780 1633 956 1661 Antoninum
972 1633 1052 1661 Pium

189 1668 299 1699 ceffaffe
319 1671 363 1705 J'us
386 1672 449 1700 vitae
471 1681 504 1700 ac
520 1673 595 1701 necis
617 1673 645 1701 in
662 1672 780 1705 liberos,
802 1671 848 1699 sed
871 1670 1014 1708 sponsores
1031 1671 1052 1699 i-

191 1707 302 1737 doneos
319 1709 360 1737 liti
377 1710 486 1743 obtuli,
507 1718 560 1739 nec
575 1717 605 1740 tu
621 1719 669 1740 eos
686 1708 821 1738 refutasti.

229 1755 256 1776 2.
277 1747 354 1786 Quid
370 1748 417 1776 hic
433 1749 483 1777 tibi
498 1749 566 1777 velis
583 1771 590 1783 ‚
613 1757 671 1777 non
692 1749 754 1777 satis
775 1747 913 1784 intelligo.
953 1746 1011 1776 Aut
1026 1753 1057 1776 tu

187 1783 238 1812 hic
253 1784 311 1814 illic
327 1786 457 1815 nonnihil
472 1787 589 1816 obscure
607 1786 730 1825 scripsisti
741 1808 748 1821 ,
775 1787 847 1814 vitio
859 1786 1014 1823 perturbati
1030 1794 1058 1813 a·

189 1823 276 1857 nimi,
298 1830 365 1859 aut,
387 1824 463 1861 quod
477 1827 572 1854 omnia
587 1834 645 1854 non
669 1826 731 1854 satis
753 1824 902 1861 adsequar,
925 1833 986 1852 mea
1005 1823 1056 1852 stu·

185 1860 294 1897 piditas
308 1862 356 1891 est.
397 1864 448 1892 Vis
458 1864 505 1892 hic
520 1864 648 1893 conferre
664 1863 790 1900 exempla
805 1864 906 1891 veteris
921 1862 946 1891 ἀ
959 1871 1055 1890 recen-

189 1900 272 1928 tioris
294 1901 344 1929 aevi
363 1900 399 1929 de
421 1901 549 1930 tollendo
565 1902 590 1931 δι
606 1903 774 1940 exponendo
790 1908 870 1938 partu
885 1901 900 1929 .?
921 1909 1013 1936 eoque
1026 1901 1055 1929 fi-

190 1945 245 1971 ne,
265 1944 298 1967 ut
312 1939 437 1967 auftores
460 1949 556 1969 omnes
578 1942 606 1969 in
631 1941 748 1969 eandem
767 1940 930 1968 sententiam
947 1939 1057 1967 locutos

193 1975 376 2006 ostenderes?
397 1978 432 2006 sic
445 1980 548 2007 innuis.
585 1980 646 2015 Age
660 2001 667 2010 ,
688 1978 845 2016 periclitare
862 1979 934 2006 vires
951 1984 1022 2006 tuas.

231 2023 259 2049 3.
279 2016 322 2044 Ex
340 2016 441 2045 Plauto
457 2017 629 2046 &Terentio
649 2017 707 2046 duo
733 2017 794 2045 loca
814 2016 919 2050 adfers,
941 2017 976 2044 ab
998 2016 1059 2044 aliis

194 2051 300 2081 dudum
319 2054 427 2085 adlata,
449 2056 497 2091 qui
520 2062 606 2091 agunt
631 2055 665 2084 de
681 2055 807 2084 tollendo
824 2055 926 2092 partu?
946 2059 1058 2090 poteras

195 2098 231 2118 ex
239 2092 378 2120 Terentio
393 2092 498 2121 addere
507 2094 591 2122 alium
605 2115 612 2128 ‚
627 2095 675 2130 qui
685 2095 740 2130 agit
756 2093 790 2121 de
806 2092 1058 2129 exponend0‚He-

194 2137 248 2165 cyr.
269 2130 331 2158 Ast.
351 2131 400 2158 111.
428 2130 470 2158 Sc.
491 2133 513 2159 I.
547 2132 620 2169 Vers.
641 2140 688 2166 40.
717 2131 887 2168 exponendo
904 2131 1006 2159 scilcet
1026 2130 1059 2157 acl

193 2173 317 2202 mortem,
328 2174 358 2196 ut
372 2168 502 2197 Donatus
519 2170 590 2197 reete
603 2171 800 2206 interpretatur
812 2191 818 2201 .
828 2169 852 2197 ἀ
868 2169 932 2197 inde
945 2170 983 2196 ais
993 2176 1059 2195 con-

195 2205 285 2240 stare,
306 2206 331 2244 dt
346 2207 446 2239 moris,
468 2206 574 2241 &juris
590 2207 668 2235 fuisse
686 2215 793 2244 partum
810 2207 907 2235 tollere
920 2228 928 2240 ‚
948 2206 990 2234 vel
1007 2215 1058 2243 pro

197 2245 316 2273 arbitrio
331 2253 485 2280 exponere;
508 2246 570 2281 quis
586 2252 669 2281 negat
687 2247 729 2273 vel
747 2247 862 2281 negavit
884 2253 1005 2281 unquam
1021 2246 1060 2272 ita

195 2284 284 2311 moris
301 2283 344 2310 vel
360 2283 427 2316 juris
442 2282 520 2311 fuisse
535 2289 616 2312 aetate
632 2284 721 2312 Plauti
739 2283 763 2312 ὅ(
779 2284 924 2317 Terentii,
941 2291 1060 2318 quorum

198 2320 246 2350 ille
262 2321 331 2349 vixit
347 2320 373 2349 &
390 2320 491 2357 scripsit
506 2321 553 2349 sub
575 2322 656 2350 finem
671 2323 737 2350 belli
752 2323 848 2350 Punici
863 2322 992 2355 secundi,
1015 2322 1061 2349 hic

198 2361 272 2387 circa
292 2360 400 2387 initium
420 2360 518 2388 tertii?
551 2360 596 2388 An
620 2369 652 2388 ex
669 2362 711 2389 his
735 2360 801 2389 scire
815 2360 895 2393 licet,
917 2360 982 2396 quid
993 2361 1060 2394 juris

196 2397 284 2426 fuerit
307 2398 355 2426 sub
379 2398 505 2432 Traiano
519 2419 526 2430 ‚
561 2398 586 2426 ὅ(
617 2399 747 2436 deinceps
781 2400 918 2436 occupavi
942 2400 998 2433 jam
1031 2397 1061 2426 il-

195 2435 254 2464 ·lnm
280 2435 484 2471 responsionem
512 2435 606 2474 Opusc.
640 2436 669 2465 C.
691 2438 727 2466 X.
755 2443 782 2473 p.
804 2441 868 2472 365.
897 2443 925 2465 at
946 2444 993 2470 tu,
1020 2437 1062 2465 ni—

197 2475 239 2503 hil
263 2482 401 2510 reponens
421 2494 430 2505 ,
460 2474 554 2502 denuo
572 2475 693 2503 inculcas
714 2475 804 2504 Plauti
820 2475 844 2503 ἀ
857 2476 984 2503 Terentii
1001 2483 1061 2502 ver-

200 2512 310 2540 neuros.
348 2511 486 2539 Venditio
500 2514 651 2541 liberorum
663 2535 670 2546 ,
691 2523 752 2550 quae
766 2513 791 2541 dc
811 2513 867 2550 ipsa
881 2515 941 2548 jure
956 2512 1062 2542 Pande-

199 2551 303 2578 ftarum
321 2549 502 2583 exoleverat,
521 2550 546 2578 ὅ(
558 2552 648 2587 palam
666 2553 854 2588 improbatur,
875 2551 965 2580 Plauti
983 2557 1062 2579 aetate

198 2597 316 2655 ἣιῗοηὲιε
335 2588 414 2653 licita
435 2587 487 2616 suit
502 2610 509 2622 ,
539 2596 569 2617 ut
585 2589 680 2618 videre
695 2590 761 2619 licet
777 2598 810 2618 ex
825 2591 883 2624 ejus
899 2589 981 2628 Persa
1000 2590 1062 2618 Aa.

241 2647 250 2656 .
292 2636 315 2655 c.
350 2647 356 2653 .

236 2673 264 2700 4.
286 2664 437 2692 Suetonius
450 2665 545 2692 anaor
564 2664 602 2692 est
618 2685 627 2697 ‚
648 2665 801 2702 Augustum
821 2666 952 2700 vetuisse,
974 2674 1007 2694 ex
1017 2674 1064 2694 ne-

198 2708 248 2739 pte
271 2701 343 2740 Julia
365 2701 427 2738 post
450 2702 658 2730 damnationem
682 2704 787 2732 editum
803 2704 937 2732 infantem
953 2704 1064 2739 agnosci

200 2741 305 2776 alique.
345 2739 402 2769 Sed
429 2740 496 2776 quid
522 2740 588 2768 inde
607 2741 634 2768 in
655 2750 712 2768 rem
733 2742 831 2770 tuam?
852 2743 938 2769 nolim
955 2741 1064 2774 dicere,

197 2779 317 2816 potuisse
332 2778 503 2814 Augustum,
525 2780 586 2813 jure
600 2779 744 2815 potestatis
762 2779 907 2816 supremae‚
929 2787 981 2816 pro
995 2780 1066 2808 arbi-

200 2819 255 2845 trio
273 2817 392 2845 statuere
411 2817 446 2845 de
466 2823 546 2853 partu
559 2817 649 2853 neptis
667 2818 733 2851 suae,
755 2817 780 2846 ὅ(
797 2817 862 2846 inde
883 2818 916 2845 ad
938 2818 1064 2854 privatos

200 2863 259 2883 non
274 2856 346 2883 recte
374 2861 568 2892 argumentum
593 2856 666 2884 duci.
705 2855 760 2885 Sed
782 2856 848 2892 quid
863 2857 956 2884 habeo
971 2864 1064 2884 neces-

202 2893 229 2920 se
243 2915 250 2926 ,
272 2902 334 2921 curn
350 2894 440 2928 palam
461 2893 594 2928 dixerim,
626 2895 694 2930 quin
718 2894 743 2922 ἃ.
757 2895 950 2930 probaverim.
970 2894 1065 2929 Augu·

201 2930 234 2958 sti
250 2937 330 2960 :etate
348 2931 375 2958 id
395 2931 481 2968 ipsum
498 2933 711 2968 quibuscunque
729 2933 845 2968 privatis
869 2931 994 2960 licuisse?

242 2977 269 3004 5.
289 2970 392 3005 Neque
406 2970 452 2998 hic
467 2970 543 2998 locus
559 2970 688 2999 Suetonii
711 2971 860 3007 quicquam
877 2971 912 2998 ad
931 2978 989 2999 rem
1004 2977 1064 3006 per-

204 3007 284 3035 tinet.
323 3007 372 3036 Ait
395 3016 431 3036 eo
453 3008 518 3043 die,
538 3017 595 3045 quo
611 3009 794 3037 Germanicus
817 3008 878 3037 fato
894 3009 942 3037 suo
956 3008 1064 3036 funetus

205 3043 243 3070 cst
255 3065 263 3077 ‚
282 3045 397 3082 lapidata
416 3045 467 3084 effe
487 3047 581 3083 templa
594 3068 602 3081 ,
622 3046 761 3084 subversas
781 3047 871 3077 Deum
886 3056 945 3075 aras
964 3068 971 3078 ‚
998 3047 1065 3074 lares

205 3090 222 3122 a
237 3083 384 3116 quibusdam
391 3083 542 3120 familiares
561 3086 588 3112 in
598 3086 730 3121 publicum
745 3086 866 3122 ahJeaos,
898 3091 989 3121 parcus
1000 3084 1064 3112 Con·

200 3125 296 3153 jugum
311 3121 438 3157 expefitos.
477 3123 546 3151 Cum
563 3129 690 3158 partuum
707 3123 846 3160 expositio
861 3124 991 3159 jungatur
1013 3124 1063 3156 iis,

207 3162 266 3191 quae
292 3158 387 3194 utique
412 3167 491 3190 erant
510 3160 621 3196 illicita,
650 3160 676 3190 δε
698 3160 772 3192 hanc
789 3161 912 3193 illicitam
928 3154 1006 3190 fuisse
1027 3169 1060 3191 ex

1181 101 1562 141 NOODT

1079 184 1160 224 quasi
1176 184 1312 225 designet
1330 208 1339 222 ,
1368 195 1384 216 a
1409 185 1498 216 turba
1516 186 1573 217 vili
1591 187 1619 218 ξ(
1642 185 1704 218 sine
1719 187 1846 220 nomine
1865 188 1936 231 quid

1078 226 1231 267 flagitiose
1255 225 1373 257 factum
1393 237 1400 257 :
1428 225 1480 257 sed
1501 227 1604 266 paffim
1629 237 1645 258 a
1666 227 1790 268 Populo
1809 230 1840 261 in
1858 230 1940 266 luctu

1077 268 1144 307 jure
1160 267 1261 299 licito.
1311 265 1373 298 Ono
1400 267 1553 307 defunbizcs
1580 266 1620 309 est
1640 270 1705 306 die,
1726 269 1940 313 lapidatasunt

1079 309 1201 348 templa,
1215 299 1359 351 sith-misse
1380 308 1477 340 Deum
1502 319 1558 340 arte
1577 332 1588 348 ,
1619 310 1713 341 Lares
1731 320 1749 340 a
1775 313 1940 351 quibusdam

1073 350 1243 389 familiares
1259 352 1290 380 in
1305 351 1454 391 publicum
1471 350 1577 392 abjeciz'
1589 375 1598 390 ,
1617 357 1720 391 partus
1731 353 1884 395 conjugum
1893 366 1940 388 exa

1076 389 1170 431 pofitz'.
1195 391 1248 432 (ὁ)
1271 391 1313 422 At
1331 401 1389 423 nec
1406 391 1457 422 hic
1474 391 1591 423 refistet
1606 391 1765 424 Dominus
1782 403 1842 425 van
1862 395 1942 438 Byn-

1080 432 1251 464 kei-shoek:
1278 433 1458 464 recordatus
1481 433 1673 472 praesertim,
1699 433 1729 465 se
1747 433 1809 465 esse
1823 435 1942 478 aliquo-

1081 473 1139 504 ties
1155 472 1328 505 confess'um
1340 498 1348 512 ,
1370 481 1442 505 ante
1457 474 1648 514 ijanum,
1679 474 1892 517 Hadrianum,
1913 479 1943 512 δι

1081 514 1275 546 Antoninum
1293 514 1400 553 Pium,
1422 516 1561 546 nondum
1578 515 1769 556 prohibitam
1792 516 1885 549 fuiss'e
1900 519 1946 552 in-

1080 554 1202 585 fantum
1228 555 1476 597 expositionem,
1506 557 1645 589 nondum
1661 557 1766 589 ablato
1782 560 1863 599 patri
1877 560 1945 601 Jure

1082 595 1199 627 liberos
1213 596 1352 627 necandi.
1399 596 1450 628 De
1466 597 1607 638 Tacito,
1630 599 1701 639 quia
1723 599 1839 631 diCmm
1861 609 1945 642 ante,

1082 636 1161 668 nihil
1181 645 1300 677 repetO.
1332 636 1386 677 (7)
1418 637 1499 669 Illud
1517 648 1579 671 non
1599 639 1712 672 silebo:
1734 641 1819 682 quod
1837 641 1946 675 diffici-

1083 678 1142 709 lius
1157 676 1251 716 fimat,
1276 677 1329 708 sub
1348 677 1442 709 Divis
1460 678 1620 712 Fratribus
1637 680 1765 713 similem
1788 682 1854 714 fieri
1870 693 1945 716 con-

1082 718 1229 758 jecturam
1256 718 1294 749 de
1322 717 1469 759 sequente
1495 720 1619 761 Apulcji
1651 723 1725 754 loco
1749 733 1789 755 ex
1820 724 1870 757 lib.
1895 734 1943 757 10.
1980 728 1982 731 '

1083 759 1279 799 Memmorph.
1306 759 1398 791 Pater
1414 766 1536 802 peregre
1562 761 1743 804 proficiscens
1760 787 1771 802 ‚
1790 767 1948 798 mandavit

1082 802 1166 831 uxori
1187 824 1197 839 ,
1229 802 1318 831 matri
1345 801 1469 842 ejusdem
1482 804 1623 843 juvenis,
1641 806 1712 845 quod
1733 807 1811 837 enim
1821 806 1946 847 sarcina

1079 842 1288 883 praegnationis
1305 848 1452 873 oneratam
1471 853 1533 874 eam
1553 845 1752 886 relinquebat,
1765 845 1794 884 fi
1802 848 1891 887 sexus
1903 848 1947 888 se-

1084 884 1190 924 quioris
1206 882 1447 923 eclicliffetfaetum
1457 908 1466 923 ‚
1484 887 1618 924 protinus
1645 889 1716 927 quod
1732 889 1841 918 editum
1861 884 1947 930 effet,

1083 930 1244 955 necaretur.
1293 924 1376 955 Mihi
1404 934 1482 956 vcro
1502 926 1580 958 nihil
1617 929 1804 968 roponitur,
1828 938 1884 961 cur
1907 930 1950 963 A·

1084 965 1191 1015 puleio
1210 964 1305 995 alium
1331 964 1500 998 adscribam
1527 966 1576 999 sen
1596 977 1645 999 um
1663 993 1672 1008 ‚
1697 979 1789 1010 quam
1806 969 1920 1003 Plauto
1934 995 1947 1012 ,

1091 1006 1241 1038 Ferentio
1259 1028 1268 1042 ‚
1301 1006 1479 1038 Suetonio:
1509 1009 1614 1040 eadem
1637 1010 1773 1052 Apuleio
1798 1010 1948 1052 loquendi

1084 1047 1205 1085 forma,
1228 1047 1337 1078 eodem
1364 1056 1526 1087 parentum
1552 1051 1683 1082 arbitrio
1702 1052 1744 1083 ob
1762 1050 1870 1084 sexum
1888 1054 1950 1086 tol-

1085 1088 1168 1120 lendi
1187 1095 1240 1118 aut
1257 1089 1388 1119 necandi
1404 1088 1552 1129 infantis,
1585 1101 1643 1122 nec
1660 1093 1841 1133 prohibita,
1862 1095 1948 1135 quic-

1087 1129 1161 1170 quid
1183 1129 1267 1159 dicat
1284 1128 1441 1161 Dominus
1457 1140 1516 1161 van
1536 1132 1775 1173 Bynkershoek,
1793 1134 1851 1166 illo
1869 1144 1948 1168 tem-

1086 1179 1163 1212 pore
1194 1170 1261 1209 eJus
1278 1179 1361 1214 ‚nece
1388 1178 1441 1201 aut
1459 1173 1662 1212 expofitione.
1685 1174 1737 1215 (⁸)
1758 1174 1810 1207 Ne
1825 1184 1954 1217 praeter-

1087 1212 1211 1243 mittam
1231 1211 1356 1250 qurdem
1374 1218 1517 1243 notatum
1535 1213 1596 1244 hoc
1616 1224 1632 1245 a
1654 1214 1804 1254 Donato,
1848 1218 1877 1249 ui
1892 1218 1951 1250 flo-

1088 1252 1151 1284 ruit
1163 1251 1299 1281 maxime
1314 1250 1369 1281 sub
1385 1251 1583 1285 Constantini
1600 1254 1673 1286 filiis
1688 1279 1697 1294 ‚
1721 1257 1759 1287 ad
1780 1258 1808 1289 d.
1852 1258 1954 1292 'eren-

1091 1294 1126 1325 tii
1148 1292 1274 1323 locum:
1299 1291 1423 1323 Paritm·
1446 1294 1524 1324 enim
1553 1301 1606 1325 aut
1629 1296 1768 1336 masculus
1788 1305 1839 1329 aut
1848 1300 1952 1339 foemi-

1091 1344 1152 1366 na.-
1179 1332 1214 1368 ἐξ·
1229 1332 1305 1373 salet
1324 1331 1430 1375 justior
1458 1334 1507 1374 effe
1532 1335 1617 1376 causa
1643 1337 1780 1375 tollendi,
1793 1338 1821 1380 fi
1842 1350 1952 1374 marem

1094 1385 1165 1407 uxor
1175 1373 1337 1415 peperisset.
1349 1374 1404 1416 stati
1422 1376 1509 1408 nimii
1535 1379 1640 1410 amoris
1664 1377 1725 1419 est,
1744 1388 1801 1411 mm
1818 1379 1957 1422 expeeraff

1095 1427 1122 1450 re
1134 1439 1146 1457 ‚
1168 1416 1236 1459 quid
1251 1416 1346 1449 tollas.
1952 1439 1958 1443 -

1807 1462 1836 1504 ἓ.
1861 1462 1957 1501 XVI·

1093 1555 1150 1585 hoc
1164 1554 1229 1584 loco
1247 1555 1340 1593 potius
1355 1555 1520 1594 collegeris,
1539 1557 1588 1588 nili
1603 1557 1716 1590 aliunde
1738 1558 1895 1594 constaret,
1908 1560 1956 1597 jus

1093 1593 1253 1623 necandi&
1268 1596 1426 1631 exponendi
1448 1605 1481 1625 ea
1500 1603 1579 1626 aetate
1606 1598 1765 1627 adhucdum
1788 1598 1962 1636 perdurasse.

1093 1633 1263 1669 Simpliciter
1293 1634 1377 1669 igitur
1400 1635 1518 1664 relatum
1540 1636 1595 1669 est,
1627 1637 1694 1672 quid
1710 1638 1836 1676 Quirites
1852 1636 1960 1668 fuerim

1095 1671 1167 1706 ausi,
1190 1671 1245 1699 five
1262 1672 1321 1706 jure
1335 1693 1344 1705 ,
1363 1671 1418 1701 five
1432 1674 1549 1708 injuria,
1580 1674 1615 1702 ad
1635 1675 1791 1705 testandum
1807 1684 1958 1706 moerorem

1096 1718 1129 1739 ex
1155 1711 1236 1738 obitu
1263 1710 1375 1738 Caesaris
1398 1712 1567 1740 Germanici.
1606 1713 1714 1749 Lipsius
1738 1715 1812 1743 reete
1828 1714 1962 1745 abstinuit

1098 1749 1141 1777 his
1160 1747 1230 1776 locis
1244 1748 1417 1783 indicandis,
1441 1752 1492 1778 tibi
1508 1751 1610 1780 scilicet
1625 1752 1675 1780 soli
1689 1753 1746 1781 haec
1762 1753 1912 1783 debentur.

1134 1790 1161 1816 6.
1183 1787 1253 1815 Non
1273 1786 1327 1820 est,
1361 1796 1409 1816 cur
1427 1788 1563 1824 refistam;
1591 1797 1643 1818 nec
1666 1790 1722 1825 est,
1744 1800 1793 1820 cur
1810 1798 1840 1820 tu
1856 1798 1962 1828 magno

1098 1825 1242 1854 molimine
1261 1825 1377 1861 probes,
1401 1826 1435 1855 de
1451 1836 1508 1863 quo
1526 1829 1615 1863 palam
1630 1830 1702 1857 inter
1719 1838 1770 1858 nos
1784 1829 1902 1858 constat.

1139 1872 1164 1898 7.
1186 1862 1319 1900 Apuleius
1336 1886 1342 1896 ,
1372 1866 1421 1901 qui
1449 1865 1496 1894 sub
1514 1866 1596 1895 Divis
1619 1868 1759 1895 Fratribus
1774 1867 1843 1895 vixit
1856 1867 1882 1896 ἀ
1898 1867 1965 1898 serf:

1098 1901 1165 1939 psit,
1186 1903 1272 1937 magis
1289 1902 1323 1930 ad
1346 1910 1404 1931 rem
1425 1905 1563 1940 pertinet,
1593 1912 1676 1942 atque
1693 1906 1764 1934 adeo
1782 1906 1841 1940 ejus
1860 1906 1966 1942 locusJ

1099 1948 1180 1976 quem
1202 1940 1249 1968 hic
1270 1940 1397 1975 profers,
1426 1951 1441 1970 a
1456 1942 1548 1979 Lipsio
1570 1953 1682 1980 quoque
1694 1943 1822 1972 laudatus
1837 1943 1967 1981 &Epish

1100 1982 1146 2013 85.
1184 1977 1238 2007 Sed
1259 1978 1354 2016 Oprgfc.
1384 1980 1412 2007 C.
1433 1982 1469 2009 X.
1491 1988 1517 2016 ρ.
1540 1985 1604 2016 367.
1624 1983 1679 2017 jam
1696 1981 1825 2019 reposui,
1847 1982 1965 2012 manda-

1101 2023 1158 2045 tum
1175 2017 1259 2052 patris
1270 2037 1277 2050 ,
1298 2026 1414 2054 peregre
1427 2019 1643 2056 proficiscentis,
1662 2019 1687 2048 ἂ
1701 2020 1859 2049 mandantis
1870 2021 1968 2057 uxori,

1101 2061 1147 2088 ut,
1169 2054 1187 2082 fi
1203 2055 1279 2083 sexus
1295 2056 1427 2091 sequioris
1443 2057 1568 2086 edidisset
1589 2057 1685 2086 foetum
1700 2080 1707 2092 ,
1736 2060 1864 2095 protinus
1881 2067 1964 2088 neca-

1101 2099 1176 2121 retur
1193 2114 1202 2127 ,
1231 2101 1288 2120 non
1313 2095 1400 2129 majus
1424 2096 1545 2131 praebere
1570 2103 1762 2132 argumentum
1793 2099 1835 2125 rei
1864 2099 1964 2133 licitae,

1100 2139 1182 2168 quain
1213 2130 1281 2167 ipsas
1302 2138 1429 2168 partuum
1457 2133 1544 2161 caedes
1570 2133 1596 2162 ἁ
1619 2135 1823 2171 expositiones,
1845 2144 1964 2172 quarum

1102 2167 1246 2205 exempla,
1268 2169 1328 2204 post
1344 2172 1534 2200 Valentiniani
1552 2181 1666 2208 quoque
1682 2173 1755 2209 leges
1771 2175 1964 2211 prohibentes,

1102 2208 1192 2236 omnis
1213 2213 1276 2235 aetas
1294 2208 1426 2244 suggeffit.
1468 2210 1512 2237 De
1525 2211 1586 2244 jure
1604 2211 1723 2239 necandi
1742 2211 1767 2240 ἀ
1784 2213 1966 2249 exponendi.

1104 2254 1161 2274 non
1178 2245 1212 2273 de
1228 2246 1361 2274 mandato
1377 2248 1420 2275 vel
1436 2247 1509 2275 fatto
1525 2251 1601 2277 necis
1617 2249 1642 2277 ὅ(
1659 2249 1840 2286 expositionis
1851 2273 1857 2283 ‚
1872 2251 1965 2280 omnis

1103 2284 1196 2312 nostra
1206 2283 1244 2311 est
1260 2283 1424 2320 disputatio,
1446 2286 1471 2314 &
1488 2288 1728 2322 quemadmodum
1750 2289 1809 2317 haec
1822 2290 1911 2326 probe
1925 2288 1968 2318 di·

1104 2321 1268 2358 {tinguentia
1284 2322 1355 2358 sint,
1371 2324 1486 2360 exposui
1504 2325 1557 2352 eod.
1580 2325 1641 2361 Cap.
1662 2327 1699 2355 X.
1718 2333 1745 2363 p.
1768 2330 1833 2361 365.
1873 2325 1968 2356 Atin-

1105 2360 1174 2393 stas,
1196 2361 1265 2388 nihil
1282 2362 1403 2398 proponi
1420 2383 1427 2395 ‚
1456 2371 1504 2390 cur
1519 2371 1576 2390 non
1601 2363 1674 2393 idem
1691 2364 1782 2393 sensus
1796 2364 1828 2393 fit
1842 2365 1968 2394 tribuen.

1106 2399 1156 2427 dus
1173 2399 1310 2434 Apulejo,
1333 2409 1415 2436 quam
1425 2401 1525 2429 Plauto
1538 2401 1562 2430 ἀ
1572 2401 1709 2431 Terentio
1724 2402 1758 2431 de
1772 2402 1870 2431 eadem
1884 2404 1967 2433 relo-

1105 2437 1208 2473 quendi
1232 2437 1350 2465 formula
1374 2440 1525 2467 utentibus.
1571 2440 1632 2475 Ego
1657 2448 1725 2468 vero
1742 2439 1844 2473 didici,
1865 2449 1966 2472 omnes

1105 2476 1240 2505 Auc‘tores
1259 2475 1406 2504 secundum
1421 2477 1669 2514 Jurisprudentiam
1694 2478 1731 2506 sui
1749 2479 1799 2506 :evi
1814 2479 1867 2507 esse
1882 2480 1968 2509 inter-

1105 2514 1258 2551 pretandos
1286 2514 1312 2542 dc
1336 2515 1535 2551 intelligendos
1550 2536 1557 2547 ‚
1586 2524 1648 2544 cum
1669 2517 1832 2552 quaerimus.
1858 2517 1966 2548 licitum

1105 2552 1270 2583 illicitumve
1286 2552 1368 2580 fuerit
1384 2553 1430 2585 id,
1457 2560 1515 2588 quo
1537 2553 1571 2580 de
1595 2560 1690 2590 agunt.
1728 2554 1787 2583 Sub
1799 2555 1882 2584 Divis
1901 2556 1967 2585 Fra-

1105 2591 1193 2618 tribus
1207 2590 1315 2618 cessasse
1329 2591 1372 2625 jus
1388 2591 1450 2618 vita:
1463 2598 1495 2618 ac
1511 2591 1586 2619 necis
1601 2593 1629 2620 in
1646 2592 1749 2621 liberos
1764 2614 1772 2625 ,
1803 2593 1913 2624 idoneis
1927 2600 1968 2624 te—

1107 2628 1191 2656 ssibus
1214 2629 1285 2655 evici
1300 2649 1307 2660 ,
1338 2627 1380 2662 ἂ,
1407 2628 1456 2656 nili
1472 2636 1555 2663 grave
1571 2628 1617 2663 fit,
1637 2639 1724 2667 porro
1748 2630 1862 2667 audies,
1882 2639 1968 2670 atque

1107 2668 1178 2694 adeo
1195 2665 1292 2693 fastum
1310 2667 1410 2702 patris,
1432 2666 1534 2694 caedem
1553 2675 1646 2703 partus
1661 2670 1822 2706 imperantis
1843 2670 1918 2707 apud
1929 2668 1969 2700 Ai-

1107 2704 1245 2742 pulejum‚
1266 2705 1349 2732 rebus
1365 2712 1400 2732 eo
1419 2710 1544 2741 tempore
1558 2705 1662 2736 illicitis
1674 2707 1899 2739 adscribendum
1916 2717 1966 2747 pu·

1108 2751 1174 2772 [aVl.

1147 2782 1174 2810 8.
1195 2780 1255 2808 Imo
1272 2780 1366 2817 potius
1381 2780 1598 2816 praeterinisisscs.
1638 2783 1770 2813 Donatus
1787 2785 1906 2815 maxime
1917 2784 1966 2814 flo-
1992 2785 1994 2787 ’

1107 2819 1164 2847 ruit
1180 2818 1227 2846 sub
1243 2817 1419 2846 Constantini
1441 2818 1503 2847 filiis
1518 2841 1525 2852 .
1547 2829 1632 2855 ergo,
1654 2823 1733 2858 quod
1753 2823 1786 2850 ad
1801 2824 1968 2852 TerentIum

1109 2863 1313 2885 commentatur
1337 2856 1372 2884 de
1392 2857 1452 2892 jure
1469 2857 1598 2885 tollendae
1618 2859 1737 2893 sobolis,
1759 2860 1793 2888 ad
1808 2861 1917 2891 Donati
1933 2869 1967 2889 ε-

1108 2900 1192 2923 tatem
1209 2894 1247 2921 est
1266 2893 1452 2923 referendum.
1493 2896 1551 2924 Aut
1565 2897 1718 2930 hoedicis:
1747 2905 1794 2927 aut
1817 2899 1896 2929 nihil.
1917 2899 1965 2929 Sin

1106 2933 1160 2961 hoc
1170 2953 1176 2964 ‚
1189 2931 1259 2959 idem
1270 2940 1385 2960 acumen
1396 2933 1441 2961 hic
1451 2933 1565 2962 adhibes
1575 2956 1582 2968 ,
1591 2936 1667 2971 quod
1674 2936 1698 2972 §-
1707 2937 1786 2965 XIV.
1797 2936 1875 2974 supra
1884 2937 1969 2972 ‚Sue-

1106 2971 1214 2999 tonium
1231 2970 1265 2998 de
1288 2970 1331 2998 sua
1357 2970 1438 3008 ipsius
1459 2979 1539 3000 aetate
1554 2974 1727 3009 exaudiens,
1749 2976 1825 3011 quod
1840 2983 1967 3006 narrave-

1107 3014 1149 3036 rat
1166 3007 1199 3035 de
1216 3015 1295 3036 :etate
1311 3008 1425 3044 Augusti
1446 3009 1470 3038 ἃ
1488 3011 1599 3040 Caesaris
1610 3012 1779 3041 Germanici.
1797 3014 1870 3042 Boni
1883 3014 1966 3043 inter-

1105 3046 1191 3083 pretis
1207 3046 1263 3080 est,
1283 3048 1421 3076 austorem
1440 3049 1582 3085 explicare
1598 3049 1623 3078 δι
1640 3049 1775 3079 illustrare
1789 3060 1822 3080 ex
1843 3051 1965 3080 moribus

1105 3084 1131 3112 ἀ
1146 3084 1251 3119 legibus
1275 3085 1332 3119 ejus
1350 3085 1452 3118 saeculi,
1481 3095 1537 3122 quo
1560 3088 1629 3116 vixit
1651 3087 1675 3116 ἃ
1693 3088 1809 3125 scripsit;
1830 3089 1855 3118 ἀ
1870 3089 1968 3118 Dona·

1106 3130 1179 3152 tum.
1203 3122 1334 3157 insignem
1352 3124 1588 3158 Grammaticum,
1617 3125 1693 3161 leges
1708 3127 1788 3154 bonae
1804 3128 1968 3164 interpreta-

1106 3160 1189 3189 tionis
1210 3162 1337 3195 sci-saise,
1361 3171 1496 3200 perquam
1511 3164 1578 3192 mihi
1594 3162 1633 3193 est
1649 3165 1805 3201 probabile.
1843 3201 1860 3238 ς
1887 3201 1957 3231 XVI

2004 193 2008 206 i
