2008 3436
61 598 65 602 ”
86 598 232 642 generale
256 607 383 630 nomen.

383 105 469 141 AD
509 101 645 137 L.1X.
689 101 735 136 D.
778 98 862 135 DE
901 96 1072 134 LEGE
1112 97 1415 142 RHODIA,
1458 101 1496 136 C.
1526 102 1586 137 IX.

95 186 156 260 2¹3³
179 184 355 257 deff&
378 183 518 257 dietum
542 177 962 255 ”summensi

94 234 556 316 &stapffiffffimcicgncguffiagde
574 264 675 312 Malia
693 262 842 296 Laconia:
860 263 960 294 multa

89 307 504 424 gssgssgsszosssssssssssn‘llss
539 300 959 385 {stipeffiffinrrilz

113 401 120 423 ι
154 400 183 423 in
217 401 233 422 a
249 401 267 422 e
293 400 311 422 e
343 401 360 422 u
376 400 476 431 picor.

55 450 57 454 ι
107 446 109 449 ⁴
136 433 230 473 Caput
252 431 322 464 VII.
372 431 567 466 Sententiam
599 431 662 473 Jac.
693 418 891 462 Gothofredi
919 430 958 461 de

84 473 219 508 'annocum
239 477 285 502 ‘ri-‘u
312 472 357 506 ταὶς
382 472 524 504 Κύκλάδως
547 474 661 508 „inuam
680 471 881 504 obscuritatis
901 480 956 512 po-

82 515 184 550 'stulat
200 538 211 555 ,
244 523 347 556 neque
374 522 479 548 tamen
497 514 592 547 video
607 524 662 555 ea,
687 523 756 556 quae
780 512 824 545 ibi
848 512 956 545 dicun-

81 564 162 596 ·tur,
183 556 280 598 magis
301 556 536 589 illustrare'vel
560 557 686 593 δημοσιες
711 556 763 588 vel
795 555 957 594 κυκλάὲωι,

429 597 461 631 Sl
487 605 546 639 pro
573 599 680 630 οἶκένῗων
698 597 782 639 legas
801 598 957 636 ὢοικένῗων,

87 641 140 673 vel
168 640 300 673 δὶοικέιῖἐς
326 640 506 681 intelligas,
528 650 636 682 parum
649 662 660 679 ,
693 649 761 672 mea
783 639 959 677 sententia,

86 680 268 725 profeceris.
324 681 430 723 Magis
453 681 548 713 etiam
573 681 603 714 in
626 679 716 714 'facili
746 681 791 713 cst
819 680 957 721 reperire

87 722 283 756 Gothofredi
298 723 402 764 servos
418 723 564 764 publicos,
588 723 786 766 quanr›illius
809 722 956 760 homines,

83 766 262 797 minutim
285 771 318 796 ut
339 766 583 806 periclitantibus
601 766 638 802 ἃ
657 762 955 807 nattfragisstcbfidio

79 805 144 847 Δᾗνιε
168 805 367 848 constitutos,-
397 806 575 846 hujusmodi
603 807 747 839 homines
765 804 872 838 aluisse
892 803 955 846 Cy-

78 848 190 880 'clades
212 848 318 880 dicere
336 848 451 886 citius,
475 857 566 888 quam
585 854 719 891 probare
734 848 822 880 licet.
867 845 956 887 Lego

79 890 139 922 'hic
159 889 270 922 lubens
289 888 528 931 Inscriptioncm
539 913 550 929 ‚
573 901 665 932 quam
682 890 864 931 suggerente
882 887 955 920 Assa'i

84 931 228 964 Manutii
243 931 465 974 Orthogmphz'a
476 954 488 969 ,
513 931 604 963 nobis
622 932 824 974 repraesentat
839 931 869 962 d.
882 930 952 969 Cap.

85 972 158 1005 VH.
182 972 213 1005 δε
232 973 264 1005 in
279 982 339 1015 qua
351 973 486 1013 publicus
504 974 644 1005 occurrit
659 972 855 1014 (implicitem
881 980 954 1003 cou-

79 1013 189 1047 firmat
212 1014 263 1052 id,
286 1014 372 1055 quod
393 1013 531 1046 diximus
558 1015 627 1055 Cap.
645 1014 683 1046 V.

126 1054 321 1097 Responsum
338 1054 494 1087 Antonini
510 1055 576 1095 ejus
586 1055 761 1096 Principis,
785 1062 848 1087 non
857 1053 953 1095 JCto-

79 1105 153 1130 rum
168 1096 274 1128 verbis
295 1096 431 1137 proponi
448 1097 580 1128 omnino
604 1095 650 1129 est
674 1095 855 1129 dicendum.
900 1097 952 1128 Ἀν-

81 1144 174 1170 ωιῖνις
191 1136 274 1176 εἶπεν,
297 1146 364 1169 non
381 1137 454 1177 alii;
480 1138 580 1170 multa
598 1140 629 1170 in
654 1139 734 1170 hanc
751 1146 816 1168 rem
838 1137 951 1169 liceret

76 1178 224 1218 hdferre,
243 1178 299 1211 nifi
327 1178 421 1219 Caput
436 1179 525 1212 VIII.
549 1180 634 1212 illius
648 1180 869 1221 Diffirtationis
882 1179 950 1211 nul-

78 1221 120 1255 lis
137 1220 318 1253 auctoribus
336 1219 534 1259 diffentiret,
557 1231 627 1254 nam
647 1222 734 1257 nulla
757 1220 803 1252 est
820 1245 829 1260 ‚
854 1229 948 1262 quam

78 1263 184 1303 dedit,
204 1262 377 1294 auctoritas
397 1262 449 1294 vel
466 1262 664 1304 Capitolini,
687 1264 762 1302 vel,
785 1262 869 1303 quod
893 1271 947 1295 cx-

79 1304 189 1344 hibet,
215 1303 397 1342 marmoris3
422 1303 539 1336 nullam
554 1304 628 1336 dico
640 1328 649 1343 ‚
669 1314 741 1337 cum
760 1304 792 1335 id
804 1313 946 1345 nonpro-

77 1346 168 1379 bent.
212 1345 320 1378 Miror
339 1353 458 1386 porr0,
478 1345 588 1378 Virum
614 1346 664 1379 Cl.
693 1346 818 1384 mirari,
850 1344 948 1378 Inter-

76 1395 184 1430 pretes
209 1385 389 1419 constanter
412 1387 519 1428 legere
543 1389 704 1428 mamm,
735 1387 827 1420 dandi
853 1387 946 1427 casu,

77 1438 151 1461 cum
173 1428 238 1470 ipse
264 1427 400 1460 vocandi
427 1428 531 1462 casum
550 1429 699 1469 praeferac
716 1454 726 1470 ,
751 1429 813 1461 hoc
835 1429 946 1461 modo:

77 1472 214 1503 ‘Amvtvos
234 1468 295 1498 εῑπυ
306 1469 453 1509 ;Ειί’δί’μον
470 1470 512 1508 ‘'y-1¹
535 1472 578 1509 plia)
589 1471 613 1502 ff
627 1472 716 1509 zo'mn
732 1473 815 1509 κύριος
832 1471 893 1503 δίε.
903 1472 948 1503 ait

78 1512 112 1545 in
131 1512 231 1545 Libro
246 1511 434 1544 Florentino
452 1511 544 1553 th'us
566 1513 783 1554 ambiguitatis
800 1511 882 1554 figna
896 1522 946 1555 ap-

77 1563 207 1596 parere,
232 1552 284 1585 sed
303 1552 466 1596 quomodo
492 1563 546 1586 aut
562 1564 621 1596 qua
646 1555 707 1588 fide
727 1564 790 1587 non
809 1554 946 1594 addidit3

76 1604 166 1628 certe
183 1595 353 1628 Tam-ellus
369 1595 509 1632 Εὐδαίμονα
523 1596 670 1637 expreffit
691 1596 764 1629 satis
785 1596 878 1628 clare.
913 1597 946 1629 Si

76 1638 208 1678 quintus
232 1635 319 1668 casus
344 1637 446 1679 palam
465 1637 602 1670 exstaret
628 1639 660 1671 in
684 1638 837 1670 librorum
864 1639 945 1680 opti-

74 1687 150 1719 mo,
174 1687 239 1710 non
265 1677 367 1716 effet,
395 1688 452 1710 cur
478 1680 607 1712 tertium
628 1680 890 1718 adscisceremus,
914 1680 944 1712 δε

74 1729 137 1758 eo,
161 1730 217 1762 per
234 1728 284 1751 me
309 1720 405 1759 licet,
432 1720 632 1761 referantur,
661 1732 731 1764 quae
751 1731 808 1762 pro
831 1722 944 1762 quinto

71 1761 147 1794 casu
170 1761 302 1794 adduxit
328 1763 356 1793 d.
388 1763 460 1804 Cap.
486 1762 571 1795 VIII.
606 1773 688 1795 nunc
717 1763 790 1804 quia
811 1763 855 1794 ibi
879 1772 943 1796 non

72 1803 194 1845 exstat,
215 1805 268 1837 vel
291 1804 399 1846 potius
426 1805 623 1838 contrarium
638 1814 679 1837 ex
694 1805 756 1838 fide
775 1804 921 1838 Taurelli
932 1828 943 1845 ‚

1808 112 1876 147 117

1006 178 1036 210 δί
1055 177 1151 208 etiam
1167 176 1359 216 Haloandri,
1381 179 1459 211 nihil
1480 188 1560 221 puto
1578 181 1773 214 mutandum.
1799 179 1879 214 Non

1004 226 1071 250 erat
1093 219 1189 251 ctiam
1217 220 1404 260 quaerendus
1431 220 1591 261 singularis
1624 223 1737 264 aliquis
1764 222 1877 255 Eudae-

1004 269 1098 299 mon,
1121 260 1210 305 cujus
1234 261 1373 294 nominis
1397 260 1522 294 Graecia
1569 273 1638 295 uam
1654 265 1807 305 plurimos
1827 272 1876 297 tu-

1004 302 1059 340 lit;
1084 311 1144 333 nce
1164 302 1387 344 intelligendus
1408 302 1535 344 praecise
1566 304 1728 345 ‘udaemon
1742 306 1798 338 ille
1819 304 1876 338 sub

1002 341 1183 382 Hadriano,
1209 345 1318 386 utique
1336 354 1399 376 non
1420 345 1461 375 ob
1477 354 1528 377 eas
1547 347 1706 385 rationc3‚
1729 356 1803 388 quas
1818 347 1877 379 ille

1002 393 1144 423 enarrat,
1176 395 1257 423 nce,
1280 394 1315 417 ut
1335 387 1470 427 opinor,
1499 396 1557 427 pro
1581 386 1666 419 seriis
1692 388 1797 420 haberi
1822 387 1876 419 vel

1001 427 1074 458 vult
1091 428 1143 457 vcl
1165 427 1277 468 potest.
1325 428 1432 460 Alium
1449 428 1676 461 Eudaemonem
1698 429 1808 462 suidas
1825 438 1873 461 re-

1001 467 1066 500 fert
1075 468 1114 501 »in
1137 469 1279 503 Εὐδαίμων.

1047 511 1142 551 Caput
1170 509 1230 543 IX.
1262 512 1440 552 potentiam
1470 513 1627 557 Principis
1658 512 1794 546 Romani
1819 521 1872 544 ex-

1002 551 1112 591 tollit,
1137 561 1202 593 quo
1218 562 1289 585 eum
1305 553 1403 585 faciat
1421 555 1509 592 κόσμυ
1524 557 1616 594 κάμω.
1662 554 1751 588 Dum
1770 562 1875 586 tamen

1001 593 1152 626 concedit
1172 593 1201 626 δε
1217 595 1349 626 aliorum
1369 596 1398 627 in
1419 596 1506 630 Orbe
1526 598 1675 641 imperia,
1699 596 1876 630 locutionis

1001 636 1159 673 κατάχαησπ
1179 658 1190 673 ,
1221 646 1313 677 quarn
1343 637 1439 669 modo
1472 640 1708 678 moliebatur,
1741 643 1873 679 oportet:

999 675 1164 718 agnoscat:
1190 678 1220 710 ὅ(
1236 678 1378 720 agnoscit
1402 678 1471 712 sane
1488 682 1532 721 is,
1556 682 1610 724 qui
1629 690 1697 713 eam
1714 679 1874 712 Romano-

998 727 1066 749 rum
1080 741 1089 757 ,
1114 728 1186 750 cum
1204 721 1341 752 maxime
1358 720 1608 762 Imperatorum,
1630 721 1724 755 fastui
1739 720 1805 753 fert
1823 729 1872 752 ac-

999 768 1134 801 ceptam.
1180 760 1289 808 Quum
1314 770 1419 795 tamen
1453 764 1603 807 Princeps
1620 788 1631 803 ‚
1662 772 1779 796 caetera
1801 771 1869 794 mo-

999 800 1103 834 denus
1122 826 1131 841 ‚
1161 802 1206 833 ita
1232 802 1380 844 loquatur
1397 828 1406 844 ‚
1440 815 1499 848 pro
1524 806 1662 849 imperio
1687 805 1832 838 Romano
1850 805 1870 835 ἲ·

998 843 1091 874 κάη-μοι
1110 844 1211 885 accipi
1230 845 1309 877 nihil
1327 844 1372 876 est
1390 848 1475 887 quod
1491 853 1588 881 vetat.

1041 884 1087 916 Ut
1113 883 1245 917 sciamus
1270 896 1378 918 veram
1401 889 1569 922 lectionem
1599 890 1770 921 verborum
1802 889 1816 917 ο·
1840 887 1869 918 δὲ

998 926 1068 972 vino}
1082 929 1122 958 ἧς
1141 930 1274 960 ,Ἀλάτα-ης
1295 928 1354 960 &Q
1381 929 1435 962 illa
1459 931 1631 972 Dlffertcztiu
1658 931 1727 972 Cap.
1749 931 1803 962 ult.
1828 930 1869 962 ad

996 967 1120 1000 Italiam
1138 967 1395 1011 Florentiamque
1416 982 1472 1004 nos
1489 974 1644 1012 remittit3
1667 982 1727 1004 nec
1744 980 1869 1011 tamen,

995 1009 1038 1048 fi,
1061 1016 1095 1040 ut
1121 1009 1190 1041 haec
1211 1010 1378 1050 exhibuit,
1403 1013 1434 1045 in
1450 1013 1570 1046 Codice
1585 1013 1696 1046 Tusco
1716 1012 1871 1055 scriptum

996 1051 1059 1090 est,
1079 1052 1248 1093 quicquam
1271 1053 1315 1084 ibi
1342 1055 1499 1095 reperies,
1521 1055 1607 1096 quod
1627 1065 1692 1088 non
1714 1055 1871 1088 dederunt

994 1093 1028 1125 Τ
1030 1093 1185 1132 aurelius,
1212 1093 1414 1136 Haloander,
1441 1096 1632 1136 Ruffardus,
1665 1095 1872 1137 Charondas,

994 1135 1058 1167 alii.
1113 1133 1204 1167 Nihil
1231 1136 1328 1168 etiam
1362 1137 1538 1179 praestitum
1563 1138 1657 1170 video
1684 1137 1722 1170 ad
1754 1138 1870 1171 tollen-

992 1177 1082 1217 dam,
1108 1186 1178 1219 quae
1203 1178 1366 1220 praecipua
1388 1178 1457 1218 est,
1488 1180 1580 1221 hujus
1607 1179 1674 1212 loci
1701 1179 1869 1212 difficulta-

994 1226 1069 1251 tem.
1114 1218 1244 1259 Aliquid
1272 1230 1302 1251 eo
1326 1221 1428 1262 Capite
1451 1221 1570 1254 dicitur
1593 1221 1632 1254 ad
1658 1219 1753 1254 instar
1781 1221 1868 1263 ejus,

991 1260 1078 1301 quod
1102 1260 1140 1292 de
1164 1261 1237 1294 data
1254 1262 1482 1295 confirmatave
1506 1263 1544 1295 ab
1561 1261 1704 1305 Augusto
1728 1265 1868 1302 αΰπνομίει

991 1302 1190 1335 Rhodiorum
1215 1313 1232 1335 a
1263 1304 1356 1336 nobis
1385 1305 1488 1337 astum
1513 1303 1559 1337 est
1591 1305 1660 1347 Cap.
1693 1303 1781 1338 VIII.
1827 1304 1865 1338 In

990 1343 1128 1386 Imperio
1152 1344 1298 1377 Romano
1322 1345 1368 1378 Le
1390 1356 1423 1378 es
1443 1346 1640 1379 Rhodienses
1663 1347 1800 1381 nauticae
1825 1356 1867 1380 an

991 1386 1022 1417 &
1041 1393 1193 1428 quatenus
1207 1395 1343 1429 receptae
1379 1388 1502 1427 uerint,
1524 1398 1586 1421 non
1607 1388 1738 1428 definit3
1763 1397 1866 1431 neque

991 1427 1044 1460 vel
1071 1429 1111 1460 de
1125 1432 1180 1467 fleo
1205 1429 1385 1470 quicquam.
1416 1429 1631 1472 Cycladenses
1651 1438 1755 1463 tamen
1776 1441 1809 1463 ar
1832 1439 1866 1462 u—

990 1477 1100 1502 mento
1123 1470 1208 1513 hujus
1231 1471 1252 1503 l.
1275 1472 1377 1513 palam
1403 1470 1565 1504 submittit
1587 1471 1788 1504 Rhodiorum
1854 1489 1866 1495 ·

988 1512 1102 1553 gibus;
1126 1521 1186 1544 nec
1211 1511 1338 1545 dubitat
1363 1513 1487 1555 liquido
1530 1513 1717 1546 ronunciare
1734 1538 1745 1554 ,
1778 1513 1866 1546 Civi-

989 1561 1072 1586 tates
1086 1554 1225 1588 κὸπνέμες
1245 1555 1313 1595 jure
1331 1554 1388 1587 suo
1405 1555 1502 1587 adver
1519 1565 1554 1587 us
1575 1555 1679 1597 Leges
1703 1554 1864 1589 Romano-

988 1605 1058 1627 rum
1082 1605 1146 1628 non
1175 1595 1269 1628 fuisse
1295 1597 1372 1629 usas.
1418 1596 1546 1629 Vellem
1572 1596 1605 1628 id
1628 1596 1778 1638 probaret
1797 1606 1864 1630 mo-

989 1644 1177 1670 numentum
1202 1637 1358 1677 foederis,
1390 1638 1475 1680 quod
1508 1638 1603 1671 habet
1625 1647 1667 1670 ex
1691 1638 1864 1672 Manutio:

989 1679 1130 1722 apprime
1155 1678 1232 1712 effet
1257 1681 1290 1713 in
1312 1690 1380 1712 rem
1406 1678 1559 1720 nostram,
1589 1679 1715 1712 tuendae
1740 1679 1865 1713 scilicet

989 1721 1276 1762 interpretationi,
1315 1731 1408 1764 quam
1448 1722 1520 1764 Cap.
1549 1722 1606 1755 ult.
1651 1721 1793 1755 dedimus
1824 1723 1864 1755 ad

989 1761 1092 1802 verfic.
1115 1763 1143 1791 όν
1166 1762 1202 1837 οἷς
1225 1765 1299 1800 feb-m
1314 1768 1361 1794 πῖ,
1379 1764 1500 1804 η’μετίςων
1518 1767 1591 1802 αὖτῷ
1617 1764 1686 1801 ιίμος
1707 1765 1862 1801 ἒιιωηέπᾳ.

989 1804 1133 1837 Tantum
1155 1814 1172 1837 e
1203 1831 1209 1837 .

1636 3223 1639 3226 ’
1684 3221 1717 3276 e
1736 3239 1772 3278 o
1795 3211 1855 3277 Νζ
