2008 3436
162 105 230 148 348
405 99 807 139 CORNELII
882 110 992 140 vAN

206 178 341 220 Jacobus
359 180 532 214 Raevardus
548 182 585 214 ad
605 181 680 214 LL.
702 180 779 214 XII.
807 180 896 212 Tahb.
924 180 957 212 C.
970 179 1025 212 III.

161 221 327 266 contendit
345 223 443 264 magis
462 247 471 263 ‚
504 233 596 264 quam
614 223 748 265 probat,
771 221 850 268 illud
870 222 917 262 jus
934 221 1028 267 gladii

161 261 195 292 in
219 261 336 294 liberos
356 263 417 303 jam
440 272 512 296 ante
533 265 660 297 exastos
679 264 781 305 Reges
804 272 835 294 in
855 263 1029 309 Republica

159 302 301 334 Romana
323 303 468 345 cessasse,
491 315 557 338 non
579 305 676 338 modo
698 304 785 337 nulla
806 304 903 336 ullius
927 304 1028 349 hom-1-

161 344 211 375 nis
234 344 444 386 auctoritate,
472 346 523 378 sed
549 355 661 379 contra
682 353 842 392 apertum,
868 345 953 386 quod
976 344 1028 389 hic

161 385 305 425 protuli,
330 385 477 430 Dionysii
501 387 715 420 testimonium
730 409 740 426 ,
770 395 824 427 qui
846 385 965 432 durasse
985 393 1029 430 ait

162 425 258 457 etiam
282 426 351 468 post
374 429 452 460 latas
473 429 550 461 XII.
572 429 722 460 Tabulas.
767 428 941 473 Simu-*qui
962 435 1029 457 exi-

165 466 308 513 stimant,
342 470 452 511 utique
479 469 604 516 cessasse
630 477 773 509 tempore
792 467 884 499 Lucii
909 467 1028 538 Cornse-

165 508 340 595 ἓὲξὲἒὲῗέ
361 509 1033 597 {¹1ss&Sssngujlsslggffgfffiffissmsseggzoss-

164 591 250 636 nelia
268 591 359 624 fuiss'e
381 593 597 638 vendicatamg
618 591 648 622 &
666 589 759 637 sunt,
782 597 968 661 qui-putiant
977 598 1032 662 1pa-

166 632 429 714 {timcsszssgeffr
448 632 1031 712 3³33...'‘kisbess‘ssiissflssmiuriissssff.

166 714 282 746 dentiae
298 737 308 753 ‚
331 715 394 746 hoc
415 713 461 746 est
476 738 487 754 ‚
518 723 554 745 ea
585 723 695 745 eorum
724 712 878 753 JCtorum
910 720 1031 758 aetate',

167 764 303 795 quorum
330 754 470 787 Decreta
500 755 530 787 ὅτ.
560 753 721 796 Responsa
748 754 780 786 in
804 753 965 785 pandectis
987 752 1033 784 di-

167 794 253 836 gesta
283 794 363 828 sunt.
409 796 543 836 Jacobus
572 796 721 837 Cujacius
754 795 796 827 L
817 793 873 827 VI.
909 794 1033 835 Observ.

171 836 202 867 C.
233 845 279 877 17.
312 845 435 879 tempus
465 836 593 879 praecise
619 847 684 870 non
711 836 1036 882 finivit,·contentus

166 877 196 905 ὠ
215 879 312 909 πλάτη
349 879 478 916 dicere,
501 878 551 918 ius
580 879 661 911 illud
682 879 761 910 vitae
785 886 931 918 necisque
953 876 1037 908 Con-

166 917 387 952 stitutionibus
405 920 502 951 modo
531 920 673 961 patribus
692 919 895 960 ademptum,
918 918 948 950 ἀ
968 927 1035 964 per-

167 968 310 1006 emptum
331 960 435 993 fuiss'e.
478 961 540 994 Sed
569 961 654 1003 quod
682 969 748 993 non
767 959 857 991 ausus
879 958 923 990 est
946 958 1038 991 finire

169 999 318 1042 CuJacius
336 1026 346 1042 ‚
374 1002 441 1042 ejus
468 1002 646 1041 auditores,
679 1003 766 1047 ultra
787 1000 956 1042 progressi,
987 1009 1038 1042 pa-

168 1042 232 1073 lam
255 1043 450 1083 finiverunt,
472 1053 542 1075 nam
563 1053 641 1075 ecce
664 1042 846 1089 Principes,
867 1050 1038 1082 eoi-umque

170 1082 426 1117 constitutiones
446 1084 632 1117 nominatim
649 1094 688 1116 ex
712 1090 842 1115 rimunt.
886 1082 1038 1114 Theodo-

170 1133 224 1156 rus
232 1125 414 1157 Marcillius
423 1125 629 1166 Interpretam.
640 1125 680 1157 L.
701 1166 707 1171 ·
720 1124 864 1171 112Tabb.
874 1122 1037 1169 CXXIV.

169 1165 411 1199 Diocletianum
428 1167 473 1198 ait
494 1165 652 1207 abrogasse
675 1166 776 1197 Videri
793 1164 961 1196 occidendi
981 1173 1037 1205 po-

171 1206 339 1247 testatem,
363 1207 436 1249 quia
451 1207 649 1240 &vendendi
665 1206 741 1238 abro
763 1207 830 1238 avit
848 1206 880 1238 in
904 1206 924 1236 l.
951 1214 976 1251 i.
1004 1206 1037 1236 C.

173 1249 207 1280 de
223 1248 343 1280 Patrib.
361 1250 411 1290 qui
424 1247 473 1289 fil.
482 1248 551 1289 suos
565 1246 687 1289 distrax.
771 1247 899 1278 ubertus
919 1244 961 1277 Gi
987 1246 1037 1277 ha-

173 1289 244 1322 nius
262 1290 417 1322 Comment.
441 1289 479 1322 ad
501 1290 523 1321 l.
536 1290 589 1322 ult.
618 1290 650 1320 C.
671 1289 705 1320 de
724 1288 811 1320 Patr.
829 1284 931 1328 potest.
973 1329 978 1334 ι
1002 1286 1040 1317 ad

175 1331 270 1363 Auth.
291 1331 362 1362 IVon
380 1332 469 1369 licet,
493 1331 524 1362 δε
544 1330 640 1362 Auth.
659 1330 712 1361 Ex
731 1328 817 1375 catasta
837 1328 870 1360 C.
891 1328 924 1359 de
936 1327 1037 1360 Liber.

169 1377 284 1413 praeter.
308 1372 358 1403 vel
385 1371 524 1403 exhaered.
553 1372 591 1403 ad
604 1370 815 1417 'Constantini
844 1378 944 1415 usque
967 1376 1040 1400 aeta-

174 1420 241 1495 {15¹AE
249 1413 525 1494 ’infiz.¹¹2⁰.¹¹p‘r¹.¹'⁵}:³.’
536 1411 649 1485 &3³33
666 1418 1043 1500 {iztssf‘ffssa‘raessssgzrfi

174 1495 236 1528 bus
254 1495 416 1536 loquitur,
440 1495 543 1536 quibus
558 1495 610 1538 jus
625 1495 695 1525 vitae
710 1504 743 1525 ιη
766 1494 870 1526 liberos
881 1515 893 1532 ,
912 1502 1044 1535 necisque

172 1534 298 1577 potestas
317 1535 455 1576 permzffa
483 1534 544 1577 est,
570 1535 613 1569 fic
631 1535 717 1567 enirn
736 1535 780 1567 ibi
795 1534 892 1567 verba
905 1533 1044 1581 habent,

176 1586 242 1609 non
260 1577 328 1608 olim
341 1576 477 1618 permzffa
491 1583 574 1616 erat,
608 1583 645 1608 ut
661 1575 877 1611 Tribonianus
885 1597 899 1614 ,
915 1575 983 1607 haec
998 1585 1044 1608 in-

178 1618 336 1659 terpolans
350 1641 360 1658 ‚
380 1617 585 1660 transscripsit
607 1618 640 1650 in
660 1618 689 1649 d.
720 1618 741 1650 l.
765 1618 819 1650 ult.
845 1618 878 1650 C.
899 1618 933 1649 de
956 1617 1043 1650 Patr.

173 1656 274 1733 guast.
299 1668 394 1701 quare
407 1666 518 1701 putat,
540 1660 570 1693 &
589 1658 809 1698 Constantini,
833 1659 864 1692 ὃς
876 1658 1045 1705 magis-ad-

203 1710 241 1732 uc
263 1700 423 1742 Papiniani
443 1723 455 1740 ,
484 1701 574 1733 Pauli
593 1723 603 1740 ,
633 1701 664 1733 &
693 1700 823 1742 Ulpiani
852 1700 1047 1746 temporibus

202 1741 390 1774 romiscuam
409 1742 583 1775 liberorum
599 1741 719 1774 caedem
737 1741 830 1774 fuisse
848 1741 1045 1783 impunitam.

178 1751 298 1816 {adem
315 1781 471 1816 sententia
501 1784 603 1816 utitur
637 1783 800 1815 Cunradus
823 1782 1049 1815 Rittershusius

180 1824 219 1856 ad
242 1823 318 1856 LL.
333 1824 532 1862 X11.„Tab12.
560 1824 646 1866 Claff.
662 1823 718 1857 III.
752 1824 838 1857 Part.
859 1823 883 1856 1.
910 1824 942 1871 C.
966 1833 992 1856 1.
1018 1824 1048 1856 &

180 1865 368 1898 nominatim
392 1866 431 1897 de
458 1865 619 1906 Papiniani
647 1874 738 1906 aevo,
772 1865 883 1898 Petrus
905 1865 1049 1896 Pithoeus

181 1905 257 1938 Not.
283 1906 321 1938 ad
350 1907 453 1939 Collat.
477 1906 551 1953 LL.
578 1906 704 1952 Mql'aicz
728 1906 764 1942 ὅ)
781 1906 909 1938 Roman.
934 1906 967 1937 T.
991 1906 1046 1952 IV.

179 1948 231 1979 loc.
264 1952 293 1983 8.
321 1948 401 1980 alios
416 1972 427 1988 ,
457 1957 510 1989 qui
528 1948 611 1980 idem
625 1949 771 1988 censent,
797 1947 921 1979 transeo
940 1971 950 1986 ‚
975 1956 1048 1987 quia

178 1989 339 2021 minorum
356 1988 510 2021 Gentium
526 1988 608 2021 sunt.
628 1987 731 2029 justus
748 1989 869 2030 Lipsius
889 1987 1047 2024 Centur.1.

183 2030 221 2060 ad
238 2030 323 2072 Belg.
345 2029 441 2072 Epist.
459 2034 513 2070 85.
543 2039 584 2063 ne
603 2030 657 2062 hic
678 2030 805 2072 quidem
825 2029 1046 2064 subsistendum

790 2120 1142 2157 CAPUT

1068 97 1667 138 BYNKERSHOEK

1070 188 1173 220 ratus,
1196 179 1370 222 supremum
1394 180 1472 212 illud
1500 181 1596 222 patris
1613 181 1801 222 imperium,
1823 181 1931 227 utique

1070 223 1102 254 in
1117 231 1226 254 recens
1247 229 1358 259 natOS,
1385 222 1528 254 extendit
1550 223 1587 253 ad
1604 232 1702 263 usque
1720 222 1931 266 Principatum

1070 263 1302 301 Valentiniani,
1328 262 1492 301 Valentis,
1517 263 1547 294 &
1565 261 1729 303 Gratiani,
1752 272 1846 307 atque
1863 266 1932 299 haec

1070 303 1164 344 Liplii
1192 303 1322 344 vestigia
1344 303 1508 335 noviffime
1534 304 1638 344 pressit
1664 304 1723 336 Vir
1745 304 1933 340 Clariffimus

1071 343 1228 377 Gerardus
1250 344 1381 384 Noodc,
1416 344 1579 386 singulari,
1612 346 1645 376 de
1665 351 1771 386 partus
1789 347 1932 389 expofitio-

1070 395 1107 417 ne
1129 385 1165 420 ὅ)
1186 396 1253 418 nece
1276 388 1351 427 apud
1375 386 1506 418 Veteres.
1583 422 1587 426 ,

1112 425 1239 459 Horum
1262 428 1404 461 omnium
1425 426 1611 459 sententiam
1631 429 1831 468 rejiciendam
1849 430 1934 463 vide-

1073 468 1119 506 ri,
1143 466 1200 499 suo
1230 469 1306 500 loco
1335 467 1522 508 ostendam3
1555 469 1654 501 nolim
1684 480 1757 501 cum
1780 471 1934 504 Raevardo

1076 516 1138 540 tam
1159 509 1258 541 altum
1277 509 1451 550 assurgere,
1474 520 1534 542 nec
1557 520 1629 542 cuin
1653 511 1729 545 aliis,
1744 519 1868 544 tantum
1887 513 1936 545 de-

1075 549 1229 582 scendere.
1261 550 1304 582 Et
1328 550 1427 582 media
1450 552 1502 583 via
1521 553 1615 583 etiam
1639 552 1708 584 aliis
1725 553 1856 593 placuit.
1887 553 1937 594 Jo-

1075 599 1169 622 annes
1191 591 1382 623 Solorzanus
1406 591 1609 632 Disputatione
1631 596 1664 625 de
1687 593 1815 626 Crimine
1835 594 1940 627 Parri-

1075 632 1147 662 cidii
1170 632 1210 663 L.
1234 632 1273 663 Il.
1307 633 1338 663 C.
1363 631 1432 663 VII.
1456 633 1542 665 VIII.
1565 634 1601 669 &⁹
1624 634 1683 666 IX.
1719 635 1772 667 ubi
1796 636 1835 668 de
1857 636 1937 668 anti-

1074 681 1138 713 quo
1162 672 1192 704 ὃς
1212 683 1300 705 novo
1321 673 1388 713 jure
1411 673 1575 706 occidendi
1595 676 1625 707 δε
1645 676 1800 709 vendendi
1822 676 1941 710 liberou

1074 713 1230 753 prolixius
1259 720 1491 746 commentatus
1518 715 1586 753 est,
1632 726 1700 748 uam
1722 718 1885 763 quisquam
1910 728 1940 750 a-

1075 755 1157 794 lius,
1178 755 1261 786 reete
1292 753 1482 795 disputavit,
1516 765 1584 788 mea
1618 765 1777 797 ententia,
1799 759 1939 801 omnige-

1078 805 1149 827 nam
1178 796 1265 828 illam
1291 803 1415 837 patrum
1442 796 1475 828 in
1504 796 1621 829 liberos
1649 798 1838 839 potestatem
1873 801 1943 841 jure

1078 836 1301 868 Pandeetaium
1332 846 1396 869 non
1427 837 1598 870 obtinuisse
1613 862 1625 878 ,
1657 838 1709 871 sed
1729 850 1790 872 nec
1814 840 1887 873 satis
1909 851 1944 873 o-

1079 878 1162 909 mnia
1184 878 1239 909 ille
1261 878 1411 917 excuffic,
1435 888 1494 910 nec
1516 888 1604 918 eam,
1637 889 1728 921 quam
1751 884 1944 922 oportebat,

1080 919 1231 960 temporis
1249 920 1404 951 rationem
1428 919 1559 960 habuit,
1583 921 1649 952 imo
1671 922 1710 953 de
1732 930 1875 963 ternpore
1897 924 1946 955 ni-

1079 960 1124 992 hil
1155 960 1323 1002 quicquam
1355 960 1511 993 definivit.
1561 962 1696 1003 Jacobus
1723 962 1946 998 Gothofredus

1080 1001 1159 1033 adl.
1185 1011 1214 1033 2.
1244 1002 1276 1033 C.
1309 1002 1342 1034 T.
1377 1003 1410 1033 de
1441 1002 1543 1034 Liber.
1575 1003 1651 1043 causi
1685 1002 1740 1036 sub
1763 1004 1945 1038 Alexandro

1080 1043 1215 1081 Severo,
1238 1050 1333 1084 atque
1352 1043 1430 1074 adeo
1448 1043 1535 1075 Pauli
1547 1044 1713 1086 &Ulpiani
1728 1046 1944 1087 temporibus,

1080 1082 1218 1115 severius
1235 1084 1313 1115 illud
1329 1093 1452 1125 patrum
1467 1084 1516 1125 jus
1525 1083 1618 1116 fuisse
1626 1085 1701 1117 abro
1724 1094 1810 1118 atum
1819 1086 1948 1127 censet,

1081 1124 1132 1162 ἃ,
1156 1123 1211 1156 nisi
1234 1124 1349 1164 fallor,
1369 1125 1469 1163 reste,
1493 1123 1544 1157 sed
1565 1134 1637 1158 ante
1653 1126 1701 1158 fui
1728 1136 1745 1158 e
1763 1128 1948 1171 abrogatum

1080 1174 1145 1196 non
1162 1164 1252 1197 ausus
1269 1165 1313 1198 est
1328 1165 1499 1198 adfirmare.
1537 1167 1601 1199 Alii
1625 1168 1657 1199 id
1679 1167 1867 1210 sequuntur,
1891 1170 1948 1203 alii

1080 1206 1226 1237 nonnihil
1248 1206 1420 1245 attollunt,
1459 1207 1512 1238 alii
1536 1209 1681 1241 nonnihil
1705 1209 1885 1251 deprimunt
1919 1221 1951 1244 e-

1081 1247 1130 1287 jus
1148 1246 1224 1285 juris
1241 1245 1485 1278 desuetudinem.
1507 1248 1577 1289 Ego
1599 1256 1697 1290 puto,
1727 1258 1763 1281 ut
1784 1252 1881 1283 modo
1903 1253 1949 1284 di-

1082 1287 1212 1325 cebam,
1233 1287 1281 1328 ius
1300 1287 1379 1319 illud
1388 1289 1576 1321 eminentius
1586 1291 1695 1329 patriae
1712 1292 1876 1331 potestatis
1889 1303 1950 1326 nec

1083 1337 1147 1360 tam
1164 1328 1251 1367 cite,
1276 1338 1334 1360 nec
1353 1336 1415 1360 tam
1431 1329 1501 1361 sero
1509 1330 1687 1371 decoxisse,
1709 1341 1800 1372 quarn
1808 1333 1877 1365 aliis
1885 1335 1950 1375 pla-

1083 1377 1156 1408 cet,
1178 1369 1311 1410 viguisse
1337 1370 1421 1402 enim
1449 1371 1627 1412 aliquandiu
1652 1372 1721 1413 post
1737 1373 1814 1406 XII.
1838 1372 1951 1408 Tabu-

1085 1411 1149 1450 las,
1182 1411 1392 1452 quingenms,
1427 1412 1457 1444 ἀ
1486 1413 1573 1445 forte
1591 1412 1758 1446 sexcentos
1772 1424 1889 1455 annos,
1913 1416 1952 1450 ad

1084 1461 1184 1493 usque
1201 1459 1342 1494 tempora
1361 1452 1509 1493 Traiani,
1541 1454 1694 1494 Adriani,
1724 1456 1776 1487 vel
1795 1456 1951 1490 Antonini

1084 1492 1153 1534 Pii,
1174 1492 1247 1525 inde
1261 1493 1384 1526 cessasse
1410 1495 1544 1535 primum
1576 1497 1738 1536 moribus,
1762 1497 1874 1529 deinde
1894 1498 1952 1532 Le-

1085 1534 1188 1576 gibus.
1230 1534 1395 1582 Quantum
1412 1545 1453 1568 ex
1474 1538 1574 1568 veteri
1596 1540 1748 1570 memoria
1764 1538 1843 1571 mihi
1862 1540 1954 1573 licuit

1087 1576 1256 1618 colligere,
1290 1586 1354 1609 non
1380 1578 1523 1610 concidit
1538 1588 1602 1611 uno
1623 1579 1706 1619 istu,
1731 1580 1762 1611 id
1785 1578 1831 1612 est
1839 1602 1851 1619 ‚
1871 1581 1956 1624 Lege

1087 1616 1192 1650 statim
1215 1617 1246 1649 in
1270 1617 1349 1650 hanc
1372 1628 1438 1650 rem
1460 1619 1540 1659 lata,
1561 1620 1711 1653 effrenior
1734 1621 1787 1654 illa
1805 1622 1955 1662 potestas,

1088 1659 1140 1692 sed
1172 1657 1330 1692 deferbuit
1361 1658 1469 1693 sensim
1501 1660 1563 1693 fine
1594 1661 1682 1694 sensu
1701 1684 1713 1702 ,
1742 1663 1954 1705 &postquam

1089 1710 1193 1733 mores
1216 1709 1283 1732 eam
1312 1699 1499 1743 subegiss'ent
1518 1725 1529 1742 ,
1560 1703 1685 1734 accessit
1707 1704 1833 1736 demum
1855 1705 1956 1747 publi·
1994 1719 1995 1722 ¹

1091 1752 1128 1774 ca
1151 1741 1318 1773 auam-itas
1349 1751 1422 1774 cum
1453 1742 1606 1784 JCtorum
1621 1768 1631 1783 ‚
1657 1752 1724 1777 tum
1746 1745 1928 1787 Principum
1942 1769 1955 1786 ,

1090 1793 1161 1824 quae
1202 1783 1361 1814 damnavit
1399 1785 1429 1816 δι
1467 1785 1643 1817 vindicavit
1668 1795 1789 1819 tantum
1819 1786 1954 1820 facinus.

1091 1825 1177 1872 Quia
1196 1832 1301 1855 autem
1323 1834 1438 1863 nemo,
1469 1827 1554 1867 quod
1576 1826 1691 1866 sciam,
1729 1828 1955 1868 pertractavit,

1091 1865 1242 1907 quicquid
1262 1864 1307 1897 est
1329 1867 1396 1906 ejus
1425 1869 1617 1913 argumenti,
1649 1867 1713 1909 ipse
1734 1868 1774 1900 de
1794 1869 1956 1910 tripartito

1089 1908 1157 1948 jure
1176 1929 1188 1945 ,
1217 1908 1323 1946 necis,
1348 1907 1561 1948 venditionis,
1593 1910 1623 1941 ὃς
1645 1908 1850 1950 expositionis
1873 1909 1956 1951 sepa-

1090 1948 1182 1979 ratim
1212 1948 1331 1987 dicam,
1365 1949 1397 1980 id
1431 1958 1557 1989 operam
1581 1951 1725 1990 daturus,
1748 1958 1784 1982 ut
1804 1951 1956 1993 temporis

1090 1989 1244 2021 rationein
1264 1989 1429 2031 diligen-ter
1451 1990 1582 2024 servem.

1238 2121 1329 2156 111.

260 2205 336 2254 Post
359 2207 482 2255 Legem
508 2208 685 2245 Corneliam
708 2211 745 2246 de
767 2209 925 2251 Sicoriis,
951 2210 1026 2255 quin
1052 2205 1094 2247 ἐξ
1116 2208 1300 2254 Pompeiam
1326 2209 1362 2243 de
1388 2208 1598 2254 Parricidiis‚
1626 2209 1667 2252 &¹²
1692 2211 1825 2258 Juliam
1848 2211 1888 2249 de

564 2260 743 2295 Adulteriis
767 2257 889 2305 duraſje
911 2259 1014 2293 videri
1034 2258 1094 2304 jus
1117 2259 1195 2291 vine
1222 2256 1263 2297 δέ’
1290 2259 1378 2292 necis
1401 2259 1433 2292 in
1459 2259 1583 2295 liberos.

190 2354 454 2437 Antequam,
475 2354 561 2396 quod
592 2355 779 2404 prta-scripsi,
809 2354 963 2396 probem,
987 2363 1053 2386 mo-

305 2396 441 2428 nendum
468 2395 532 2435 est,
567 2396 606 2427 de
631 2397 737 2429 liberis
760 2406 832 2428 cum
854 2405 933 2436 age,
957 2395 996 2427 de
1021 2405 1054 2427 o-

191 2437 317 2469 mnibus
331 2445 381 2468 me
409 2446 519 2478 agei-e,
554 2437 606 2478 qui
631 2438 662 2469 in
677 2439 774 2480 pati-is
790 2438 944 2478 potestate
959 2436 1053 2483 sunt,

192 2478 407 2518 cujuscunque
424 2479 550 2510 demum
567 2478 626 2509 sint
645 2480 747 2511 aetatis
775 2479 827 2510 vel
843 2478 1055 2522 conditionis:

192 2528 264 2551 narn
278 2524 403 2550 aetatem
422 2518 474 2551 vel
488 2518 674 2559 dignitatem
693 2520 772 2552 niliil
790 2519 863 2561 quic
886 2529 956 2550 uam
968 2519 999 2550 in
1010 2520 1057 2550 his

190 2567 334 2597 mutare,
355 2566 462 2600 aperte
482 2559 568 2591 cavit
596 2560 751 2593 Romulus
769 2561 850 2602 apud
903 2561 954 2591 ion
982 2560 1057 2592 sium

192 2600 235 2633 L.
257 2599 300 2632 Π.
315 2605 397 2640 pan.
409 2604 460 2637 96.
473 2599 572 2640 &op
595 2600 634 2631 de
645 2611 753 2635 recens
766 2602 847 2633 natis
863 2601 883 2634 si
897 2602 948 2641 qui
990 2600 1057 2632 for-

192 2650 224 2674 te
243 2640 436 2688 praecipuum
452 2640 510 2679 fit,
528 2641 560 2672 id
579 2648 683 2673 toturn
700 2642 850 2683 exsequar
863 2642 1004 2674 distinsta
1025 2652 1059 2673 o-

192 2690 325 2715 ratione.
371 2680 454 2714 Haec
475 2689 580 2713 autem
608 2691 676 2721 res,
710 2683 857 2724 quamdiu
874 2692 986 2723 nempe
1002 2683 1056 2714 du-

192 2723 311 2755 raverit
335 2722 466 2764 rigidior
489 2722 544 2754 illa
568 2721 726 2763 potestas,
758 2724 1057 2769 eget-probatione,

193 2773 229 2796 ut
250 2763 371 2803 omnis,
406 2773 474 2804 quae
496 2762 572 2795 fae'ti
596 2764 640 2795 est
657 2786 669 2802 ,
703 2774 761 2796 nec
789 2773 952 2804 quisquam
974 2764 1058 2796 aliud

194 2815 292 2846 genus
307 2804 503 2846 probationis
519 2804 572 2835 liic
590 2804 763 2844 desideret,
794 2814 886 2844 quam
906 2805 990 2845 quod
1004 2814 1057 2836 ex-

193 2846 306 2887 emplis
324 2846 354 2878 &
375 2843 503 2877 testibus
513 2844 699 2878 absolvitur.
742 2845 841 2892 Quod
861 2846 896 2876 ad
915 2846 1059 2886 exempla

194 2889 336 2925 attinet,
366 2886 397 2918 id
420 2885 515 2918 facile
532 2885 586 2917 sibi
616 2887 748 2928 quisque
773 2885 986 2932 pei-suadebit,
1010 2895 1059 2926 pa-

197 2936 258 2958 tres
271 2950 282 2966 ,
304 2927 448 2967 quamvis
465 2926 672 2968 imperatores
686 2929 763 2960 vitae
782 2936 817 2960 ac
833 2936 919 2959 necis
931 2950 941 2965 ‚
964 2927 995 2958 id
1015 2934 1058 2957 ta-

194 2976 265 3000 men
282 2966 458 3008 supremum
475 2968 505 3000 in
530 2967 645 3000 liberos
659 2968 708 3008 J'us
725 2978 789 3001 non
815 2968 993 3009 promiscue
1008 2976 1060 2998 ex-

196 3008 344 3046 ercuisse3
376 3008 496 3050 semper
520 3018 630 3041 verum
654 3009 739 3049 fuit,
768 3009 853 3051 quod
875 3009 1060 3052 Papinianus

199 3048 244 3078 ait
264 3049 295 3080 in
324 3050 344 3080 l.
367 3060 417 3081 22.
450 3050 480 3091 §.
500 3049 553 3081 ult.
580 3050 624 3091 ff.
651 3051 689 3083 ad
718 3050 757 3083 L.
784 3049 853 3091 Jul.
874 3051 912 3081 ad
934 3050 1057 3081 adulter.

193 3087 363 3130 plerumque
381 3092 523 3130 pietatem
549 3093 669 3132 paterni
696 3093 822 3123 nominis
843 3090 991 3130 confilium
1006 3095 1059 3131 pro

200 3126 300 3173 liberis
319 3136 438 3170 capere,
459 3140 518 3163 nec
531 3140 623 3173 quem
639 3131 753 3172 facile,
778 3133 809 3164 in
828 3132 1009 3164 occidendis
1023 3131 1059 3163 li-

199 3165 306 3207 bem>
327 3170 379 3201 vel
395 3170 576 3211 hominem,
595 3173 647 3206 vel
662 3181 782 3215 patrem
795 3182 923 3211 exuere.
965 3172 1057 3207 Libe·

1097 2354 1146 2393 ri,
1170 2354 1312 2395 quamvis
1327 2353 1460 2395 improbi
1477 2378 1487 2394 ,
1519 2356 1660 2397 quamvis
1677 2357 1801 2399 pesiime
1816 2356 1855 2389 de
1871 2364 1963 2399 patre

1098 2395 1220 2434 meriti,
1253 2395 1343 2429 liberi
1368 2403 1470 2427 tamen
1494 2395 1581 2436 sunt,
1613 2407 1671 2429 nec
1691 2407 1775 2430 tanta
1794 2397 1861 2430 fei-e
1878 2399 1959 2430 vitia

1098 2444 1190 2477 atque
1206 2444 1337 2477 peecata
1357 2437 1435 2475 filii,
1469 2445 1504 2468 ut
1531 2438 1645 2470 Cicero
1667 2438 1789 2470 dicebat
1800 2445 1852 2479 pro
1875 2439 1958 2472 Sext.

1101 2477 1185 2518 Rosc.
1208 2477 1311 2510 Amer.
1338 2478 1369 2509 C.
1381 2486 1434 2519 53.
1457 2479 1556 2518 quibus
1572 2478 1819 2520 incensitsparens
1832 2481 1961 2521 potuerit

1100 2521 1229 2550 animum
1247 2520 1380 2550 inducere
1390 2541 1401 2557 ‚
1422 2525 1454 2548 ut
1466 2525 1601 2550 naturam
1618 2519 1708 2560 1¹13]sz
1722 2522 1855 2552 vinceret
1865 2527 1915 2560 ,ut
1925 2531 1956 2553 α-

1099 2570 1204 2591 morem
1218 2560 1302 2591 illum
1314 2561 1430 2600 penitus
1442 2558 1557 2597 instrum
1566 2561 1681 2601 ejiceret
1692 2571 1728 2592 ex
1739 2563 1833 2593 aniona
1843 2585 1854 2601 ,
1871 2568 1903 2594 ut
1911 2563 1957 2594 de-

1101 2602 1185 2642 nique
1200 2607 1315 2641 patrem
1333 2600 1452 2641 qffesiefi’
1465 2600 1687 2640 vblieis'teretur.
1713 2601 1789 2634 Non
1798 2604 1881 2644 quod
1892 2603 1959 2645 opi-

1101 2651 1175 2680 ner,
1189 2648 1307 2682 pati·e1n
1324 2651 1386 2672 non
1406 2641 1494 2681 potui
1500 2640 1540 2672 ss'e
1555 2643 1700 2674 occidere
1710 2643 1808 2675 filium
1820 2668 1830 2683 ,
1840 2643 1895 2677 nifi
1905 2645 1959 2676 im-

1100 2684 1252 2724 probum,
1278 2681 1331 2713 nisi
1359 2682 1438 2713 male
1460 2683 1606 2714 meritum
1619 2707 1628 2722 ‚
1651 2684 1680 2715 δι
1698 2693 1737 2715 ex
1754 2683 1831 2724 justa
1849 2684 1961 2724 causa,

1100 2732 1194 2755 nemo
1212 2723 1242 2754 id
1255 2722 1405 2753 Veterum
1422 2722 1524 2760 dixit,
1541 2723 1595 2755 nisi
1616 2724 1693 2756 un‘us
1711 2726 1842 2766 Sopater
1860 2735 1899 2757 eo
1914 2726 1959 2758 10-

1101 2774 1163 2803 co,
1197 2773 1287 2804 quem
1312 2761 1444 2795 Grotius
1467 2764 1611 2795 exhibuit
1642 2767 1674 2796 de
1703 2766 1779 2807 Jure
1803 2766 1840 2799 B.
1863 2777 1897 2798 ac
1919 2766 1957 2798 P.

1102 2805 1142 2838 L.
1165 2804 1205 2837 II.
1233 2805 1263 2835 C.
1286 2814 1316 2844 5.
1341 2815 1370 2836 n.
1394 2809 1444 2839 28-
1476 2805 1527 2835 ubi
1553 2806 1672 2838 licuisse
1701 2809 1744 2839 ait
1760 2808 1840 2848 patri
1861 2808 1958 2840 filium

1101 2846 1246 2877 occider-c
1266 2847 1308 2875 iar
1330 2848 1438 2883 ἁμάρτῃ
1466 2858 1489 2873 αι
1504 2845 1533 2884 fi
1548 2848 1616 2887 quid
1635 2848 1810 2889 deliquerit,
1834 2848 1918 2890 quod
1937 2847 1958 2880 si

1101 2896 1211 2918 verum
1231 2886 1287 2925 sit,
1306 2887 1372 2926 ejus
1387 2888 1430 2918 rei
1445 2887 1606 2919 arbitrium
1626 2897 1733 2929 putem
1751 2899 1845 2930 penes
1862 2887 1960 2931 ipsum

1102 2934 1221 2968 patrem
1243 2926 1344 2958 fuill'e.
1390 2928 1448 2959 Sed
1465 2952 1475 2968 ,
1507 2936 1541 2959 ut
1563 2930 1659 2961 niodo
1680 2930 1844 2969 dicebam,
1879 2929 1960 2962 solus

1101 2968 1232 3009 Sopater
1258 2968 1287 2999 id
1311 2968 1468 3008 adfirmat,
1501 2969 1555 3001 alii
1574 2979 1699 3010 omnes,
1725 2972 1754 3003 ἁ
1769 2972 1892 3012 quidem
1914 2978 1957 3002 te-

1102 3007 1160 3040 stes
1187 3009 1284 3050 inagis
1308 3009 1440 3049 idonei,
1471 3010 1652 3051 simpliciter
1678 3011 1849 3052 loquuntur
1899 3010 1960 3044 fine

1101 3049 1165 3080 ulla
1195 3050 1289 3081 ullius
1315 3049 1413 3082 causae
1439 3060 1621 3090 mentione,
1655 3052 1706 3089 ἃ,
1729 3061 1761 3085 ut
1781 3035 1960 3094 iimpficitci·

1101 3089 1330 3132 intelligamus,
1355 3090 1491 3132 postulat
1509 3093 1557 3132 jus
1582 3092 1734 3132 dominii,
1767 3095 1849 3134 quod
1873 3092 1960 3133 supra

1101 3130 1242 3172 exposui.
1287 3131 1357 3163 Nec
1368 3133 1462 3164 etiam
1478 3133 1684 3173 interpretes,
1704 3142 1862 3175 quotquot
1882 3133 1960 3170 vidi,

1100 3171 1222 3205 causam
1234 3172 1403 3206 desidemnt
1414 3197 1425 3213 ,
1447 3174 1504 3207 nili
1522 3178 1599 3206 unus
1610 3174 1782 3207 Raevardus
1788 3197 1800 3214 ‚
1824 3175 1958 3216 quicon-

1912 3222 1959 3244 tra
