2008 3436
324 110 827 153 OBSERVATIONUM
877 108 1044 159 JURIS
1094 112 1336 150 ROMANI
1383 114 1485 152 LIB.
1514 116 1542 152 1.

109 199 264 238 abessent,
295 198 374 230 nihil
393 204 458 230 erat
473 195 557 228 aliud
577 203 668 236 quam
680 192 851 224 eorundem
865 190 970 223 distra-

110 242 174 272 0110
199 249 292 281 atque
314 239 457 271 venditio
471 263 480 278 ‚
512 237 574 268 hoc
594 236 678 268 enim
700 233 745 266 est
765 235 874 266 caedere
890 232 972 274 apud

111 282 296 314 Ciceronem
319 281 349 313 in
369 283 466 317 princ.
483 280 569 310 tertii
584 280 617 309 de
633 277 733 322 Orat..
750 283 785 307 ut
806 275 889 322 1·οςὶο
914 274 969 306 ob-

109 323 245 355 servavit
268 322 409 355 Zamosci
424 345 434 360 ‚
466 320 515 353 vei
539 319 669 360 quisque
695 317 774 350 alius
791 316 912 358 scripsit
935 317 969 347 cie

109 365 176 396 Seu.
198 365 279 395 Rom.
305 364 343 395 L.
363 363 399 395 ΙΙ.
429 369 459 403 p.
476 372 513 392 m.
534 369 604 400 117.
635 367 749 391 notato
769 359 864 390 etiam
887 357 969 389 1·οξὶο

109 406 281 444 Connano,
306 405 357 446 qui
372 403 402 445 pi
427 413 501 435 nora
516 402 570 434 illa
584 401 652 442 capi
670 400 763 432 solita
780 400 966 439 arbitratur,

107 456 143 478 ut
167 446 380 488 frangerenttu·
405 413 434 476 ἕ(
458 444 708 475 conciderentur.
762 441 809 474 Ita
831 440 969 483 disputat

109 490 266 520 Commeat.
295 487 371 527 Jur.
399 486 467 518 Civ.
498 485 538 517 L.
556 484 579 516 Ι.
609 485 642 516 C.
663 493 712 519 14.
737 483 869 515 omnino
893 492 968 514 con-

108 538 154 561 tra
168 529 333 570 pignorum
349 535 507 566 naturam,
539 536 608 568 quae
626 526 695 567 capi
708 524 847 563 constat,
874 532 908 555 ut
927 533 968 555 ex

106 580 213 601 eorum
231 570 414 601 venditione
434 569 555 600 redacta
573 567 705 609 pecunia
722 589 731 605 ‚
756 564 855 597 inulta
872 565 969 612 ali-ud-

105 621 144 642 ve
164 611 303 642 debitum
329 609 484 647 solvatur-3
509 610 627 650 reliqua
651 609 681 640 in
708 609 785 639 lianc
806 617 871 638 rem
886 607 970 638 dixit

103 651 245 686 Zamosci
263 676 272 691 ,
303 649 400 683 derisa
424 651 523 692 lepide
543 651 596 682 illa
610 651 776 691 pignorum
790 647 967 680 0001011110-

102 703 143 725 ne
166 694 195 725 δ(
221 692 332 725 insulsa
353 694 383 725 ὅ(
406 693 527 731 10111111,
559 691 608 723 sed
625 691 695 733 quis
707 690 832 722 dubitet
846 690 915 736 plus
928 691 967 721 ri-

103 734 185 774 iiss'e,
210 744 305 776 quum
323 734 465 766 homines
480 734 578 765 audiit
597 732 689 764 secari
711 732 739 763 δε
756 731 880 777 000101,
904 740 968 771 quo

102 776 313 808 creditoribus
330 775 458 807 satisfiat
469 800 478 815 ‚
505 776 534 808 ὅ(
549 774 704 807 Connano
721 773 751 804 δε
767 773 837 804 aliis
856 772 885 803 id
896 781 967 813 pro·

102 818 168 850 lixe
183 817 333 858 probari?

145 859 187 891 At
211 869 288 890 vero
312 859 388 896 alia,
420 867 454 890 ut
476 859 631 895 diximus,
657 857 717 889 esse
731 856 857 888 videtui·
874 855 968 896 Legis

103 899 334 932 Decemviralis
356 901 517 932 Sententia
532 924 541 939 ‚
573 907 659 930 certe
683 898 742 929 alia
757 921 766 936 ‚
799 906 837 928 ne
862 896 966 928 saevia-

102 951 191 980 iiius,
215 941 276 972 (110
289 941 389 972 debet.
438 941 481 972 Ut
498 951 554 971 nos
571 949 637 971 eam
661 938 764 969 sumus
785 938 865 969 111101·
890 946 967 968 reta-

102 983 147 1022 ti,
181 983 204 1013 ri
232 983 278 1014 ida
302 982 443 1022 equidem
468 981 568 1012 adliuc
588 980 632 1011 est
656 989 692 1010 ac
713 979 817 1010 severa
880 979 969 1010 &ita

101 1033 184 1056 nunc
216 1024 321 1054 erebat
337 1031 410 1053 aetas
432 1021 545 1063 Populi
564 1020 722 1062 Romani)
754 1019 831 1061 justa
848 1028 968 1057 tamen,

100 1074 160 1096 nec
183 1063 320 1095 absurda.
366 1063 471 1094 Etiam
494 1063 680 1094 clementius
701 1062 860 1103 explicare
883 1062 912 1093 ἃ
929 1060 968 1091 ab

98 1105 266 1137 atrocitate
295 1103 458 1136 absolvere
489 1104 711 1136 nobililsimum
743 1103 885 1144 fragmen
914 1111 965 1143 ag-

98 1146 185 1188 gtessi
210 1145 280 1178 sunt
302 1144 480 1177 Desiderius
502 1146 657 1177 Hei-aldus
685 1148 719 1176 de
743 1144 872 1176 Aucior.
902 1154 965 1175 rer.

94 1189 163 1230 jud.
186 1187 224 1219 L.
244 1187 282 1219 II.
310 1187 335 1217 C
365 1197 414 1226 25.
439 1187 469 1219 δ(
487 1187 621 1219 Annaeus
635 1187 794 1219 Robertus
810 1187 885 1219 Rer.
906 1186 965 1227 Ju-

97 1231 158 1261 dic.
181 1229 218 1260 L.
238 1228 276 1261 ΙΙ.
305 1230 329 1260 C
357 1231 388 1260 6.
406 1227 457 1260 sed
471 1236 581 1260 neuter
597 1228 680 1260 dixit
697 1227 875 1270 scivitque,
890 1227 967 1270 quid

96 1272 129 1304 iri
145 1269 280 1303 Tabulis
293 1270 386 1310 esset,
409 1277 510 1310 poenas
527 1272 636 1310 capitis
655 1272 745 1309 dare,
760 1269 823 1302 sine
837 1279 901 1312 quo
920 1276 963 1300 ta-

96 1322 169 1345 men
181 1322 245 1344 non
259 1313 350 1344 aliam
359 1335 368 1351 ,
394 1313 503 1353 utiquc
517 1311 733 1353 benigniorem
743 1336 752 1350 ‚
779 1311 965 1343 sententiam

95 1354 211 1395 recipit
226 1353 472 1394 sequensseciiu
489 1354 554 1385 imo
571 1363 631 1385 nec
646 1354 722 1395 quid
736 1353 774 1385 sit
792 1353 846 1385 illa
854 1352 963 1392 seem,

95 1395 243 1427 videntur
265 1394 326 1425 01Γο
346 1394 493 1427 adsecuti.
538 1394 696 1427 Heraldus
718 1395 762 1425 ait
775 1418 784 1432 ‚
818 1393 961 1432 servum,

95 1445 189 1478 atque
206 1436 284 1468 adeo
300 1435 475 1469 debitorem
495 1436 652 1468 additium
675 1435 770 1467 secari
796 1436 872 1468 &in
889 1445 957 1477 pai·-

96 1487 144 1511 tes
159 1477 276 1517 dividi,
294 1477 346 1509 ubi
363 1487 421 1525 pro
434 1477 532 1509 debiti
549 1477 698 1519 portione
711 1477 881 1518 unicuique
897 1477 957 1510 ser-

95 1520 146 1552 vit
156 1540 177 1559 ,-
191 1519 220 1551 &
235 1528 344 1560 operas
360 1520 457 1552 solvit
471 1528 530 1561 pro
546 1519 696 1561 pecunia,
716 1518 872 1558 adduffis,
890 1529 960 1561 quae

95 1568 200 1593 tamen
216 1561 294 1593 nihil
307 1561 460 1602 ejusmodi
474 1561 626 1602 probant,
652 1561 672 1592 l.
687 1570 718 1601 5.
744 1560 773 1601 §.
797 1569 824 1592 1.
847 1563 881 1592 de
902 1561 962 1593 Le-

92 1609 159 1644 gat.
176 1601 199 1634 I.
226 1603 257 1635 ὅ(
281 1603 301 1634 l.
320 1613 349 1635 2.
374 1603 403 1644 §.
426 1612 451 1634 1.
466 1602 508 1644 ff.
531 1605 566 1635 de
580 1602 675 1635 Verb.
700 1602 803 1642 Oblig.
848 1601 900 1636 De
922 1603 960 1636 il-

93 1645 126 1678 la
151 1644 303 1677 divisione
333 1653 497 1687 operarum
525 1645 557 1677 in
581 1644 726 1676 debitore
749 1643 871 1676 addicto
887 1668 896 1685 ‚
929 1646 960 1677 &

93 1685 174 1718 hanc
181 1685 322 1726 Jkfflom‘s
338 1686 466 1718 nomine
481 1687 590 1718 venire
600 1708 610 1725 ‚
631 1696 695 1718 non
711 1685 776 1718 scio
791 1685 959 1728 quicquam

93 1726 156 1759 esse
169 1727 344 1769 proditum:
369 1737 433 1760 non
447 1726 584 1760 obstaret
598 1727 724 1769 quidem
737 1727 837 1767 ratio,
861 1736 897 1759 ut
911 1726 958 1760 su-

93 1777 150 1811 pra
170 1770 307 1802 diximus
322 1793 333 1810 ,
365 1768 416 1801 sed
438 1768 541 1801 obstat
557 1769 700 1809 locutio,
726 1769 756 1801 &
771 1769 960 1801 auctoritate

92 1809 300 1844 destituimur.
344 1811 416 1843 Alia
432 1810 593 1851 adderem,
617 1810 649 1842 ni
665 1810 792 1852 prolixe
808 1820 959 1853 occupasn

93 1851 139 1886 set
155 1851 305 1885 Claudius
320 1852 483 1886 Salmasius
501 1853 665 1891 Obfiervat.
690 1855 729 1884 ad
751 1852 815 1893 Jus
835 1852 907 1884 Ait.
923 1852 962 1888 &⁹

92 1894 179 1927 Rom.
204 1895 238 1926 C.
254 1894 313 1927 XI.
339 1895 392 1936 qui
409 1895 565 1927 tamen&i
592 1894 622 1926 se
636 1894 850 1927 carnificinam
874 1894 959 1927 debi-

93 1943 198 1969 torum
208 1934 349 1968 defendit
357 1959 366 1975 ,
379 1936 408 1968 &
417 1935 458 1967 ob
469 1936 500 1968 id
509 1937 540 1968 in
585 1936 722 1968 eraldum
730 1936 892 1976 aliquanto
900 1937 957 1968 ini-

93 1977 342 2019 quiusdecernit.
367 1977 448 2009 Cum
457 1985 547 2019 rogat
555 1977 728 2017 Heraldus‚
733 1976 761 2016 ft
781 1987 958 2010 communem

93 2021 366 2059 debitorem-plures
381 2021 413 2050 in
432 2021 650 2060 pariessecare
668 2023 828 2060 poterant,
852 2021 959 2061 quidni

91 2066 209 2102 poterat
225 2062 316 2102 suum
339 2063 465 2102 quisque
487 2063 645 2093 debitorem
662 2060 841 2093 trucidare?
865 2071 956 2101 curn,

95 2103 220 2175 infitiam
235 2127 246 2142 ,
276 2103 338 2135 hoc
377 2110 468 2144 rogat
484 2127 493 2142 ,
526 2113 590 2135 non
615 2102 785 2135 censendus
801 2102 846 2134 est
861 2113 956 2144 agno-

93 2143 128 2174 vi
154 2153 188 2182 0,
212 2144 254 2176 sin
278 2145 337 2177 ulis
353 2145 562 2177 creditoribus
580 2144 717 2186 singulos
730 2144 888 2176 debitores
904 2154 956 2177 ne-

305 2185 352 2217 fas
370 2185 480 2224 fuisse3
504 2186 570 2218 imo
584 2195 663 2217 vero
677 2186 735 2218 hac
752 2185 816 2227 ipsa
834 2186 957 2218 ratione

94 2193 166 2216 care
186 2194 195 2224 J

94 2225 222 2257 obviam
244 2227 270 2257 it
291 2227 476 2259 truculentae
497 2227 648 2266 10611001,
674 2227 704 2260 &
717 2227 753 2259 ea
768 2237 894 2269 quoque
909 2237 955 2259 ra-

93 2266 183 2298 110110
206 2276 337 2298 moveor
353 2291 362 2306 ‚
391 2277 431 2299 ne
443 2269 476 2300 in
495 2268 648 2300 saevitiarn
672 2269 757 2300 illam
775 2268 830 2301 sim
847 2268 954 2300 credu-

93 2307 151 2339 lus.
197 2307 324 2339 Etenim
346 2308 368 2340 fi
383 2310 489 2348 secare
513 2310 593 2351 apud
611 2309 732 2342 Xviros
749 2310 786 2342 fit
803 2312 954 2350 occidere,

92 2357 150 2381 cur
162 2348 303 2390 pluribus
321 2349 474 2382 duntaxat
487 2351 695 2383 creditoribus
708 2351 740 2383 id
777 2351 934 2384 ermissum
944 2375 954 2391 ‚

91 2389 147 2421 uni
162 2399 226 2422 non
241 2390 356 2432 aeque?
380 2391 418 2422 de
443 2401 506 2424 uno
529 2399 615 2422 certe
633 2392 712 2423 nihil
729 2361 847 2434 uspiam
863 2393 954 2425 habe-

90 2439 161 2463 mus
179 2440 306 2463 cautum
319 2454 330 2472 ‚
361 2432 391 2463 &
416 2433 485 2474 quis
509 2433 571 2465 fine
585 2433 654 2474 lege
668 2433 820 2466 occidat?
842 2434 886 2466 fin
902 2444 954 2466 au-

91 2479 157 2504 tem
171 2472 274 2512 secare
296 2473 334 2507 fit
356 2478 505 2513 vendere,
529 2475 591 2515 jam
612 2474 754 2515 pluribus
776 2475 900 2507 dabitur
923 2476 954 2507 in

91 2511 228 2546 secundo
241 2514 278 2547 L.
296 2515 454 2556 capitulo,
479 2516 564 2558 quod
580 2516 634 2547 uni
648 2516 756 2547 datum
765 2524 832 2547 erat
846 2517 878 2548 in
893 2517 955 2558 pri-

91 2563 162 2601 100,
185 2555 320 2588 facultas
334 2566 446 2599 nempe
459 2557 613 2589 debitoris
627 2565 712 2588 trans
729 2557 875 2589 Tiberim
895 2566 954 2589 ter-

92 2595 326 2642 tiis-Nimdinis
346 2599 568 2638 venundandi,
592 2606 686 2640 atque
710 2599 754 2629 ita
779 2599 883 2640 plures
906 2598 955 2631 1111

91 2645 220 2669 venient
240 2638 272 2670 in
293 2648 406 2680 pai-tes.
459 2640 505 2672 De
525 2642 696 2672 venditione
717 2643 811 2672 verba
839 2642 927 2672 audio
943 2664 953 2680 ,

90 2688 153 2724 rem
170 2689 226 2710 non
243 2682 328 2712 video
339 2703 349 2717 ‚
366 2681 470 2723 inquit
486 2681 661 2721 Heraldus,
677 2691 762 2713 mera
776 2682 952 2723 impruden-

91 2727 151 2758 tia,
175 2720 216 2752 ob
231 2731 323 2762 quain
341 2722 414 2763 quia
426 2722 500 2755 satis
538 2732 678 2755 oenaruni
693 2723 778 2754 dedit
793 2723 951 2763 Salmafio,

91 2760 222 2793 verbum
235 2772 298 2794 non
316 2763 447 2804 amplius
464 2765 501 2796 ad
525 2774 582 2796 am.

94 2840 101 2846 ¹
133 2800 267 2835 Annaeus
290 2803 447 2838 Robertus
468 2814 608 2837 veterem
630 2805 716 2838 illam
734 2805 902 2837 sectionem
915 2804 952 2836 ad

92 2850 256 2875 immanem
279 2846 478 2881 „homi-Aveia·
499 2847 656 2888 pertinere
682 2857 809 2889 quoque
825 2855 890 2877 non
906 2855 950 2877 ra-

93 2890 163 2928 tus,
178 2884 216 2915 ad
223 2885 378 2923 sestionem
391 2889 530 2920 bonorum
538 2889 666 2928 retulit,
677 2896 713 2919 ut
725 2895 828 2929 partes
849 2888 951 2924 secare

91 2922 130 2971 {it
138 2923 220 2972 1ᾰοῐο
226 2948 236 2964 ,
245 2928 328 2967 quod
332 2931 447 2969 partiri
458 2941 507 2963 res
514 2932 669 2968 debitoris,
675 2932 839 2971 portionem
845 2930 950 2969 ferre,

90 2974 124 2995 m
142 2972 303 3014 portionem
328 2973 431 3002 vocari
446 2995 456 3009 ,
489 2971 602 3014 quibus
624 2971 772 3004 formulis
796 2972 950 3004 Aut'tores

91 3006 295 3055 cum—nostri,
321 3017 388 3043 tum
403 3012 455 3044 alii
468 3013 507 3045 de
523 3012 702 3045 dividundis
725 3013 877 3045 debitoris
893 3014 949 3045 ob-

93 3055 180 3094 aerati
194 3048 286 3081 bonis
301 3050 405 3091 paffim
418 3060 558 3086 utuntur.
639 3055 692 3086 uin
703 3055 733 3086 &
746 3064 785 3086 eo
801 3054 888 3086 forte
903 3064 949 3086 re-

93 3087 195 3136 spexit
215 3089 367 3139 ]osephus
389 3092 544 3136 Scaliger,
568 3104 642 3128 cum
656 3096 688 3128 in
707 3097 819 3137 Scaiig.
836 3095 859 3128 Ι.
885 3097 949 3135 ait,

83 3129 281 3180 Jestw'ctvis
302 3130 372 3172 c'est
399 3139 510 3167 vendre
533 3137 558 3167 le
578 3139 644 3169 bien
665 3139 736 3168 d'un
753 3139 862 3169 homme
885 3148 938 3169 con

91 3174 208 3204 damno.
253 3173 323 3220 Sed⁸
339 3183 405 3207 eam
425 3175 486 3208 ess'e
504 3176 679 3210 Xvirorum
696 3177 881 3211 sententiam
895 3180 953 3211 vix

90 3212 156 3253 est,
187 3222 224 3247 ut
246 3214 324 3247 mihi
347 3215 564 3257 persuadeam:
596 3220 658 3251 toti
681 3220 796 3261 quippe
826 3219 896 3252 sunt
921 3221 952 3252 10

1597 119 1634 155 C.
1663 111 1689 156 1.
1840 122 1885 164 19

1013 190 1235 238 constituendo
1252 194 1336 240 jure,
1362 197 1446 235 quod
1471 198 1620 231 creditori
1648 198 1804 240 competit
1819 208 1886 231 non

1013 243 1044 265 iii
1061 233 1143 280 bona
1174 233 1240 275 (de
1266 235 1379 276 quibus
1403 237 1482 270 1111111
1505 240 1663 282 omnino)
1686 249 1718 272 at
1737 241 1768 272 in
1784 238 1886 282 ipsum

1011 275 1188 322 debitorem
1209 276 1463 310 condemnatum.
1511 279 1626 319 Hune,
1661 282 1692 313 ni
1709 281 1885 322 judicatum

1011 318 1128 355 faciat,
1163 317 1352 357 permittunt
1372 318 1466 359 duci,
1499 320 1578 351 tralii
1599 345 1607 359 ‚
1639 323 1752 354 vinciri
1784 332 1885 354 nervo

1011 366 1064 407 ,aut
1090 357 1296 404 compedibus
1313 383 1321 398 ‚
1356 360 1387 392 in
1420 361 1588 393 comitium
1611 364 1766 403 produci,
1802 371 1887 396 trans

1018 400 1035 430 1
1049 399 1157 431 iberim
1173 400 1363 440 venundari,
1390 402 1437 441 &‚
1468 402 1489 435 fi
1511 403 1654 443 pluribus
1671 404 1809 436 addiftus
1828 405 1885 444 sit,

1011 443 1043 472 iri
1057 441 1290 481 partes-sbcari,
1316 442 1378 474 hoc
1401 443 1471 483 est,
1502 444 1593 476 illum
1617 443 1717 485 ipsum
1745 447 1836 477 vendi
1855 447 1886 481 &

1011 483 1148 524 pretium
1173 483 1311 514 invicem
1335 484 1445 516 dividi.
1492 484 1545 518 De
1568 485 1660 518 bonis
1688 495 1784 532 quum
1806 487 1885 519 1111111

1011 524 1169 555 edixerint
1185 524 1298 564 Xviri,
1333 532 1465 567 totaque
1490 536 1601 558 eorum
1624 536 1728 558 oratio
1747 528 1783 558 ad
1802 524 1885 569 ipsos

1013 565 1188 605 debitores,
1215 576 1315 598 nexos
1336 566 1398 606 jam
1423 569 1453 600 <Sc
1472 568 1616 608 vinftos,
1642 569 1815 610 pertineat,
1841 568 1884 600 sa-

1015 607 1055 638 tis
1074 607 1242 638 commoda
1258 617 1322 640 non
1337 607 1381 640 est
1396 609 1529 641 Roberti
1546 609 1777 651 interpretatio.

1056 649 1163 690 Magis
1188 649 1309 690 placet,
1341 650 1426 691 quod
1443 651 1525 682 idem
1544 651 1654 683 attulit
1671 660 1729 693 pro
1744 650 1883 683 refutan-

1011 690 1050 721 da
1063 691 1251 721 auctoritate
1271 691 1423 723 Veterum
1442 715 1451 731 ‚
1483 693 1536 733 qui
1552 692 1657 732 illam,
1684 693 1715 724 in
1727 702 1791 735 :qua
1814 699 1883 724 vei·-

1011 731 1130 770 samui·‚
1156 731 1249 774 Legis
1262 733 1398 774 antiquae
1423 734 1610 774 particulam
1633 734 1672 765 de
1687 733 1885 766 debitoribus

1011 773 1215 804 dilacerandis
1234 783 1359 816 quoque
1378 775 1596 807 exaudierunt.
1642 775 1711 817 Ipse
1727 775 1885 807 Hei-aldus

1012 814 1112 862 adliiic
1139 813 1272 861 subsistit
1296 824 1426 857 propter
1450 816 1670 849 auctoritatem
1690 816 1884 864 Quintiliani

1013 857 1043 886 62
1071 855 1256 888 lei-tulliani
1273 881 1282 895 ‚
1317 856 1459 890 Gellium
1482 858 1601 890 interea
1625 859 1704 890 nihil
1729 865 1881 890 moratusi

1013 896 1072 928 Sed
1093 897 1247 928 vcriiiime
1272 898 1431 931 Robertus
1462 900 1545 931 dixit
1565 924 1574 939 ‚
1616 899 1687 941 ipsis
1710 899 1883 932 Veteribus

1012 947 1085 968 cuin
1102 938 1213 984 uerba,
1241 946 1307 970 tum
1327 940 1512 972 sententiam
1528 941 1602 973 XII.
1622 942 1655 974 T
1657 941 1726 973 abb.
1742 942 1882 983 aliquan—

1013 979 1056 1009 do
1077 988 1179 1011 minus
1205 981 1369 1021 explorata
1385 1006 1395 1022 ‚
1452 983 1504 1014 uin
1530 983 1583 1014 vel
1602 983 1734 1015 omnino
1753 993 1817 1014 non
1835 982 1881 1014 in-

1015 1020 1140 1066 tellecta
1154 1020 1266 1060 fuiss'e;
1290 1023 1368 1053 adeo
1386 1033 1423 1054 ca
1439 1033 1512 1055 cum
1528 1023 1666 1056 olebant.
1701 1023 1753 1056 De
1769 1023 1881 1056 obscu-

1010 1069 1105 1094 ritate
1129 1061 1279 1094 sermonis
1302 1064 1394 1103 prisci
1422 1065 1454 1096 in
1479 1065 1643 1097 Duodecim
1658 1066 1719 1106 jam
1742 1064 1798 1096 sub
1819 1065 1883 1097 Au-

1010 1102 1102 1146 gusto
1124 1103 1278 1135 Anam-cs
1302 1104 1541 1146 expostularunt
1556 1130 1566 1146 ,
1599 1108 1629 1139 ὅ(
1647 1107 1745 1148 inagis
1761 1106 1883 1144 adhuc,

1010 1145 1064 1186 qui
1094 1143 1192 1176 secuti
1222 1145 1302 1177 sunt.
1348 1146 1550 1179 Testimonia
1579 1149 1658 1180 alios
1682 1147 1885 1179 denunciasse

1009 1186 1104 1217 video
1123 1196 1132 1224 3
1163 1196 1224 1228 ego
1247 1186 1390 1220 Gellium
1410 1198 1475 1220 non
1500 1189 1651 1230 egrediar.
1696 1189 1881 1221 Suavissime

1008 1228 1090 1259 aiud
1121 1227 1211 1259 illum
1242 1228 1280 1259 L.
1304 1229 1393 1262 XVI.
1426 1231 1458 1262 C.
1481 1240 1529 1263 10.
1564 1230 1662 1272 JCtus
1712 1230 1816 1261 uidam
1849 1229 1880 1262 se

1008 1290 1022 1301 a
1046 1268 1083 1300 II.
1109 1268 1250 1302 Tabulas
1264 1271 1544 1312 interpretaturum
1562 1272 1666 1311 dixit,
1703 1282 1713 1303 z
1729 1273 1784 1314 jus
1800 1271 1880 1303 Fau-

1008 1321 1114 1342 norum
1144 1311 1180 1345 &⁹
1201 1313 1406 1354 Aboriginum
1433 1313 1605 1355 didiciffet:
1632 1312 1769 1354 studium
1787 1338 1795 1348 .
1831 1314 1876 1345 in-

1008 1353 1095 1394 quit,
1112 1353 1332 1396 scientiamque
1347 1366 1397 1396 ego
1410 1355 1554 1397 praestare
1577 1358 1661 1388 debeo
1678 1355 1772 1397 Jiiris
1788 1355 1824 1390 ἐξ
1837 1356 1879 1386 le-

1003 1405 1095 1435 gum,
1118 1405 1280 1436 vocumque
1301 1408 1426 1437 earum,
1450 1400 1558 1439 quibus
1578 1399 1704 1430 utimur,
1751 1397 1821 1430 Iino
1846 1398 1879 1429 in

1003 1436 1069 1477 ipsa
1095 1437 1150 1469 illa
1174 1436 1400 1480 Disputatione
1424 1440 1575 1472 Favorini
1592 1440 1622 1472 ὅ(
1639 1439 1781 1479 Caecilii,
1807 1448 1877 1480 quae

1003 1477 1095 1509 nobis
1118 1478 1286 1512 seftionem
1308 1481 1395 1513 illam
1419 1481 1600 1514 debitorum
1626 1481 1707 1523 apud
1734 1479 1880 1513 Gellium

1006 1529 1047 1551 ex
1067 1519 1142 1552 XII.
1169 1520 1273 1553 Tabb.
1308 1523 1533 1564 repraesentat,
1567 1523 1622 1555 ille
1649 1523 1796 1564 equidem
1817 1522 1878 1555 Le-

1006 1571 1080 1603 gum
1103 1561 1376 1596 Decemviralium
1399 1564 1626 1597 obscuritatem
1649 1563 1774 1596 accusat
1789 1588 1798 1603 ‚
1825 1563 1880 1595 hic

1004 1611 1111 1635 autem
1125 1604 1331 1639 excusaturus
1345 1605 1489 1648 agnoscit
1499 1631 1509 1647 ,
1529 1605 1580 1639 sed
1597 1606 1703 1638 verbis
1720 1605 1877 1637 moribus-

1005 1654 1066 1687 que
1082 1646 1219 1688 antiquis
1237 1655 1398 1690 acceptam
1423 1647 1496 1680 fert.
1542 1648 1713 1681 Belliffime
1731 1647 1776 1678 ita
1792 1654 1878 1679 uter-

1005 1696 1066 1728 que
1085 1687 1115 1718 ὅ(
1130 1695 1332 1729 opportune,
1352 1690 1384 1721 ni
1401 1689 1517 1730 fallor,
1534 1688 1580 1721 est
1591 1688 1762 1731 praefatus,
1802 1697 1880 1720 uum

1003 1736 1115 1760 neuter
1136 1729 1214 1761 1111111
1237 1730 1382 1764 videatur
1405 1730 1569 1763 adsecutus
1583 1755 1593 1771 ‚
1625 1730 1700 1772 quid
1724 1729 1763 1761 fit
1793 1729 1879 1761 ectio

1002 1769 1182 1802 debitorum
1206 1772 1287 1813 apud
1313 1772 1464 1813 Xviros;
1497 1780 1533 1805 tu
1556 1772 1715 1804 Favorine
1734 1771 1879 1812 increpas

1002 1812 1163 1844 diritatem
1185 1811 1278 1845 sacrae
1298 1813 1393 1856 Legis
1407 1838 1417 1855 ,
1452 1822 1551 1856 tuque
1573 1813 1685 1846 Caecili
1708 1812 1852 1845 defendis
1866 1834 1879 1852 ‚

1006 1854 1036 1886 ὅ(
1051 1861 1184 1896 uterque
1199 1855 1278 1887 1111111
1296 1856 1448 1888 videmini
1465 1856 1562 1888 verba
1576 1855 1726 1922 perdere,
1752 1855 1783 1886 ὅ(
1804 1855 1877 1895 quis

1003 1895 1147 1927 colorem
1168 1896 1254 1936 dicet
1278 1898 1322 1928 rei
1342 1897 1588 1930 immaniffimae¹.
1625 1895 1735 1928 sedita
1748 1894 1813 1935 est,
1839 1903 1877 1935 ut

1002 1937 1129 1976 dicitis,
1161 1936 1324 1970 obscurius
1347 1939 1489 1980 quaedam
1513 1939 1557 1969 ibi
1585 1936 1656 1969 sunt
1675 1936 1876 2010 sperscripta,

1003 1986 1098 2019 atque
1115 1978 1205 2018 ideo,
1231 1986 1266 2010 ut
1281 1981 1430 2021 exemplo
1453 1978 1559 2011 vestro
1596 1978 1672 2011 roba
1702 1978 1745 2018 is,
1770 1979 1875 2011 minus

1002 2019 1171 2052 intellecta.
1213 2019 1308 2052 Aliud
1324 2022 1393 2053 audi
1411 2021 1549 2061 eiusdem
1598 2020 1692 2052 aecilii
1708 2029 1749 2050 ex
1765 2020 1874 2052 eadem

1001 2059 1228 2101 Disputatione
1239 2071 1248 2099 ;
1260 2063 1303 2094 ait
1323 2062 1387 2104 ipse
1396 2086 1405 2102 ,
1417 2061 1619 2103 quantumvis
1628 2060 1725 2101 JCtus
1736 2085 1746 2100 ‚
1756 2060 1872 2095 XXX.

1000 2101 1085 2141 dies,
1118 2103 1171 2144 qui
1196 2103 1257 2135 reis
1283 2104 1500 2136 condemnatis
1515 2103 1668 2134 dabantur
1683 2103 1873 2142 conquiren-

999 2143 1046 2175 dae
1070 2144 1212 2185 pecuniae
1235 2155 1327 2186 ergo,
1352 2144 1427 2178 XII.
1459 2144 1600 2176 Tabulas
1626 2141 1791 2185 appellasse
1817 2144 1871 2185 JU—

1000 2194 1096 2224 STOS,
1122 2186 1207 2217 velut
1230 2190 1375 2228 quoddam
1391 2185 1569 2229 justitium,
1593 2187 1625 2217 id
1644 2184 1704 2227 est.
1722 2186 1871 2227 jzirisin-

1000 2233 1047 2258 zer
1069 2238 1115 2259 eos
1141 2226 1225 2268 quasi
1244 2228 1476 2270 interstitionem
1502 2228 1654 2270 quandam
1681 2226 1717 2262 ὃ)
1738 2226 1874 2267 cqffatio-

999 2279 1075 2300 nem.
1121 2269 1182 2302 Sed
1203 2269 1309 2302 nescio
1327 2295 1336 2310 ‚
1367 2281 1406 2303 an
1420 2270 1452 2301 id
1467 2279 1598 2301 acumen
1614 2268 1870 2311 etymologicum

999 2309 1124 2352 praestet
1140 2310 1247 2343 Isidori
1271 2313 1362 2354 nugis
1385 2313 1418 2344 in
1439 2313 1472 2343 C.
1494 2321 1542 2343 10.
1566 2311 1609 2343 X.
1628 2312 1662 2342 cie
1679 2310 1720 2342 V.
1741 2311 1772 2342 S.
1795 2320 1869 2352 pau-

999 2354 1065 2384 lum
1079 2353 1163 2384 enim
1176 2352 1354 2385 advertenti
1367 2354 1487 2395 liquet,
1504 2355 1566 2385 dies
1576 2351 1674 2394 justos
1687 2351 1768 2393 dici,
1785 2353 1872 2393 quod

998 2403 1016 2425 a
1036 2394 1108 2434 Jure
1130 2393 1189 2426 11111
1206 2394 1391 2434 constituti,
1416 2395 1498 2426 unde
1516 2395 1546 2427 ὅ(
1564 2396 1626 2426 dies
1642 2392 1800 2435 constituti
1816 2404 1869 2426 au-

997 2435 1089 2467 diunt
1105 2436 1137 2467 in
1157 2436 1177 2466 i.
1203 2445 1232 2476 7.
1254 2437 1294 2478 ff.
1321 2438 1354 2467 de
1379 2436 1425 2468 Re
1448 2437 1518 2478 jud.
1538 2435 1580 2469 110
1597 2435 1684 2479 justa
1709 2437 1870 2468 haereditas

998 2475 1060 2516 est,
1085 2487 1155 2518 quae
1169 2487 1186 2508 a
1200 2478 1269 2518 jure
1283 2477 1442 2517 defertur,
1469 2478 1499 2509 ὅ(
1515 2478 1560 2509 ita
1580 2478 1612 2510 in
1634 2477 1723 2516 aliis3
1746 2476 1798 2510 sed
1812 2487 1868 2509 noa

1000 2524 1032 2549 ta
1054 2528 1102 2549 res
1127 2517 1181 2550 est.
1228 2519 1336 2561 thue
1357 2519 1435 2550 adeo
1452 2519 1493 2551 ob
1512 2519 1577 2551 anti
1602 2519 1735 2550 uitatem
1754 2519 1868 2558 dubia,-

1000 2559 1076 2600 quin
1090 2560 1120 2591 &
1139 2560 1283 2601 perversa
1300 2560 1379 2602 saepe
1392 2560 1492 2592 fuerit
1505 2560 1571 2592 LL.
1626 2559 1664 2591 II.
1691 2559 1794 2591 Tabb.
1812 2569 1866 2590 ex-

997 2600 1130 2642 plicatio
1154 2602 1235 2643 apud
1260 2601 1344 2643 ipsos
1369 2602 1500 2634 Veteres
1517 2625 1528 2641 ,
1561 2602 1657 2633 etiam
1673 2600 1788 2641 ]01ο3,
1813 2610 1865 2631 ne-

997 2651 1058 2683 que
1073 2642 1104 2673 in
1123 2642 1199 2683 1110,
1224 2653 1317 2685 quain
1336 2644 1367 2675 in
1386 2643 1447 2675 lioc
1463 2643 1600 2675 articulo
1617 2651 1668 2674 1110
1682 2641 1779 2682 magis
1798 2650 1864 2672 mo-

996 2691 1069 2714 veat
1086 2682 1210 2716 Caecilii
1234 2694 1275 2716 ex
1301 2684 1442 2726 professo
1459 2685 1498 2716 de
1516 2684 1564 2716 his
1579 2683 1715 2725 Legibus
1730 2681 1865 2722 disputa-

996 2725 1044 2756 tio
1062 2725 1092 2756 &
1108 2725 1286 2758 auftoritas.
1331 2725 1438 2768 Atque
1453 2726 1515 2757 hoc
1536 2724 1636 2767 ipsum
1654 2721 1717 2768 est,
1743 2732 1799 2753 cur
1814 2733 1866 2755 ine

995 2766 1028 2798 in
1051 2767 1246 2799 contrarium
1273 2777 1338 2799 non
1358 2776 1456 2799 vocet
1512 2765 1668 2797 uintiliani
1684 2763 1714 2794 &
1732 2762 1874 2798 Tertul-,

994 2807 1068 2840 liani
1088 2806 1257 2841 sententia:
1282 2818 1352 2840 nam
1369 2809 1448 2848 alia,
1473 2812 1505 2839 ni
1520 2804 1673 2847 digrediar
1688 2827 1698 2843 ‚
1723 2803 1762 2836 iis
1778 2805 1866 2838 refu-

995 2849 1096 2880 tandis
1111 2858 1196 2881 nunc
1212 2850 1357 2891 equidem
1373 2859 1437 2881 non
1457 2848 1650 2887 conquiram.

1036 2889 1070 2921 Id
1091 2899 1169 2922 vero
1192 2891 1293 2923 nolim
1316 2891 1447 2928 omitti,
1471 2888 1563 2929 ipsius
1579 2885 1703 2918 Caecilii
1721 2887 1860 2921 testimo-

992 2932 1048 2963 nio
1072 2931 1222 2971 diffetium
1238 2932 1291 2972 effe
1306 2932 1479 2971 antiquitus
1497 2929 1660 2966 neminem,
1689 2929 1722 2961 in
1743 2939 1808 2971 quo
1827 2931 1859 2962 &

993 2973 1211 3020 Quintilianus
1234 2974 1264 3004 &
1281 2971 1499 3003 Tertullianus
1513 2967 1725 3002 consentiunt.
1770 2970 1803 3003 Si
1826 2971 1860 3004 in

993 3014 1093 3045 veteri
1110 3015 1262 3046 memoria
1284 3011 1402 3043 (11110611
1424 3011 1577 3043 debitoris
1598 3010 1777 3052 exemplum
1803 3022 1860 3044 0)(-ν

993 3054 1086 3086 staret
1100 3079 1109 3093 ‚
1141 3054 1209 3086 fere
1233 3053 1301 3092 est,
1335 3061 1370 3084 ut
1383 3051 1497 3084 frustra
1520 3052 1631 3090 fimus3
1661 3062 1760 3093 nunc,
1786 3063 1860 3085 cum

994 3106 1057 3128 non
1073 3094 1192 3134 exstet,
1218 3103 1253 3126 ut
1269 3094 1316 3126 illi
1334 3094 1389 3135 ipsi
1404 3094 1575 3133 tradidere,
1605 3092 1678 3125 satis
1695 3094 1862 3127 videbatur

995 3136 1055 3168 esse
1076 3136 1264 3176 conjettuioe
1281 3159 1290 3175 ,
1322 3144 1481 3177 nunquam
1502 3134 1619 3176 Legem
1640 3143 1680 3166 eo
1703 3134 1792 3168 sensu
1809 3145 1859 3167 ac-

996 3185 1118 3218 ceptam
1135 3200 1145 3216 ,
1179 3187 1243 3218 quo
1259 3177 1361 3218 accipi
1380 3177 1554 3209 voluerunt
1571 3175 1619 3208 illi
1636 3175 1767 3209 Veteres
1784 3201 1794 3216 ‚
1827 3177 1859 3209 &

1357 3217 1363 3223 ”
1494 3217 1537 3250 At
1563 3216 1733 3251 crudelitas
1750 3217 1856 3259 displi-

995 3227 1079 3250 nunc
1102 3217 1206 3255 passim
1233 3219 1447 3251 Recentioies.
1816 3259 1821 3264 ¹

1771 3266 1859 3298 cuit,

1094 3258 1163 3291 02
