2008 3436
153 101 437 152 QUAEST.
488 99 712 148 JURIS
761 95 1106 139 PUBLICI,
1156 97 1650 136 L113.11.C.xx1v.xxv.

26 191 81 222 ,tes
105 182 216 214 Socios
244 181 280 212 *in
315 181 459 212 ordinem
489 187 584 222 cogat
601 202 610 216 ,
639 178 711 220 quid
735 177 889 218 superest,

33 233 122 265 quam
140 232 174 254 ut
191 222 314 263 fingulae
340 222 516 254 Provinciae
528 245 537 259 ‚
560 220 649 253 licuti
668 219 739 251 sunt
758 219 799 251 sui
815 220 891 259 juris

31 265 64 298 in
81 264 172 296 rebus
189 263 365 296 Provincia:
381 262 462 300 suae,
485 263 529 293 ita
546 263 639 293 etiam
657 260 715 293 lint
737 261 767 292 in
787 262 891 299 rebus,

26 301 70 338 'ad
84 313 252 336 commun:
268 304 382 337 Foedus
405 303 646 345 pertinentibus.
680 302 778 347 Quod
800 312 891 343 quam

31 346 69 380 fit
84 346 217 385 inutile,
242 346 271 378 ἃ
292 347 328 378 ad
347 346 585 387 Rempublicam
608 343 794 384 perdendam
823 353 891 374 vcr-

31 395 102 430 gat,
127 396 220 419 nemo
237 387 301 425 est,
325 388 378 428 qui
402 397 466 418 non
492 385 657 426 intelligat.
703 383 810 426 Apage
829 384 893 415 Gu-

27 430 230 467 bernatores,
253 430 274 461 11
299 429 413 470 absqu:
437 428 474 459 iis
502 426 692 468 Respublica
723 425 806 458 salva
831 425 892 457 cll'e

604 524 879 560 CAPU

1728 106 1794 144 287

933 176 1048 216 possit,
1070 174 1141 214 sed,
1163 184 1200 207 ut
1224 175 1315 218 possit
1328 198 1339 214 ‚
1361 176 1453 209 semel
1483 180 1628 211 omnibns
1656 179 1798 210 131010111-

935 219 976 251 tis
995 218 1119 259 placeat
1132 227 1216 249 nova
1238 217 1428 249 conciliandi
1445 217 1600 258 formula,
1623 231 1692 262 qun„=
1712 229 1800 260 pote-

935 258 1046 303 statem
1072 257 1334 292 auctoritatemve
1361 257 1617 292 Gubernatorum
1650 261 1800 302 suppleat.

935 301 968 333 Si
995 310 1030 332 tu
1058 308 1172 341 putes,
1198 301 1278 333 hanc
1298 300 1394 341 magis
1420 299 1616 341 sperandam,
1640 311 1731 342 quam
1749 311 1800 333 cx-

937 341 1129 383 schtandam
1145 341 1227 381 effe,
1251 351 1310 383 ego
1328 348 1456 383 putem,
1481 351 1544 374 non
1569 341 1688 382 {emper
1710 341 1797 373 adfu-

938 392 1043 415 turum
1075 383 1137 411 Θεὶν
1163 385 1222 413 doro*
1250 391 1291 417 τῆς
1313 387 1426 420 μηχανὴ
1445 405 1457 423 ,
1481 384 1535 426 qui
1561 382 1799 423 Rempublicam

936 425 1042 458 servet
1058 423 1261 458 incolumem.

930 525 965 560 T
1062 522 1227 559 XXV.

713 612 822 648 Variae
848 610 1107 662 Qgraestitrnczrlae.

25 709 55 747 Ἰ.
158 709 226 741 ecte
253 709 336 741 dixit
358 707 492 742 Grotius
516 712 550 742 de
577 711 654 752 Jnre
680 712 711 743 B.
735 711 771 746 ὃ
790 712 827 744 Ρ.
852 711 892 743 L.

22 756 28 797 f
175 751 214 783 ΙΙ.
239 752 270 783 C.
296 762 324 797 ρ.
352 750 381 792 §.
405 762 434 792 3.
459 754 508 793 J'us
526 753 640 794 Populi
658 763 721 785 non
738 753 893 791 delicere,

7 832 10 836 ⁴
29 795 85 828 nili
108 793 236 826 deficiat
261 795 326 834 iple
350 794 497 833 Populus.
544 793 658 826 Forma
678 803 782 826 autem
802 794 892 836 Regi-

23 836 122 878 [minis
139 842 258 867 mutata
273 844 338 866 non
354 843 495 866 mutatur
512 835 574 878 ipse
591 835 740 878 Populus.
776 835 893 868 Eadem

19 878 140 919 ,utique
157 877 347 918 Respublica
364 875 427 915 est,
452 877 594 917 quamvis
615 887 697 909 nunc
714 878 796 916 hoc,
811 886 895 908 nunc

13 919 92 951 salio
117 918 213 951 modo
237 927 382 959 regatur:
407 918 550 958 alioquin
576 919 698 950 diceres
716 942 726 956 ‚
759 919 896 959 Rempu-

27 960 144 993 blicam
165 960 197 992 in
216 958 316 994 statu,
341 969 405 1000 quo
427 969 509 992 nunc
529 958 593 998 est,
617 960 793 993 exsolutam
812 959 896 991 vide-

27 1002 55 1035 ri
70 1001 168 1042 pastis
184 1001 214 1033 δι
229 1001 363 1038 debitis,
387 1002 419 1032 in
438 1001 501 1032 alio
519 999 600 1032 statu
618 1000 798 1032 contraffis.
844 999 897 1031 De

28 1043 142 1076 debitis
167 1042 198 1074 id
222 1042 327 1073 dicere
354 1050 416 1072 non
443 1042 557 1079 licere,
582 1040 742 1073 consentit
760 1040 895 1073 Grotius

20 1082 60 1127 st.
83 1084 124 1116 L.
148 1083 189 1115 ΙΙ.
221 1083 252 1114 C.
275 1092 306 1119 9.
331 1082 359 1124 ᾗ.
384 1088 413 1117 8.
436 1092 465 1113 n.
490 1093 522 1125 3.
547 1081 598 1113 De
623 1083 721 1124 pactis
747 1090 785 1114 ut
811 1083 894 1114 idem

21 1126 186 1168 dicamus,
210 1123 340 1162 eadem,
365 1133 435 1164 quae
453 1124 485 1156 in
505 1123 622 1156 debitis
641 1123 895 1166 obtinet,⁴ratio

29 1165 223 1210 persuaserit.
271 1164 352 1196 Cum
382 1173 485 1197 tamen
519 1166 603 1198 inter
620 1165 797 1197 Henricum
822 1164 895 1196 Vll.

23 1207 149 1250 Angliae
167 1206 303 1248 Regem,
330 1206 359 1238 δε
378 1206 556 1247 Philippum
568 1229 578 1245 ,
601 1207 815 1238 Archiducem
831 1207 893 1238 Au-

22 1247 111 1284 'striae
127 1248 157 1291 §.
186 1258 233 1288 14.
260 1247 348 1279 Pacis
368 1258 416 1287 24.
439 1247 529 1279 Febr.
552 1257 643 1288 1495.
667 1247 684 1289 (
699 1248 740 1290 1)
756 1257 818 1280 tam
834 1256 893 1289 pro

21 1281 162 1332 ιΑῐ1ς113,
183 1299 274 1331 quam
306 1289 409 1330 Belgis
438 1290 654 1328 convcniffec,
677 1298 713 1320 ut
731 1290 894 1329 utriusque

22 1331 165 1366 'subditis
179 1332 290 1362 liceret
308 1332 411 1371 ubiqzee
430 1331 489 1366 ire,
507 1333 652 1373 navigare
662 1353 673 1369 ,
698 1331 790 1362 PER
809 1329 894 1362 MA-

23 1368 94 1415 ·RE
123 1371 305 1404 SECURE
340 1371 530 1403 HSCARI
550 1368 653 1413 absiste
680 1373 776 1413 aliquo
807 1374 894 1412 irnpe-

28 1417 177 1452 dinemo,
201 1414 324 1444 licentia
332 1413 484 1454 sersfel-eo
506 1413 672 1451 Conduxi-tc,
695 1413 789 1454 Angli
807 1413 893 1444 dein-

23 1453 90 1496 de,
113 1455 245 1488 liberam
267 1453 406 1495 piscandi
426 1454 606 1486 libertatem
627 1455 732 1496 Belgis
751 1455 894 1486 inviden-

23 1502 94 1539 tes,
118 1497 193 1528 huic
222 1495 294 1527 Paci
320 1493 400 1526 stare
427 1496 616 1536 noluerunt,
640 1505 735 1536 atque
769 1496 792 1528 fi
815 1495 897 1528 fasta

27 1539 105 1572 ess'ct
121 1547 194 1570 cum
213 1537 276 1568 alio
293 1536 439 1578 Principe
455 1559 464 1574 ‚
489 1547 562 1569 cum
581 1537 761 1570 Archiduce
783 1547 896 1579 nempe

22 1580 162 1621 {Austriae
174 1602 184 1617 ,
206 1588 272 1611 non
288 1587 366 1609 vcro
381 1587 453 1610 cum
480 1578 652 1611 Ordinibus
679 1578 896 1611 Generalibus.

28 1622 171 1656 Omnino
194 1629 382 1662 perperam3
408 1620 438 1652 δε
460 1627 564 1652 tamen
593 1619 702 1662 saepius
729 1621 772 1652 ita
802 1619 896 1662 Angli

24 1662 176 1705 2adversus
201 1663 229 1693 d.
256 1661 285 1703 §.
312 1670 360 1702 14.
385 1661 527 1693 cavillati
549 1661 640 1701 sunt,
665 1670 753 1693 mota
781 1662 894 1694 identi-

29 1706 99 1738 dem
119 1703 300 1736 horninibus
315 1701 429 1735 nostris
446 1703 485 1734 de
510 1702 685 1744 piscatione
705 1711 892 1735 controver-

24 1746 70 1788 {fia
91 1745 174 1787 (2).
201 1744 347 1786 Cumque
373 1745 448 1776 alias
471 1745 597 1786 plurimi
618 1744 665 1786 ὃς.
690 1755 730 1776 ex
754 1755 790 1776 ea
811 1744 893 1777 Pace

33 1797 137 1830 1495,
160 1787 190 1818 in
213 1785 407 1828 fsquentium
428 1794 607 1832 temporum
624 1788 720 1819 Paccs
741 1796 814 1818 cum
831 1786 895 1818 An-

23 1829 30 1843 ’
51 1830 103 1862 liae
123 1827 262 1870 Regibus
277 1827 394 1866 factm,
417 1827 538 1859 fuerint
556 1828 755 1870 transcripti,
780 1827 835 1860 ille
853 1836 896 1859 ta-

24 1839 102 1911 ἐτεη
118 1869 148 1911 §.
176 1879 225 1911 14.
249 1878 406 1910 nunquam
423 1869 535 1900 deinde
551 1870 704 1910 repetitus
720 1869 794 1901 fuit.
839 1868 896 1901 Ni-

22 1912 202 1961 lhilominus
222 1910 345 1951 Belgae,
371 1919 406 1940 uc
429 1919 484 1950 par
506 1909 569 1947 cst,
595 1919 728 1942 utuntur
753 1920 789 1941 ea
804 1910 896 1943 libcr-

24 1962 96 1996 ‘tate
115 1951 276 1994 piscandi,
303 1952 333 1983 ἃ
351 1959 480 1982 utentur
496 1952 524 1982 in
548 1951 705 1992 posterum
717 1974 728 1990 ‚
751 1952 900 1993 quamdiu

25 1993 215 2028 ,Foederibus
241 1992 292 2024 sua
315 1991 472 2024 constabit
504 1993 602 2024 fides„
647 1993 752 2025 Etiam
785 1992 898 2024 Daniae

24 2034 100 2074 ⁴,ch
126 2034 300 2068 Ordinibus
326 2033 534 2066 Generalibus
563 2034 687 2066 servare
713 2034 818 2066 noluit
845 2034 899 2065 Pa-

32 2077 118 2110 etum
143 2077 308 2118 spir-ense,
335 2085 408 2106 cum
434 2075 626 2116 Imperatore
643 2075 761 2108 Carolo
782 2075 821 2107 V.
840 2085 899 2116 pro

30 2118 136 2159 Belgis
151 2117 266 2150 initum
284 2116 301 2158 (
312 2117 381 2158 3),
403 2117 512 2148 cadem
531 2116 656 2158 prorsus
677 2117 819 2155 ratione,
839 2126 900 2158 qua

33 2159 127 2200 Angli
145 2158 222 2190 stare
237 2159 385 2190 nolebant
400 2160 429 2190 cl.
454 2157 482 2230 ἱ
512 2168 524 2190 1
605 2159 687 2206 Quae
716 2158 788 2190 ideo
811 2158 898 2190 omni

34 2210 99 2242 quo
123 2209 161 2232 ue
188 2199 297 2231 colore
319 2199 385 2230 veri
413 2200 465 2231 del
483 2200 683 2238 metuantur,
708 2201 782 2241 quia
805 2199 898 2231 ambo

32 2242 88 2274 illa
133 2241 199 2272 acta
219 2249 281 2272 non
307 2249 394 2272 erant
412 2241 490 2278 inita
513 2241 569 2273 nisi
587 2251 644 2283 pro
664 2241 735 2282 ipsis
752 2241 899 2274 subditis:

27 2292 136 2325 ,neque
155 2281 239 2313 enim
258 2281 421 2322 Philippus
439 2281 600 2322 Aristi-ius,
624 2283 778 2325 piscatum
797 2282 901 2314 enavi-

31 2328 34 2330 ’
55 2333 183 2361 aturus,
206 2322 260 2355 fibi
279 2323 457 2354 libertatem
481 2322 620 2365 piscandi
643 2325 823 2366 pepigerat,
847 2331 901 2355 aut

27 2396 31 2402 ,
84 2365 170 2398 rolus
194 2364 233 2396 V.
259 2374 312 2406 per
340 2363 469 2396 Fretum
501 2365 657 2397 Balticum
686 2374 900 2403 mercaturus,

25 2406 91 2449 [fibi
108 2405 330 2448 prospexerat,
355 2415 394 2437 110
412 2406 517 2437 nimiis
532 2406 739 2448 vectigalibus
758 2415 901 2438 onerare-

36 2456 97 2482 tur.
142 2447 224 2481 ]llud
242 2456 344 2478 tamen
362 2447 489 2478 Paetum
504 2448 650 2488 Spirenl'e
663 2447 800 2480 obtineri
817 2447 901 2479 dein-

23 2489 75 2536 fde
91 2499 157 2522 non
180 2489 312 2530 potuit,
336 2488 399 2520 five
421 2489 462 2519 ob
488 2488 568 2521 hanc
580 2512 592 2528 ‚
615 2489 678 2521 five
697 2489 739 2520 ob
758 2488 833 2521 alias
854 2497 899 2519 ra-

9 2531 208 2570 x,tiunculas,
233 2541 257 2562 ae
284 2539 322 2560 ue
340 2539 503 2570 perperam
523 2531 551 2562 ei
573 2530 729 2567 obmotas.

28 2571 34 2613 ζ
79 2572 120 2605 11.
143 2572 267 2618 Quema
290 2570 419 2603 modum
451 2580 583 2613 utraque
600 2571 696 2604 Curia
715 2570 899 2604 Hollandiae

26 2612 233 2654 ,facinorosos
255 2612 328 2644 suos
351 2613 445 2644 etiarn
464 2613 611 2654 deportat
637 2623 676 2646 ex
705 2613 840 2645 Ditione
858 2612 901 2643 U-

37 2655 201 2689 trechtana
213 2653 274 2692 ‚lic
290 2654 320 2686 ὅς
336 2652 430 2686 Curia
448 2653 643 2686 Utrechtana
661 2655 808 2697 deportat
830 2653 902 2686 suos

25 2694 79 2729 lex
98 2704 168 2728 tota
183 2696 278 2728 etiam
298 2694 480 2728 Hollandia.
525 2695 609 2728 Cum
627 2704 732 2728 autem
750 2705 844 2728 nemo
863 2706 901 2727 ex

26 2735 140 2783 {alieno
167 2735 305 2777 Imperio
330 2736 384 2779 vel
406 2737 571 2769 territorio
597 2737 690 2779 possit
713 2737 900 2778 deportare,

27 2806 32 2812 .
58 2778 202 2811 ‘uaefitum
221 2777 267 2809 est
279 2799 290 2815 ,
313 2786 376 2817 quo
391 2777 460 2818 jure
475 2779 506 2810 id
524 2779 682 2820 utrimque
694 2779 775 2811 fiat?
798 2779 842 2811 Et
856 2779 901 2810 vi-

31 2855 35 2859 ,
60 2830 99 2852 eo
113 2819 284 2862 provocari
303 2817 380 2859 (4)
395 2819 432 2850 ad
449 2819 568 2861 Legem
588 2820 697 2852 Caroli
714 2821 755 2852 V.
773 2830 834 2862 qua
850 2830 897 2861 17.

30 2859 113 2904 ‚Apu
140 2870 232 2902 1534.
257 2859 330 2901 (5)
364 2859 569 2893 Hollandiam
592 2871 664 2893 cum
694 2860 829 2894 Ditione
856 2864 899 2895 U-

30 2902 203 2942 *trechtana
222 2903 327 2940 unire,
353 2900 384 2932 &
403 2899 459 2932 sub
472 2911 535 2934 uno
554 2901 691 2944 Imperio
708 2904 900 2946 conjungere

77 3042 140 3079 (1)
162 3041 241 3078 Cor-ps
256 3042 452 3078 Diplomatique
468 3042 554 3070 Tom.
577 3044 627 3071 111.
648 3043 723 3072 Part.
747 3052 773 3072 2.
795 3052 822 3073 11,
847 3052 910 3079 171.

32 3088 35 3107 ῑ
81 3082 142 3118 (2)
161 3081 236 3109 Vide
250 3082 381 3110 Aitzema
396 3078 499 3117 Histor.
511 3080 557 3109 ⁷1..
576 3082 599 3109 Ι.
619 3090 647 3118 p.
671 3081 716 3111 26.
729 3081 756 3110 δι
771 3091 817 3117 32.
833 3081 860 3111 ἃ
874 3083 910 3112 L.

44 3120 126 3149 XVI.
148 3128 177 3156 p.
200 3126 264 3154 277.
285 3119 311 3147 ἃ.
327 3121 390 3152 278.
414 3118 440 3146 ἃ
457 3119 533 3147 alibi.

82 3157 144 3193 (3)
164 3155 386 3192 Apudeuudem
402 3157 438 3184 L.
460 3157 569 3194 XXIV.
590 3160 618 3194 p.
639 3161 790 3193 650-660.
811 3166 813 3168 ’

83 3196 146 3232 (4)
168 3203 194 3223 a.
214 3195 350 3225 Mattheo
368 3195 399 3224 de
420 3195 584 3225 Criminibus
597 3197 632 3226 L.
654 3197 786 3225 XLVHI.
807 3197 844 3225 T.
866 3204 912 3225 20.

937 707 1164 748 constituerat,
1188 709 1219 740 <Sc
1239 707 1309 740 sane
1329 708 1389 740 hoc
1408 708 1450 740 ibi
1472 708 1604 740 totidem
1618 707 1722 739 verbis
1741 704 1804 738 11111-

937 751 1028 782 citur.
1075 751 1135 782 Sed
1159 760 1255 792 quum
1284 750 1339 782 illa
1364 750 1546 790 conjunctio
1567 759 1629 781 non
1653 748 1802 781 succell'e-

937 792 997 831 rit,
1022 800 1152 833 oportet
1169 792 1263 823 etiam
1281 791 1376 823 cell'ct
1394 792 1461 831 ejus
1478 791 1707 832 conjunctionis
1727 789 1803 820 effc-

938 834 1007 865 ctus
1019 856 1027 870 ,
1052 842 1088 864 ut
1106 833 1223 865 ccll'ant
1240 833 1356 873 reliqua
1373 833 1497 872 onmia,
1521 843 1588 874 qua:
1604 833 1642 864 de
1658 832 1711 865 illa
1727 840 1803 862 con-

937 875 1100 916 junctione
1120 875 1164 906 ibi
1182 874 1298 906 sancita
1320 874 1400 906 sunt.
1447 873 1521 906 Inde
1538 875 1635 915 igitur
1652 872 1803 905 arcell'cre

938 917 1029 948 illum
1046 926 1165 948 morem
1175 938 1186 954 ‚
1204 915 1276 947 satis
1293 923 1396 947 tutum
1412 914 1474 946 ess'e
1487 925 1549 948 non
1568 916 1701 947 videtur.
1716 913 1804 958 Quid

939 959 961 990 fi
980 958 1085 998 potius
1103 957 1133 988 id
1151 958 1199 997 jus
1216 957 1395 988 derivemus
1413 966 1454 988 ex
1479 957 1563 997 Lege
1587 955 1803 989 Maximiniani

938 998 1072 1039 Augusti
1089 1021 1100 1037 ‚
1123 1008 1183 1039 qua
1198 1007 1280 1029 anno
1310 1003 1399 1039 1183.
1424 998 1730 1070 (6ἰυῑ100111111113
1757 997 1803 1028 in-

939 1040 1069 1072 terdixit
1083 1063 1093 1079 ‚
1117 1049 1157 1071 ne
1176 1048 1253 1078 eos,
1277 1048 1355 1079 quos
1372 1039 1467 1070 Curia
1507 1039 1668 1071 Iollandiae
1690 1040 1720 1071 in
1739 1038 1805 1071 exi-

937 1081 1017 1113 lium
1045 1080 1216 1113 damna'ss'et
1232 1103 1243 1120 ‚
1277 1081 1309 1111 in
1342 1080 1461 1112 Urbem
1494 1079 1576 1111 suam
1603 1079 1804 1122 reciperent?

937 1123 998 1155 Sed
1012 1121 1143 1154 fortasse
1167 1132 1205 1155 ex
1226 1131 1262 1153 ea
1279 1120 1365 1163 Lege
1384 1121 1468 1153 recle
1487 1120 1651 1160 effeceris,
1675 1121 1804 1154 Curiam

939 1164 1123 1196 Hollandiae
1151 1164 1247 1195 etiam
1272 1172 1313 1194 ex
1336 1162 1471 1196 Ditione
1495 1162 1692 1194 Uti-celitana
1717 1163 1803 1204 poss‘e

936 1206 1123 1247 deportare,
1148 1204 1198 1237 sed
1225 1203 1400 1236 nonwe’Gte
1423 1203 1568 1236 effeceris
1585 1228 1595 1243 ‚
1621 1205 1714 1236 ctiam
1742 1204 1802 1236 Cu-

937 1248 1015 1279 riam
1034 1246 1262 1278 Utrechtanam
1275 1246 1360 1277 reste
1373 1246 1540 1288 deportare
1559 1255 1599 1277 ex
1618 1245 1801 1277 Hollandia.

938 1288 973 1320 In
986 1288 1118 1320 Foedere
1135 1289 1351 1320 Romanorum
1369 1297 1443 1320 cum
1460 1287 1622 1319 Antiocho
1637 1287 1806 1321 convenit.

938 1331 1099 1362 Romanos
1123 1330 1231 1362 exules
1251 1329 1430 1360 Antiochus
1450 1338 1489 1360 ne
1510 1330 1683 1370 reciperet,
1709 1337 1743 1359 ut
1760 1327 1806 1360 est

938 1371 1019 1414 apud
1039 1371 1210 1413 Polybium
1236 1370 1380 1411 Excerpe.
1406 1370 1517 1412 Legat.
1547 1371 1578 1402 C.
1604 1370 1753 1402 XXXV.
1772 1380 1804 1402 n.

937 1424 967 1454 4.
987 1413 1047 1445 Sed
1067 1422 1139 1444 cum
1159 1422 1195 1443 ea
1211 1411 1316 1453 patrio
1337 1421 1402 1444 non
1422 1412 1500 1443 ess'et
1516 1420 1648 1449 mutua,
1671 1411 1806 1443 Romani

939 1455 1049 1496 utique
1069 1462 1217 1495 poterant
1239 1454 1380 1494 recipere
1405 1453 1512 1485 exules
1535 1453 1698 1485 Antiochi.
1746 1452 1804 1485 Ni-

939 1496 985 1528 hil
1007 1496 1104 1537 igitur
1127 1496 1230 1527 adhue
1255 1493 1428 1534 succurrit,
1454 1504 1517 1536 quo
1537 1493 1705 1527 defendam
1724 1493 1807 1526 Hor<

939 1537 1102 1570 landorum
1118 1537 1149 1569 &
1167 1535 1439 1569 Utrechtanorum
1455 1546 1561 1578 parem
1578 1537 1636 1568 hac
1650 1536 1683 1568 in
1702 1545 1736 1568 re
1751 1546 1806 1577 po<

940 1578 1106 1617 testatem,
1131 1588 1225 1620 quam
1247 1577 1314 1610 solo
1330 1577 1393 1610 usu.

981 1619 1037 1653 III.
1073 1620 1120 1652 Ut
1147 1630 1211 1652 non
1236 1619 1379 1650 omnium
1406 1620 1614 1661 Imperiorum
1632 1644 1642 1659 ‚
1682 1619 1723 1652 sse
1751 1629 1811 1651 nec

938 1662 1080 1695 omnium
1096 1661 1277 1704 Principum
1290 1659 1387 1700 justus
1402 1661 1447 1693 est
1467 1662 1587 1694 titulus.
1612 1661 1704 1693 Unde
1745 1671 1808 1693 uae-

937 1704 1030 1737 fitum
1052 1702 1115 1742 est,
1139 1713 1177 1735 an
1203 1702 1331 1734 valeant
1351 1702 1418 1734 afta
1441 1702 1523 1745 gesta
1539 1703 1624 1743 ejus,
1650 1704 1702 1743 qui
1738 1712 1809 1734 orte
1857 1720 1861 1724 -

937 1745 1110 1786 Imperium
1127 1744 1257 1783 invasit,
1281 1743 1449 1776 deturbato
1467 1745 1612 1787 legitimo
1634 1744 1809 1786 Principe?

939 1787 983 1820 Et
1005 1786 1112 1825 forte,
1158 1786 1222 1818 uod
1245 1785 1318 1826 Jure
1333 1785 1476 1818 Romano
1498 1786 1616 1827 placuit
1632 1786 1672 1817 de
1689 1785 1810 1818 servan-

939 1829 987 1861 dis
1005 1828 1080 1860 actis
1097 1837 1134 1869 ge
1166 1828 1190 1860 is
1215 1826 1354 1859 Barbarii
1372 1826 1510 1870 Philippi
1524 1850 1536 1866 ,
1560 1826 1640 1859 servi
1658 1827 1811 1869 fugitivi,
1836 1829 1837 1832 ’

941 1871 973 1902 &
996 1877 1101 1901 tamen
1127 1869 1277 1901 Praetoris
1294 1891 1304 1906 ,
1339 1868 1381 1899 ob
1407 1870 1577 1901 utilitatem
1603 1868 1763 1909 publicam
1778 1869 1812 1902 in

942 1909 1013 1953 ipfis
1030 1910 1227 1952 Principibus
1243 1918 1369 1950 quoque
1385 1910 1508 1951 placere
1525 1909 1639 1951 potest.
1677 1910 1765 1954 Quin
1781 1911 1813 1942 δε

942 1954 988 1985 ita
1003 1951 1088 1983 forte
1108 1950 1348 1993 intelligendum
1362 1974 1372 1989 ‚
1397 1952 1482 1991 quod
1498 1951 1599 1983 exstat
1613 1952 1643 1983 in
1657 1951 1719 1992 fine
1736 1952 1754 1983 l.
1781 1963 1810 1993 3.

936 1994 979 2036 ff.
997 1996 1030 2025 de
1051 1992 1138 2035 OffiC.
1157 1994 1246 2025 Praet.
1276 1990 1362 2034 Quod
1374 1992 1424 2034 jur
1444 1994 1531 2024 multo
1549 1995 1644 2035 magis
1663 1996 1696 2024 in
1716 1993 1809 2034 Impe-

941 2042 1035 2068 rator-e
1050 2035 1253 2076 obstrvandum
1269 2039 1320 2078 est.
1364 2034 1567 2066 subditorum
1585 2034 1630 2066 est
1650 2035 1744 2066 etiam
1762 2038 1808 2066 in-

939 2077 1028 2119 justis
1044 2076 1241 2118 Principibus
1256 2085 1383 2116 parere,
1409 2076 1438 2107 &
1453 2085 1564 2107 eorum
1587 2075 1664 2116 jussa
1678 2077 1812 2117 capesse-

942 2129 986 2151 re.
1031 2117 1130 2149 Recte
1144 2118 1182 2149 ad
1197 2117 1366 2150 Tiberium
1384 2117 1436 2149 M.
1460 2117 1633 2150 Terentius
1648 2118 1729 2159 apud
1750 2117 1814 2149 Ta-

942 2161 1042 2193 citum
1063 2159 1102 2191 L.
1128 2159 1185 2191 VI.
1209 2158 1326 2191 Annal.
1354 2159 1387 2189 C.
1412 2163 1442 2193 8.
1469 2158 1698 2200 Tibifiwcmum
1715 2169 1812 2190 rernm

937 2203 1084 2245 judicium
1110 2200 1168 2233 Dii
1191 2201 1313 2240 dedere,
1343 2201 1423 2231 nohis
1440 2199 1561 2242 obsequii
1585 2201 1683 2243 gloria
1707 2200 1813 2232 relic‘la

941 2241 990 2285 est.
1037 2242 1154 2275 Similis
1179 2241 1223 2273 est
1249 2242 1371 2281 oratio,
1404 2240 1454 2273 scd
1475 2242 1615 2284 perfida,
1639 2241 1748 2273 Husaei
1776 2242 1815 2273 ad

941 2283 1132 2317 Absalonem
1154 2283 1198 2316 II.
1227 2284 1355 2315 Samuel.
1373 2284 1405 2315 C.
1436 2286 1484 2314 16.
1509 2283 1537 2324 ᾗ.
1567 2288 1615 2318 18.
1640 2282 1669 2316 se
1691 2283 1813 2315 seilicet

941 2326 1008 2367 ejus
1031 2325 1111 2364 esse,
1133 2331 1227 2367 quem
1245 2325 1334 2357 Deus
1357 2325 1387 2357 δε
1410 2324 1552 2366 Populus
1567 2325 1708 2365 elegerit.
1754 2324 1812 2356 l-'u-

943 2368 1028 2399 blice
1051 2367 1148 2408 igitur
1170 2367 1318 2408 expedit,
1352 2373 1386 2397 ut
1412 2366 1477 2397 ada
1501 2366 1531 2398 ὅ(
1560 2366 1647 2407 patra
1667 2375 1815 2406 quorum-

943 2418 1068 2450 cunque
1082 2408 1265 2449 Principum
1288 2407 1459 2438 habeantur
1472 2414 1556 2446 rata,
1580 2407 1725 2448 exceptis
1742 2405 1789 2437 his
1800 2430 1811 2446 ‚

943 2460 1013 2492 quae
1040 2450 1226 2490 occupando
1250 2449 1302 2480 vel
1326 2447 1526 2479 defendendo
1553 2447 1649 2488 impie
1675 2447 1813 2488 Imperio

943 2490 1065 2523 causam
1081 2491 1294 2531 praebuerunt.
1336 2489 1514 2521 Secundum
1528 2488 1597 2520 haee
1614 2489 1644 2520 in
1660 2489 1816 2530 plerisque

940 2532 1078 2573 Legibus
1093 2531 1146 2563 sub
1166 2531 1262 2563 Titulo
1279 2531 1344 2562 Cosl.
1373 2530 1477 2561 Theoti.
1501 2531 1534 2561 cle
1549 2529 1736 2570 infirmandis
1749 2531 1811 2569 his,

940 2572 1064 2615 quaeficb
1082 2572 1230 2614 Tyrarzrzis
1246 2578 1298 2603 aut
1313 2571 1454 2603 Bar-baris
1468 2569 1550 2614 gesta
1558 2575 1651 2613 sum,
1673 2581 1736 2603 11011
1745 2581 1812 2603 om-

943 2615 995 2647 nia
1011 2614 1195 2654 injustorum
1210 2613 1393 2654 Principum
1414 2613 1481 2644 asta
1498 2612 1736 2649 rescinduntur,
1763 2612 1814 2644 sed

945 2665 982 2687 ea
1004 2656 1158 2687 duntaxat
1168 2678 1179 2694 ,
1198 2665 1273 2697 quae
1287 2664 1342 2696 per
1365 2653 1462 2687 solam
1478 2654 1623 2694 iniuriam
1641 2653 1814 2685 constituta

944 2697 1028 2729 sunt.
1062 2697 1115 2729 Sic
1130 2696 1174 2729 est
1192 2697 1222 2728 in
1239 2697 1259 2727 l.
1288 2707 1315 2727 2.
1339 2706 1370 2738 3.
1396 2695 1475 2734 &5-
1500 2697 1529 2727 cl.
1557 2695 1616 2726 Tit.
1642 2704 1711 2726 nam
1727 2694 1812 2733 qued

944 2739 1051 2771 omnia
1067 2737 1248 2770 Heracliani
1269 2736 1424 2769 rescindat
1440 2738 1460 2768 l.
1488 2746 1534 2778 13.
1563 2736 1638 2768 Eod.
1662 2736 1694 2766 in
1713 2734 1813 2767 Hera-

935 2780 1048 2811 .cliano
1072 2781 1204 2812 omnino
1229 2779 1380 2821 singulare
1405 2777 1460 2810 est.
1504 2781 1552 2809 An
1576 2776 1817 2808 Cromwclliani

942 2823 975 2854 in
992 2821 1102 2863 Anglia
1118 2821 1200 2862 apud
1223 2820 1374 2852 Carolum
1397 2818 1435 2850 II.
1461 2828 1501 2849 ex
1523 2818 1624 2849 forma
1639 2817 1813 2857 nuperrimi

945 2871 1021 2895 tunc
1044 2862 1171 2904 Imperii
1195 2862 1278 2893 recte
1301 2860 1330 2892 se
1344 2859 1565 2896 defenderint,
1586 2867 1644 2889 nec
1665 2857 1812 2898 disputo,

943 2914 1003 2936 nec
1024 2904 1168 2943 defini03
1200 2910 1288 2935 certe
1312 2902 1350 2933 iis
1375 2910 1456 2932 anno
1487 2903 1575 2931 1660.
1600 2897 1814 2973 dcfcnfioFem

1747 2951 1815 2973 uam

953 3044 986 3120 ξ.
1008 3053 1034 3079 3.
1054 3053 1083 3073 n.
1107 3052 1132 3079 7.
1154 3043 1180 3072 δε
1197 3050 1254 3071 van
1269 3041 1345 3069 Zurk
1366 3038 1427 3068 Cael.
1449 3040 1547 3069 Ratav.
1568 3041 1645 3068 verbo
1666 3039 1812 3082 nallingen

1078 3119 1154 3148 Plac.
1175 3100 1225 3148 111}
1248 3126 1273 3146 1.
1296 3125 1320 3145 1.
1344 3123 1388 3150 17.

993 3092 1056 3157 (¹3)
1206 3155 1210 3158 .

994 3161 1032 3195 (6
1040 3164 1053 3196 )
1074 3158 1220 3191 Memorat
1234 3164 1296 3185 eam
1311 3155 1417 3191 Legem
1431 3154 1578 3200 Mattheus
1591 3154 1617 3183 d.
1638 3155 1698 3184 laco.
