2008 3436
191 118 260 153 300
391 118 396 122 ·
515 105 554 140 F.
627 105 668 141 C.
745 99 1116 139 CONRADI
1189 97 1625 134 PRAEFATIO.

189 204 227 229 ut
248 203 378 228 novum
397 192 452 239 jus
472 204 491 228 a
516 193 677 239 principe
696 192 775 233 suo,
801 200 900 225 more
923 189 1006 224 alias
1029 196 1166 233 quoque
1191 184 1252 220 fibi
1281 185 1443 220 familiari
1461 185 1686 221 constitutum
1707 183 1838 220 referre
1854 187 1947 226 vide.
1978 210 1981 212 -
2002 212 2005 222 s

185 252 289 279 retur.
342 241 530 289 Interjecla
546 242 655 289 igitur
673 241 774 276 unica
790 237 998 286 digreffione
1022 238 1066 271 ad
1091 236 1110 269 l.
1140 247 1171 270 1.
1201 233 1243 274 ἐξ
1268 235 1289 269 l.
1318 246 1348 269 2.
1387 235 1432 269 D.
1460 235 1496 269 de
1519 236 1569 269 his
1593 246 1659 280 quae
1681 243 1763 280 poen.
1791 235 1875 282 caus.
1901 249 1948 274 η».

188 293 263 337 li'nq.
294 303 435 327 ornnem
451 291 635 338 Justiniani
651 289 845 325 doctrinam
867 289 901 322 in
919 288 947 322 d.
970 286 1000 333 §.
1018 287 1076 320 ult.
1095 282 1171 329 inst.
1198 283 1242 318 ad
1259 283 1389 330 singula
1416 284 1533 327 capita
1560 283 1764 330 quibusdam
1787 285 1947 333 Paragra.

187 343 250 387 pni
268 336 385 376 verbis
407 341 635 387 praescriptis,
662 337 862 385 diligentius
889 334 1051 376 excuffic,
1085 332 1252 380 aliterque
1267 344 1369 379 quam
1394 332 1435 368 fit
1456 333 1586 378 vulgo,
1612 332 1736 380 legatis
1753 343 1862 378 poenae
1885 346 1945 372 no.

187 390 305 433 mine,
332 402 376 426 ex
398 390 570 425 sententia
587 398 744 425 veterum
762 385 972 426 Annorum,
999 384 1097 418 aliter
1126 392 1263 428 quoque
1287 382 1456 428 exemplis
1473 409 1483 424 ,
1508 393 1588 427 quaer
1604 390 1790 417 occurrunt
1806 408 1815 424 ,
1839 385 1948 430 expli.

187 440 299 481 catis3
325 440 419 475 inter
449 449 609 474 veterem
635 447 835 481 novamque
861 431 1177 480 jurisprudentiam
1202 431 1267 466 hac
1288 440 1385 477 parte
1414 442 1480 466 nec
1498 431 1685 477 quidquam
1706 431 1864 467 interesse
1888 434 1947 470 de.

186 489 310 524 crevit.
362 490 485 524 Meum
503 498 570 522 non
593 485 661 528 est,
687 485 742 520 vel
762 481 981 518 Sacratiffimi
998 481 1211 527 Imperatoris
1229 480 1284 514 vel
1314 480 1504 515 'l'riboniani
1523 480 1659 515 causam
1679 478 1737 515 hic
1755 479 1950 520 defenden-

187 538 267 573 dam
288 537 480 583 suscipere,
506 546 568 581 pro
588 546 652 581 qua
669 535 721 569 Ill.
742 532 956 577 Gundlingius
987 529 1022 565 in
1046 528 1236 564 doffiffima
1261 524 1402 581 Dissiut.
1428 529 1472 564 de
1492 529 1654 575 Principe
1677 528 1808 565 herede
1829 541 1873 565 ex
1895 541 1949 569 te.

186 586 358 622 stamento
382 586 514 622 civium
534 611 542 626 ‚
581 585 656 628 Cap.
693 585 726 617 6.
761 580 791 628 §‘
821 591 877 625 32.
911 578 947 614 ἃ
966 589 1073 624 nuper
1091 578 1158 612 Vir
1179 577 1432 615 Celeberrirnus
1452 578 1638 614 Everardus
1654 580 1735 614 Otto
1751 579 1786 614 in
1808 579 1966 627 elegam.

185 635 311 671 tiffimo
334 632 585 670 commentario
603 632 645 667 ad
663 630 899 666 institutiones
927 627 1158 675 Justinianeas
1182 627 1225 660 ad
1242 625 1342 661 istum
1373 625 1408 673 §J
1435 628 1495 662 ult.
1521 628 1556 663 de
1583 629 1720 674 legatis,
1746 628 1882 664 erudite
1898 631 1948 667 di.

183 694 322 720 xerunt.
372 683 507 718 Horum
533 680 608 726 post
639 680 773 715 monita
798 687 965 724 quantum
991 677 1132 711 valeant
1161 685 1252 709 curae
1278 658 1484 719 Ampliffimi
1512 677 1833 721 BYNKERsrronxu,
1857 678 1949 724 judi·

185 743 267 769 cent
296 731 378 775 ipsi,
407 731 532 777 quibus
548 728 700 776 suffragii
722 729 778 774 jus
794 727 861 763 est:
890 726 1090 762 hocsaltem
1109 724 1268 766 videtur,
1293 723 1523 770 Justinianum
1541 751 1550 768 ,
1576 737 1682 772 quum
1698 728 1871 762 incertum
1889 729 1951 765 sae-

183 783 263 828 pius
280 780 363 816 esset
378 807 387 822 ,
411 790 488 826 quae
504 778 570 813 smt
588 780 700 825 legata
715 787 825 824 poenae
841 776 985 811 nomine
1005 772 1145 816 relicla,
1171 781 1315 819 propter
1340 773 1541 821 ambiguam
1567 785 1695 820 poenae,
1722 786 1812 811 nunc
1830 787 1873 811 ex
1898 789 1951 814 ar·

184 832 228 866 tis
247 831 325 872 usu,
352 841 444 864 nunc
463 827 676 874 populariter
697 834 874 871 acceptae,
901 822 1218 871 significationem,
1244 821 1289 856 de
1306 822 1347 857 iis
1359 834 1496 869 quoque
1511 823 1655 870 legatis,
1681 835 1777 871 quae,
1803 824 1866 860 etsi
1878 839 1952 863 non

184 879 248 915 fint
276 889 376 920 vere,
405 877 569 912 videntur
586 885 702 912 tamen
723 874 793 911 effe
812 885 923 921 poenae
943 872 1045 909 causa
1071 870 1183 913 facta,
1208 870 1383 917 agendum
1401 870 1551 915 duxiffe,
1577 872 1633 914 ἃ,
1661 884 1729 919 quo
1748 884 1868 911 omnes
1885 875 1952 912 hac

183 928 230 964 de
252 940 289 964 re
307 925 585 973 scrupulositates
605 936 647 961 ac
668 924 763 960 tricae
789 935 858 959 uno
873 922 942 958 ic‘tu
959 920 1287 968 praescinderentur,
1313 919 1484 963 statuiss‘e,
1510 930 1549 956 ut
1578 923 1737 957 valerent
1755 921 1952 968 hujusmodi

182 976 386 1012 testatorum
418 976 615 1011 voluntates
637 1001 647 1018 ,
682 974 840 1019 exceptis
865 973 927 1015 iis,
962 981 1038 1017 quae
1059 968 1280 1016 impossibilia
1307 968 1403 1012 sunt,
1428 970 1485 1004 vel
1503 969 1637 1016 legibus
1657 971 1841 1007 interdicta
1857 999 1869 1017 ,
1893 982 1952 1009 aut

183 1027 266 1062 alias
283 1026 317 1061 in
337 1025 371 1060 se
390 1023 427 1060 ἃ
443 1032 563 1073 aperte
579 1022 769 1071 probrosa,
795 1021 840 1058 de
869 1021 992 1069 quibus
1007 1019 1116 1055 multa
1132 1016 1394 1066 scrupulositate
1417 1027 1476 1055 aut
1494 1018 1731 1064 disputatione
1749 1019 1953 1060 haerendum

183 1087 255 1113 non
273 1073 370 1111 effet-

231 1173 379 1221 Jamque
402 1172 449 1207 nil
475 1170 604 1214 restat,
637 1171 730 1219 quod
760 1169 846 1207 Tibi
874 1169 1022 1217 amplius
1037 1178 1172 1204 moram
1193 1164 1423 1211 objiciamus,
1448 1167 1561 1202 Leffor
1582 1167 1761 1212 Benevole,
1786 1168 1828 1204 ad
1844 1168 1958 1217 ipsam

184 1220 550 1259 excellentiffimorum
571 1221 727 1268 Operum
754 1219 938 1256 lec‘tionem
962 1217 1065 1255 avide
1090 1214 1264 1263 pergenti.
1320 1215 1558 1264 Quamobrem
1581 1216 1676 1252 Vale
1692 1244 1703 1260 ,
1726 1216 1849 1265 hisque
1867 1219 1956 1256 deli·

183 1272 267 1314 ciis,
300 1271 372 1306 imo
403 1269 440 1305 ἃ
464 1270 555 1318 gazis
580 1269 823 1315 pulcherrimis
847 1278 985 1303 mecum
1016 1275 1116 1302 utere
1133 1292 1144 1308 ,
1171 1263 1284 1298 fruere
1301 1266 1344 1299 ad
1362 1263 1652 1311 Jurisprudentiae
1667 1266 1923 1304 incrementum
1943 1294 1956 1312 ,

183 1329 350 1357 caeterum
369 1319 456 1354 mihi
480 1319 634 1364 meisque
652 1317 771 1354 studiis
793 1316 885 1352 fave.
938 1315 1042 1352 Enim
1064 1325 1170 1357 vem,
1197 1324 1282 1359 quos
1299 1323 1394 1348 coeca
1429 1313 1641 1360 typographi
1670 1325 1792 1351 manus
1815 1315 1852 1351 δι
1867 1317 1957 1363 supi-

183 1381 248 1406 nus
263 1367 527 1404 emendantium
544 1378 638 1403 error
656 1377 715 1403 aut
733 1365 951 1413 negligentia
967 1362 1204 1400 venustiffimo
1219 1361 1301 1397 huic
1318 1361 1562 1408 opusculorum
1577 1363 1716 1409 corpori
1729 1363 1957 1413 ingesserunt,

182 1419 276 1454 naevi
294 1417 490 1463 mendaque
506 1443 516 1459 ,
551 1426 696 1462 quorum
726 1415 813 1452 nihil
845 1414 947 1460 culpa
969 1412 1101 1449 factum
1126 1411 1177 1448 est
1195 1422 1295 1456 mea,
1320 1412 1492 1449 tenebunt
1508 1412 1587 1449 suos
1601 1411 1771 1451 auaores.
1819 1414 1958 1458 Scribe·⁴

179 1467 262 1505 bam
283 1465 530 1514 Vitembergae
553 1464 643 1503 Prid.
669 1465 769 1503 Non.
795 1463 923 1511 Aprilis
948 1472 1146 1518 Mnccxmx.

954 2095 963 2105 ν’
1130 2085 1197 2109 οΧχκὲὲὴ
1343 2106 1345 2108 ,
1406 2093 1411 2107 l

735 2233 737 2235 ’
900 2265 923 2299 ν
1023 2238 1033 2264 ⁵
1052 2209 1055 2287 l
1072 2233 1079 2316 l
1096 2195 1217 2309 Ullus
1416 2232 1444 2248 ’“

1130 2332 1140 2342 ³
1172 2324 1221 2357 Q„
1242 2326 1258 2354 ‘Q
1295 2311 1324 2354 ,ἴθ’

1264 2361 1265 2364 ,
1292 2357 1307 2367 ,,,

1521 2122 1579 2214 Q

1052 2288 1054 2305 l
1061 2283 1062 2302 l

1048 2266 1050 2280 l

1056 2306 1062 2315 n

1041 2360 1070 2380 ,ἶ

1116 2382 1119 2389 η
1140 2383 1147 2386 »
1191 2384 1198 2387 V

1772 3222 1956 3275 coR÷
