2008 3436
303 117 376 156 DE
414 111 690 153 DOM1N10
729 111 916 148 Mrims
958 111 1374 156 DISSERTATIO,
1419 114 1458 149 C.
1485 115 1554 153 IV.

640 243 998 279 CAPUT

1744 127 1815 162 129

1099 243 1189 279 IV.

212 336 366 388 Quoedairz
391 333 491 370 adhuc
515 332 551 366 de
575 333 777 379 occupatione
803 331 844 372 ἐξ
867 330 1046 380 poffeffione
1072 336 1172 368 maris
1189 360 1199 377 ,
1226 340 1357 380 utraque
1383 334 1458 380 quid
1478 331 1627 381 praestet,

711 381 752 422 ᾧ)
779 384 851 418 inde
874 385 948 428 quid
962 381 1130 429 sequatur.

132 493 179 516 uae
196 484 342 516 incientis
358 482 398 514 de
413 480 600 513 dominioM
604 481 664 512 aris
682 480 903 520 indicavimus,

143 526 252 567 procul
270 523 340 556 sunt
356 523 395 555 ab
406 522 647 554 auctoritatibus
663 523 692 554 ἃ
704 521 904 561 testimoniis,

147 566 279 608 repetita
306 566 398 597 unice
432 563 471 596 ab
500 565 622 604 origiue
644 564 775 595 dominii
807 565 837 595 et
856 573 901 595 re-

33 609 134 650 ceptis
151 608 223 649 jure
240 605 393 639 Gentium
411 606 450 638 de
467 605 654 646 acquirenda
670 606 720 636 vel
730 605 902 637 amittenda

31 649 215 694 poiseffione
232 648 359 690 regulis.
384 649 426 680 Et
442 648 495 680 has
516 647 583 679 fere
598 647 710 687 injure
729 646 827 678 Civili
842 647 903 678 Ro-

33 691 197 724 man'orum
213 689 361 722 habemus
371 689 577 736 sc1·iptas,niri
595 689 677 729 quod
691 698 730 719 co
747 688 819 728 Jurc
831 698 901 729 pos-

31 732 191 771 seflionem
217 732 406 763 retineamus
431 731 499 763 iolo
525 731 630 763 animo
647 730 667 761 l.
693 739 724 770 4.
751 730 782 761 C.
807 731 901 760 ‹leac-

51 777 108 806 uir.
132 773 268 809 &retirt
291 772 394 814 poffqff.
420 771 628 814 probantibus
657 771 733 803 illud
751 771 902 811 cujusque

63 816 185 848 ivit-atis
205 815 345 856 legibus,
371 823 501 854 quarum
513 814 611 851 ratio,
638 813 746 854 utique
763 812 901 853 respectu

31 858 148 895 maris,
170 857 251 888 intcr
278 856 421 888 diversos
450 855 589 897 Populos
603 854 740 886 habenda
758 863 820 885 non
839 852 899 884 est:

32 899 228 939 ctuteroquin
245 907 314 938 qua)
330 898 369 928 de
386 897 597 938 occupatione
608 919 619 935 ‚
640 905 708 936 quae
728 895 767 926 de
784 894 900 936 poss'es-

31 941 116 974 sione
144 950 216 972 cum
242 940 336 971 animi
366 947 432 970 tum
461 938 603 979 corporis
625 937 811 974 attulimus,
837 943 900 967 tam

32 981 124 1024 spiss'e
137 991 153 1013 a
169 981 257 1022 JCtis
277 980 425 1012 Romanis
452 978 523 1010 sunt
546 978 689 1019 prodita,
714 987 769 1012 ut,
792 977 812 1008 fi
832 977 900 1008 hacc

32 1023 210 1066 proferam,
232 1021 309 1053 mihi
334 1022 362 1052 ἃ
390 1021 459 1052 aliis
475 1018 624 1051 molestus
643 1018 708 1050 iim.
754 1017 899 1049 Poil‘cssio

31 1073 137 1097 autem
150 1073 222 1096 cum
241 1063 272 1094 in
291 1061 345 1093 usu
362 1059 526 1099 consistat,
545 1061 610 1092 imo
627 1059 662 1092 sit
681 1058 745 1101 ipse
763 1059 852 1099 usus,
865 1067 900 1090 ut

35 1106 182 1147 Cujacius
199 1104 346 1146 probavit
366 1104 396 1135 in
414 1102 510 1134 Pm-at
523 1104 561 1134 aci
584 1102 644 1134 Tit.
670 1102 702 1133 C.
727 1103 759 1133 cle
776 1111 841 1142 aeq.
865 1101 901 1136 ὃ)

31 1155 88 1182 ret.
105 1146 173 1188 poff.
219 1145 292 1177 satis
316 1144 542 1186 intelligimus,
567 1142 655 1175 usum
675 1144 788 1181 maris,
811 1144 831 1175 ii
849 1143 899 1173 ad-

27 1190 70 1225 ,fit
83 1188 210 1221 affectio
218 1186 356 1225 domini,
369 1195 426 1227 pro
441 1185 625 1226 poffeilione
639 1184 700 1216 effe
714 1185 899 1216 habendum.

34 1231 140 1272 Atque
158 1229 211 1261 ille
228 1227 300 1260 usus
321 1237 393 1260 cum
418 1227 510 1258 unice
530 1225 709 1258 absolvatur
728 1226 899 1267 navigatio-

31 1282 91 1312 ne,
114 1278 335 1313 quemcunque
361 1269 488 1300 demum
509 1277 545 1299 ea
560 1267 696 1299 fructum
716 1267 779 1299 fert
793 1291 802 1306 ‚
828 1277 901 1298 con-

33 1313 112 1353 stat,
135 1312 233 1345 solam
248 1310 482 1352 navigationem
507 1309 578 1341 heic
593 1308 682 1350 fungi
700 1309 771 1341 vice
787 1308 899 1350 posses-

33 1355 150 1393 fionis,
173 1353 222 1385 uti
251 1351 415 1393 Caepolla,
438 1350 659 1393 Gryphiander
681 1351 796 1393 aliique
819 1350 900 1390 Juris

32 1397 75 1432 M
117 1395 182 1428 istri
196 1393 281 1426 recte
302 1392 517 1425 observarunt.
542 1391 620 1424 Non
635 1393 717 1423 reete
732 1394 770 1424 ab
790 1391 837 1423 his
853 1391 898 1423 di-

33 1407 115 1471 veffi
132 1435 250 1469 abeunt
264 1434 447 1468 Strauchius
462 1433 583 1474 Diffirt.
608 1435 641 1464 de
661 1433 784 1474 Imperio
799 1433 900 1464 Maris

37 1481 71 1514 C.
95 1479 137 1512 V.
161 1478 216 1510 Vl.
241 1476 278 1513 ὃ)
292 1475 363 1508 VII.
400 1476 430 1508 &
449 1475 554 1517 paffim
571 1475 742 1514 seldenus,
765 1475 818 1517 qui
838 1484 903 1506 crc-

34 1522 95 1554 atis
111 1521 199 1552 domi
217 1517 470 1559 archigubernis‚
487 1516 655 1558 propositis
668 1516 808 1555 Editus,
820 1516 900 1548 aliis-

34 1573 95 1604 que
112 1561 201 1594 vanis
215 1561 246 1593 ὅ(
263 1559 422 1592 tralatitiis
442 1559 568 1599 jubendi
588 1558 757 1599 imperandi
784 1567 823 1590 ue
837 1567 903 1590 mo·

33 1606 82 1637 dis
107 1602 322 1646 poffeffionem
354 1600 448 1632 maris
485 1599 599 1632 servari
627 1600 682 1632 fibi
705 1609 761 1641 per
779 1599 900 1631 uadent.

33 1647 152 1680 Praeter
180 1644 210 1676 ὃς
239 1642 329 1684 supra
348 1642 485 1674 animum
505 1641 709 1673 desideramus
728 1641 902 1673 incubatio-

34 1697 125 1726 nem,
151 1685 202 1724 &,
225 1694 294 1726 quae
311 1683 434 1715 Graecis
449 1682 556 1721 audit,
580 1683 699 1720 xanxka‘
717 1692 780 1715 tam
800 1683 831 1715 in
843 1682 903 1714 adi-

35 1728 181 1772 piscenda
197 1735 288 1767 quam
299 1725 460 1757 retinenda
476 1724 678 1767 possessione,
689 1735 758 1756 nam
768 1749 778 1764 ,
789 1732 825 1756 ut
836 1725 902 1755 bre-

34 1771 116 1803 viter
132 1769 232 1800 dicam
242 1790 253 1806 ,
269 1766 491 1808 disputationis
509 1765 622 1798 uostrae
641 1765 759 1798 summa
771 1766 839 1798 liaec
847 1764 902 1797 est:

35 1821 100 1845 non
113 1810 267 1842 continuo
283 1808 376 1840 maris
391 1808 554 1840 dominum
572 1808 653 1839 effici
664 1832 674 1847 ,
697 1808 750 1849 qui
769 1808 848 1839 illud
858 1808 903 1839 in-

33 1852 168 1886 traverit
176 1873 189 1890 ,
199 1850 342 1892 quamvis
357 1859 491 1881 vacuum
501 1871 513 1887 ,
526 1858 600 1881 cum
615 1849 716 1882 deess'e
733 1849 826 1890 possit
838 1849 901 1881 ani-

36 1904 124 1932 mus,
146 1902 247 1934 neque
267 1899 392 1929 tamen,
414 1890 436 1923 fi
461 1900 526 1923 non
545 1891 701 1930 intretur,
724 1891 790 1931 ejus
805 1891 903 1922 domi-

35 1937 121 1969 nium
146 1933 282 1976 potuiffe
309 1933 428 1974 quaeri,
452 1942 524 1964 curn
547 1932 609 1964 fine
625 1932 800 1973 occupandi
818 1932 903 1964 facto

34 1987 99 2010 non
117 1976 281 2018 obtingat3
305 1973 426 2013 rursus,
452 1973 472 2006 fi
501 1983 636 2015 corpore
651 1975 680 2006 δε
699 1974 804 2006 animo
820 1983 902 2015 quae-

35 2019 126 2052 fitum
142 2015 208 2056 est,
228 2026 293 2048 non
309 2015 364 2048 nifi
379 2015 486 2047 eadem
502 2017 626 2047 ratione
646 2014 779 2054 servari,
800 2015 902 2056 requi-

35 2061 62 2092 ri
91 2059 186 2101 igitur
207 2057 422 2099 poffeffionem
447 2057 650 2096 continuam,
684 2058 714 2089 &
737 2057 837 2096 hanc,
871 2057 902 2089 ni

36 2101 131 2133 etiam
148 2099 321 2140 corporalis
337 2097 394 2137 fit,
417 2098 534 2130 nullam
551 2097 631 2138 esse,
658 2097 776 2130 censeri
795 2106 901 2130 autem

36 2141 233 2183 corporalem
253 2139 410 2181 potestate
435 2148 545 2178 terrae,
570 2139 591 2171 ss
619 2149 703 2171 mare
720 2141 903 2182 proximum

35 2185 73 2218 fit
85 2207 95 2222 ,
119 2183 140 2215 si
159 2190 323 2218 exterum,
343 2181 543 2221 navigatione
562 2189 712 2222 perpetua
730 2182 782 2213 vel
800 2181 905 2214 statio-

36 2235 76 2258 ne
99 2232 259 2266 perpetuae
288 2221 398 2253 claffis.
440 2221 509 2267 His.
532 2222 632 2254 modis
660 2223 904 2255 incumbendum

36 2266 83 2298 eli:
102 2265 196 2302 mari,
220 2263 325 2296 animo
342 2262 428 2294 nudo
445 2262 524 2294 nihil
541 2262 592 2294 hic
613 2264 801 2304 possidetur,
816 2272 904 2296 certe

37 2307 137 2346 nihil,
162 2305 247 2347 quod
264 2304 404 2344 exteris,
426 2303 530 2336 rursus
554 2305 800 2346 occupantibus,
825 2316 902 2348 praa-

39 2349 166 2380 ‘udicet.

37 2359 48 2390 l
81 2389 168 2422 Hinc
187 2389 284 2420 velim
301 2387 433 2429 colligi,
457 2387 551 2419 maria
567 2387 629 2420 five
647 2398 803 2429 nunquam
811 2398 904 2423 occu-

38 2430 199 2473 pata,five
214 2437 370 2470 occupata
387 2429 466 2460 olim
483 2429 513 2460 ὃς
529 2429 599 2470 post
614 2430 720 2461 relicta
737 2431 788 2462 vel
799 2431 904 2463 animo

36 2473 125 2511 solo,
145 2471 198 2503 vel
214 2480 350 2512 corpore
367 2469 452 2509 solo,
468 2470 520 2501 vel
535 2478 692 2512 utroque,
708 2481 791 2504 nunc
800 2473 905 2503 denuo

35 2515 147 2547 cedere
163 2512 356 2553 occupanti,
379 2511 639 2552 quemadmodum
658 2522 706 2544 res
726 2514 817 2554 plane
835 2514 903 2545 nul-

32 2557 109 2595 iius.
133 2554 184 2586 De
199 2554 335 2585 maribus
351 2553 388 2584 ab
404 2553 451 2585 his
467 2553 546 2584 olim
563 2554 726 2595 occupatis
739 2579 748 2594 ‚
770 2564 904 2595 quorum

39 2597 135 2630 hodie
149 2595 206 2627 vix
223 2604 338 2626 nomen
353 2595 383 2626 ὅ(
400 2595 554 2626 memoria
571 2594 733 2636 supersunt
744 2620 754 2636 ,
767 2596 904 2628 dubitari

33 2638 172 2680 nequit,
193 2636 332 2667 dabimus
348 2635 404 2667 suo
421 2636 498 2667 loco
518 2635 671 2669 Gentium
688 2647 723 2669 ea
740 2638 779 2670 de
799 2647 833 2669 re
852 2647 904 2670 ex-

33 2679 162 2720 empla,
188 2677 226 2708 ab
242 2677 289 2708 his
301 2686 405 2708 antem
415 2700 426 2716 ,
449 2677 502 2718 qui
528 2677 685 2719 hodieque
701 2689 804 2711 rerum
820 2679 903 2721 poti-

34 2728 156 2758 untur,
179 2717 340 2750 difficilior
355 2716 400 2749 est
418 2718 579 2760 inspectio.
609 2721 670 2753 Sed
686 2731 763 2753 vero
775 2744 788 2760 ,
811 2730 904 2762 quan-

33 2761 159 2800 itumvis
181 2768 266 2791 nunc
292 2757 411 2791 Gentes
425 2760 490 2792 dari
506 2761 708 2803 largiremur,
733 2772 804 2804 quae
821 2772 906 2794 mare

42 2802 170 2844 aliquod
184 2802 253 2842 jure
268 2800 348 2845 olim
363 2809 570 2843 occuparant,
594 2804 706 2844 inJ'uria
725 2812 829 2836 tamen
850 2804 905 2835 ho-

43 2844 95 2878 die
111 2842 142 2875 se
163 2842 248 2875 illius
264 2842 410 2879 dominos
426 2843 595 2882 praedicare
613 2853 693 2886 puto
701 2855 832 2877 verum:
856 2855 906 2877 ce-

44 2885 186 2918 do-enim
210 2883 284 2914 mihi
313 2891 396 2914 nunc
414 2883 540 2924 aliquod
554 2895 661 2926 mare,
686 2887 769 2928 quod
787 2886 906 2919 domini

35 2927 150 2964 ,animo
166 2925 353 2966 possidetur,
378 2923 440 2955 hoc
468 2923 533 2963 est,
555 2935 705 2968 perpetua
723 2928 908 2960 detentione

33 2967 212 3000 servatur?
238 2966 380 3003 nullum,
404 2965 531 3004 hercle,
553 2968 676 3000 nullum
699 2968 754 3002 est.
799 2970 908 3003 Solam

36 3016 185 3045 mentem
199 3008 229 3039 &
247 3006 445 3044 affectionem
461 3006 580 3040 domini
596 3010 752 3051 agnosco,
771 3019 803 3044 at
822 3011 908 3043 ineu-

47 3050 206 3081 bationem
219 3048 416 3088 corporalem
434 3048 796 3089 exquiro,necinvenio.
822 3052 911 3099 Quin

37 3091 101 3129 3vel
127 3090 181 3121 illa
205 3089 341 3130 perfecta
370 3088 512 3131 poffeffio
541 3092 633 3123 maris
661 3093 910 3132 Mediterranei,

37 3130 135 3172 ‚quod
151 3130 229 3162 olim
245 3129 459 3162 Romanorum
476 3129 539 3161 fuit
554 3153 565 3169 ,
586 3142 658 3164 curn
672 3133 831 3174 majestate
851 3134 911 3166 lm-

38 3171 129 3214 .perii
153 3169 279 3203 remisit.
323 3169 374 3203 De
400 3171 511 3212 Anglis
533 3171 724 3215 Venetisque
741 3176 817 3215 quid
831 3175 913 3207 dice-

38 3212 150 3286 Qmuf?
170 3212 257 3285 fflffe
273 3221 356 3246 mare
381 3211 470 3246 suum
495 3212 674 3254 poffident‘?
697 3215 750 3248 ubi
768 3225 845 3249 vero
862 3225 915 3249 eo-

125 3262 175 3287 um.
234 3278 241 3286 .

948 490 1017 513 rum
1036 489 1100 513 non
1118 481 1293 521 interrupta
1317 481 1462 513 detentio
1475 505 1483 521 ,
1508 482 1561 513 ubi
1581 480 1690 513 classes
1706 488 1814 521 perpe-

949 530 1010 554 tuae
1028 522 1045 554 ἱ)
1080 532 1142 554 non
1175 521 1245 554 sane
1280 523 1310 554 in
1346 523 1532 555 Britannico
1559 523 1611 554 vel
1638 522 1812 554 Adriatico.

946 564 1005 596 Sed
1021 563 1061 595 de
1080 563 1127 594 his
1145 564 1293 605 aliisque,
1318 565 1370 606 qui
1390 565 1553 606 imperium
1573 564 1673 596 Maris
1690 563 1744 595 fibi
1759 563 1813 594 ho-

946 606 996 636 die
1019 605 1187 645 adrogant,
1212 607 1311 637 dicam
1343 606 1494 647 Capitibus
1517 606 1639 648 aliquot
1656 605 1812 646 proximis.

946 647 1075 678 interim
1093 647 1154 678 hoc
1172 646 1350 685 servemus,
1374 657 1468 679 omne
1482 657 1585 685 mare,
1609 646 1694 689 quod
1713 647 1742 678 in
1763 645 1815 677 lit-

946 697 1050 719 torum
1067 689 1183 720 viciuia
1200 698 1263 720 non
1280 688 1325 720 cst
1339 711 1348 725 ‚
1373 699 1506 720 vacuum
1526 688 1606 728 css'e,
1632 697 1744 730 utpote
1761 686 1816 718 vel

944 739 1102 770 nunquam
1121 729 1284 770 poil'essum
1303 731 1353 761 vel
1368 731 1509 772 possideri
1527 730 1679 768 desitum3
1697 739 1747 762 me
1760 728 1816 769 igi-

947 780 1015 809 tur,
1040 781 1127 812 atquc
1149 781 1185 802 ac
1210 772 1354 812 quemvis
1382 773 1497 811 alium,
1523 772 1588 812 ejus
1604 773 1713 803 herum
1732 769 1815 809 esse,

945 813 965 844 fi
983 822 1157 853 occupem,
1185 813 1293 844 herum
1319 823 1464 851 manere,
1489 814 1508 845 si
1534 813 1662 845 insidere
1677 821 1814 855 pergam.

988 854 1142 886 Praeterea
1161 853 1237 885 scire
1263 853 1382 893 refert,
1407 856 1482 895 quid
1501 853 1626 896 praestct
1646 853 1816 895 occupatio

944 896 1037 927 maris
1053 896 1082 927 δε
1098 895 1260 935 poll'cssi03
1284 896 1313 927 id
1332 897 1483 927 videlicet
1495 919 1504 934 ‚
1529 904 1564 927 ut
1580 906 1664 928 mare
1679 904 1815 935 occupa-

945 945 1011 968 tum
1030 936 1260 978 pofl‘ess'umque
1279 937 1413 969 transcat
1435 938 1464 969 in
1483 938 1677 978 dominium,
1701 938 1731 970 in
1741 945 1814 978 pro-

943 979 1110 1018 prietatem
1126 978 1312 1018 occupantis
1326 978 1588 1019 possidentisque:
1612 980 1690 1011 adeo
1703 988 1738 1011 ut
1749 987 1817 1011 non

942 1018 1032 1051 secus
1051 1019 1090 1050 de
1111 1029 1150 1050 eo
1169 1019 1259 1060 postit
1275 1018 1474 1059 statuere,ac
1493 1021 1626 1060 quilibet
1642 1020 1816 1053 solutusle-

942 1061 1034 1102 gibus
1050 1060 1199 1102 Princeps
1216 1061 1255 1091 dc
1271 1061 1393 1093 ditione
1412 1069 1466 1092 aut
1482 1060 1707 1102 paterfamilias
1722 1062 1760 1093 de
1779 1070 1814 1092 re

945 1103 1005 1134 sua.
1051 1101 1163 1143 Neque
1180 1102 1264 1134 enim
1281 1101 1412 1144 Hugoni
1435 1102 1553 1134 Grotio
1572 1104 1605 1134 de
1623 1102 1701 1144 Jure
1721 1103 1757 1135 B.
1778 1101 1816 1137 δ’

944 1144 981 1176 Ρ.
1007 1144 1079 1175 Lib.
1104 1144 1143 1175 ll.
1171 1144 1202 1175 C.
1229 1154 1260 1184 3.
1282 1154 1313 1176 η.
1342 1154 1389 1186 13.
1414 1145 1653 1176 concedendum
1669 1144 1732 1184 est,
1751 1144 1815 1177 fine

943 1187 1138 1227 proprietate
1153 1184 1254 1217 solum
1270 1186 1437 1226 imperium
1453 1187 1573 1228 acquiri
1591 1187 1622 1219 in
1633 1185 1740 1218 nescio
1755 1195 1816 1227 qua

944 1228 1037 1259 maris
1056 1235 1144 1268 parte
1160 1235 1335 1268 occupata,
1357 1237 1459 1269 eoque
1476 1227 1638 1260 referenda
1652 1228 1714 1260 ess'e
1725 1227 1816 1259 Anti-

944 1278 1077 1310 quorum
1095 1268 1133 1300 de
1148 1268 1291 1300 dominio
1308 1269 1401 1301 maris
1418 1268 1595 1301 testimonia
1606 1293 1615 1309 ,
1627 1279 1697 1302 nam
1710 1269 1731 1302 fi
1740 1278 1816 1312 pro-

943 1311 1057 1349 betur,
1079 1318 1114 1341 ut
1135 1310 1321 1351 probabitur
1347 1310 1458 1343 deince
1483 1322 1518 1350 s,
1541 1311 1622 1344 nihil
1646 1311 1817 1353 quicquam

942 1351 1082 1392 obstare,
1101 1352 1268 1392 quominus
1285 1361 1370 1383 mare
1386 1361 1444 1384 cen
1461 1360 1548 1385 eatur
1563 1352 1626 1384 effe
1640 1354 1817 1395 proprieta-

944 1394 984 1425 tis
1010 1403 1127 1434 caan,
1151 1394 1262 1435 utique
1289 1394 1369 1425 nihil
1393 1395 1488 1426 etiam
1515 1402 1627 1434 vetat,
1651 1405 1708 1427 cur
1731 1395 1816 1427 idem

944 1436 1010 1476 jus,
1035 1435 1121 1476 quod
1135 1435 1301 1476 occupatis
1316 1435 1409 1467 rebus
1428 1436 1571 1475 caeteris,
1596 1437 1672 1468 mari
1689 1446 1816 1478 quoque

946 1476 1130 1522 tribuamus.
1176 1476 1346 1516 Imperium
1372 1478 1402 1509 ὅ(
1420 1478 1596 1519 proprietas
1620 1479 1651 1510 in
1670 1477 1817 1510 Civitate

945 1517 1096 1550 differunt
1113 1527 1150 1549 ea
1166 1518 1307 1557 ratione,
1325 1528 1418 1560 quam
1434 1519 1598 1561 expedivit
1612 1519 1730 1552 Seneca
1742 1520 1816 1553 Lib.

946 1559 1032 1593 VIII.
1059 1561 1092 1591 de
1120 1558 1248 1600 BenefiC.
1277 1560 1310 1592 C.
1333 1570 1354 1601 4
1378 1559 1413 1596 &³⁹
1435 1570 1465 1601 5.
1490 1561 1522 1593 in
1546 1562 1625 1593 mari
1642 1571 1708 1594 non
1728 1560 1820 1593 diffe-

945 1601 1101 1640 runt,nifi
1117 1610 1189 1641 eos,
1202 1601 1256 1642 qui
1271 1609 1462 1642 occupatum
1478 1612 1563 1634 mare
1578 1603 1818 1643 transmittunt,

946 1643 1002 1676 sub
1018 1643 1150 1684 imperio
1165 1643 1352 1684 occupantis
1365 1642 1427 1674 esse
1447 1644 1587 1685 placeret
1604 1645 1818 1684 contendere,

946 1686 1089 1727 quamvis
1107 1694 1145 1716 ne
1160 1684 1223 1716 hoc
1241 1684 1366 1725 quidem
1383 1685 1421 1716 ad
1434 1684 1534 1727 ipsum
1544 1695 1637 1718 mare.
1662 1686 1695 1719 Si
1713 1686 1820 1727 plures

947 1726 1149 1768 occupass'ent
1160 1749 1169 1764 ,
1184 1721 1280 1767 hique
1296 1736 1413 1765 unum,
1428 1727 1481 1768 qui
1498 1727 1634 1768 imperio
1652 1728 1820 1767 emineret,

945 1769 1080 1801 ereetum
1098 1766 1244 1806 iv'iffent,
1260 1777 1338 1799 mox
1356 1769 1581 1809 proprietatem
1596 1768 1820 1810 adgnoscerem

945 1810 1140 1848 distinstan13
1165 1818 1269 1847 nune,
1301 1810 1373 1850 quia
1395 1809 1475 1842 nihil
1500 1810 1613 1842 horum
1642 1809 1688 1842 est
1710 1809 1819 1842 fuitve

945 1861 1103 1894 unquam,
1127 1860 1224 1883 unum
1250 1851 1447 1892 eundemque
1473 1851 1503 1883 ἃ
1529 1851 1707 1893 Principem
1724 1852 1819 1884 maris

943 1893 1098 1926 renuncio
1117 1893 1146 1924 &
1165 1901 1241 1924 vere
1258 1892 1608 1934 dominum3fimulque
1625 1894 1653 1924 ei
1671 1893 1751 1925 hanc
1785 1903 1819 1925 0-

947 1935 1090 1967 testatem
1106 1933 1232 1972 tribuo,
1253 1934 1377 1974 qualem
1402 1934 1556 1974 optimam
1572 1935 1740 1966 maximam
1757 1903 1818 1976 ij-

947 1978 971 2008 ti
989 1976 1092 2008 solent
1108 1974 1282 2006 adscribere
1297 1975 1448 2007 dominio.
1481 1975 1608 2017 Itaque,
1632 1984 1667 2007 ut
1684 1976 1819 2018 quisque

944 2018 990 2050 rei
1009 2017 1072 2050 suae
1090 2017 1172 2048 liber.
1184 2015 1229 2048 est
1246 2016 1427 2048 moderator
1451 2017 1481 2049 ἀ
1497 2018 1634 2056 arbiter,
1657 2018 1702 2049 ita
1717 2017 1820 2049 domi-

946 2069 1004 2091 nus
1019 2059 1112 2091 maris
1128 2058 1249 2099 poterit
1265 2059 1296 2090 id
1322 2056 1421 2099 ipsum
1438 2058 1593 2099 vendere,
1619 2066 1818 2100 permutare,

945 2101 1081 2138 donare,
1105 2101 1136 2132 in
1155 2099 1292 2132 solutum
1309 2099 1399 2138 dare,
1424 2100 1535 2132 aliisve
1549 2101 1652 2133 modis
1668 2111 1710 2132 ex
1721 2101 1820 2133 animi

947 2141 1100 2175 sententia
1115 2142 1153 2173 de
1167 2151 1206 2172 eo
1222 2140 1366 2173 statuere.
1414 2141 1512 2183 Quod
1529 2151 1633 2174 tamen
1652 2143 1695 2174 ita
1706 2151 1820 2174 verum

947 2184 1008 2216 esse
1023 2184 1215 2224 accipimus,
1241 2190 1275 2214 ut
1291 2183 1337 2221 13,
1359 2183 1412 2224 qui
1429 2184 1497 2224 jure
1514 2183 1570 2215 suo
1587 2184 1693 2223 ceffit‚
1716 2193 1759 2216 ex
1771 2193 1817 2215 re-

947 2226 1019 2267 gula
1038 2225 1158 2266 vulgari
1180 2234 1244 2257 non
1255 2223 1421 2256 transferat
1436 2225 1507 2266 plus
1523 2226 1621 2266 juris,
1643 2235 1736 2267 quam
1752 2224 1819 2266 ipse

946 2267 1057 2306 habet,
1083 2267 1145 2298 hoc
1163 2265 1223 2305 est,
1248 2266 1328 2298 citra
1352 2266 1569 2307 posseffionem
1585 2267 1720 2299 nullum.

988 2307 1119 2341 Causam
1140 2307 1273 2339 dominii
1295 2308 1443 2339 maritimi
1464 2307 1637 2349 sequuntur
1653 2309 1683 2340 δι
1703 2308 1755 2340 alii
1769 2307 1815 2339 ef-

940 2350 1065 2388 fectus,
1089 2359 1153 2381 non
1172 2358 1260 2388 aeque
1286 2349 1411 2389 quidem
1431 2349 1578 2380 omnibus
1594 2349 1741 2390 probati,
1764 2348 1817 2380 sed

947 2399 1050 2423 tamen
1069 2400 1110 2422 ex
1127 2390 1314 2422 definitione
1325 2390 1529 2431 proprietatis
1545 2389 1716 2422 necessarii.
1739 2390 1815 2422 Ani-

947 2433 1126 2464 madvertas
1142 2432 1238 2469 etiam
1259 2440 1313 2462 eos
1326 2453 1337 2468 ,
1359 2431 1410 2472 qui
1437 2432 1530 2463 maris
1545 2431 1719 2463 dominium
1740 2440 1817 2463 con-

947 2473 1113 2512 cesserint,
1133 2473 1163 2504 in
1180 2472 1361 2513 affignandis
1384 2472 1451 2512 ejus
1469 2471 1633 2505 effeetibus
1650 2472 1741 2504 valde
1755 2472 1819 2504 eise

948 2515 1122 2552 sollicitos,
1144 2515 1174 2545 &
1198 2515 1250 2545 vel
1274 2514 1406 2555 exiguos
1422 2513 1588 2546 admittere
1614 2515 1666 2546 vel
1690 2514 1816 2553 nullos,

946 2557 1032 2598 quod
1047 2555 1164 2588 factum
1180 2564 1244 2587 non
1259 2555 1439 2595 oportebat.
1464 2554 1541 2588 Non
1559 2555 1603 2587 est
1612 2578 1623 2595 ‚
1647 2564 1703 2587 cur
1717 2555 1817 2587 domi-

946 2599 1036 2630 nium
1051 2597 1105 2629 hic
1121 2597 1224 2628 minus
1240 2597 1373 2636 efficiat,
1398 2606 1489 2637 quam
1507 2598 1538 2629 in
1557 2605 1660 2636 terra,
1682 2605 1737 2628 aut
1755 2605 1815 2628 ter-

946 2650 991 2672 rae
1007 2639 1117 2681 quavis
1134 2647 1239 2679 parte3
1263 2647 1300 2670 ac
1322 2638 1456 2679 proinde
1475 2638 1628 2677 dicimus,
1653 2638 1705 2676 qui
1726 2647 1811 2669 mare

946 2680 1017 2724 post
1036 2679 1148 2721 J'ustam
1175 2680 1419 2720 occupationem
1444 2679 1586 2719 detinet,
1610 2678 1696 2720 poss'e
1720 2679 1816 2711 etiam

948 2724 1014 2763 eius
1039 2721 1242 2763 navigatione
1264 2721 1333 2753 aliis
1355 2721 1407 2752 vel
1427 2730 1505 2762 pure
1528 2721 1736 2757 interdicere,
1761 2720 1815 2751 vel

949 2764 1004 2797 sub
1020 2762 1215 2796 conditione.
1238 2762 1318 2794 Pure
1327 2785 1338 2801 ,
1360 2770 1395 2793 ut
1409 2762 1430 2794 fi
1449 2771 1639 2803 quocunque
1656 2761 1752 2792 modo
1768 2761 1815 2801 Ju-

948 2806 1022 2838 beat
1037 2814 1077 2836 eo
1094 2803 1258 2842 abstineri,
1282 2803 1439 2845 piscandi,
1466 2803 1666 2841 transeundi,
1691 2802 1817 2842 velqua

942 2848 1010 2879 valia
1027 2844 1125 2878 causa.
1152 2845 1281 2878 Etenim
1299 2845 1477 2883 transitum,
1504 2844 1647 2885 quamvis
1662 2844 1816 2875 inermem

941 2889 982 2921 ,ἀ
997 2888 1182 2925 innoxium,
1206 2897 1223 2918 a
1245 2886 1376 2918 domino
1404 2885 1488 2917 recte
1506 2884 1666 2926 prohiberi
1685 2884 1816 2916 omnino

950 2928 996 2961 est
1011 2929 1197 2967 dicendum,
1222 2928 1299 2959 licet
1317 2926 1420 2958 rursus
1437 2927 1634 2957 contradicat
1651 2929 1663 2956 ὁ
1682 2925 1815 2959 Μέγαςάε

952 2971 990 3013 J.
1015 2971 1050 3002 B.
1077 2969 1166 3005 &R
1189 2969 1260 3000 Lib.
1285 2968 1324 3000 ΙΙ.
1351 2969 1437 3012 (3.,3.
1461 2977 1491 2998 n.
1522 2976 1568 2999 12.
1594 2968 1632 2998 de
1655 2975 1738 2998 terra
1751 2976 1815 2999 ma-

954 3013 1044 3058 rique
1068 3011 1148 3043 illud
1165 3009 1230 3051 ipse
1243 3017 1354 3051 negat,
1379 3007 1548 3040 ied'nullo
1568 3008 1644 3048 jure.
1691 3007 1817 3047 Nemo,

938 3053 1144 3089 .1ne1nvit0,
1165 3060 1200 3082 re
1215 3060 1284 3082 mea
1302 3050 1386 3081 recte
1411 3049 1512 3081 utitur
1532 3049 1651 3081 fruitur
1663 3073 1673 3089 ,
1698 3049 1758 3082 alia
1775 3049 1822 3081 est

955 3093 1177 3131 humanitatis,
1200 3092 1260 3123 alia
1282 3091 1357 3131 juris
1381 3090 1510 3131 regula,
1532 3089 1577 3122 ast
1592 3091 1722 3132 longum
1744 3090 1823 3123 effet

954 3135 987 3166 id
1010 3142 1225 3175 argumentum
1244 3132 1336 3173 digne
1360 3131 1514 3172 persequi.
1556 3131 1620 3164 Sub
1639 3132 1825 3164 conditione
1868 3153 1873 3155 -

956 3175 1117 3216 navigatio
1134 3173 1377 3214 prohibebitur,
1400 3181 1497 3215 quum
1516 3173 1608 3205 maris
1617 3172 1710 3212 usus,
1729 3181 1823 3205 caete-

957 3227 991 3250 ra
1008 3215 1189 3289 εοῃεεὶίὶῖυε,
1214 3214 1246 3248 in
1262 3214 1320 3246 hac
1337 3214 1391 3247 vel
1417 3214 1475 3254 illa,
1488 3212 1591 3257 specie
1609 3222 1741 3258 negetur
1752 3236 1765 3253 ,
1787 3221 1824 3288 uit
