2008 3436
189 105 766 170 QUAEST.JUR15
824 102 1644 154 PUBLICI,L113.11.C.1V.ii.

33 197 67 235 ke
89 198 202 232 servari
226 199 389 231 convenit.
435 195 539 229 Probe
566 194 735 232 recordor,
767 191 903 239 Amster-

32 240 254 275 dammenfibus
267 262 278 279 ,
308 248 440 281 quorum
468 237 615 278 Delegati
639 245 711 267 cum
730 233 903 267 Galliarum

32 283 127 324 Regis
144 282 265 323 Legato
288 280 443 313 sermones
458 280 497 310 de
520 277 692 323 Republica
712 276 905 324 habuerant,

32 334 71 356 eo
100 324 229 356 nomine
259 323 379 354 crimen
408 319 582 353 Ma'estatis
604 317 695 350 fuiffe
722 317 902 364 objec‘tum,

32 373 202 404 eorumque
229 362 432 396 instrumenta
499 371 564 403 agre
592 360 785 406 Batavorum
815 359 902 405 donn

31 406 91 440 suae
108 405 200 438 fuiffe
217 405 375 446 obsignata
388 428 396 443 ‚
423 402 473 434 sed
493 411 585 444 quam
605 402 694 440 nullo
717 410 806 442 jure,
833 399 904 433 satis

32 447 165 481 ostendit
187 445 317 487 epistola
349 442 698 478 Amsterdammenfium
728 442 767 474 ad
802 441 904 474 Urbes

33 487 214 524 Hollandiae
243 486 355 526 scripta
384 496 432 524 19.
463 484 551 516 Febr.
580 488 669 526 1684.
691 484 773 525 (18)
805 484 834 515 ὅ(
866 483 904 516 ad

32 529 117 571 ipsos
143 529 278 561 Ordines
302 526 484 560 Hollandiae
509 531 540 561 8.
570 526 668 559 Mart.
693 525 831 567 ejusdem
854 535 904 557 an-

1748 112 1816 164 24³2

948 190 1052 231 sator,
1075 191 1128 232 qui
1155 190 1186 224 ὅτ
1209 191 1270 223 alia
1299 191 1468 223 occasione
1493 194 1572 227 alios
1594 196 1820 239 Magistratus,

947 234 990 265 ob
1003 233 1133 265 eandem
1150 232 1292 266 causam.
1318 233 1460 264 criminis
1479 243 1549 267 reos
1562 238 1646 278 egit,
1671 240 1699 270 δι
1717 247 1750 270 ut
1765 239 1820 278 puss

947 276 1108 313 nirentur,
1139 274 1328 306 auctoritate
1353 273 1405 307 sua
1427 273 1547 308 effecit.
1592 278 1679 310 Laesa
1697 279 1821 311 scilicet

946 324 1013 348 erat
1031 314 1182 356 Majestas
1199 316 1337 359 Orangia
1347 339 1358 355 ,
1380 314 1401 348 fi
1415 316 1484 358 quis
1501 326 1614 349 contra
1633 319 1748 351 hiscere
1765 330 1819 352 au-

946 358 1054 396 deret,
1089 358 1258 398 quominus
1284 368 1325 389 ex
1354 358 1420 398 ejus
1446 358 1540 391 solius
1566 368 1645 391 nutu
1670 362 1820 400 penderet

947 399 1154 442 Respublica,
1180 406 1301 431 tantum
1318 400 1402 431 enim
1421 399 1661 441 Magistratibus
1679 401 1818 434 faciebat

946 441 1079 503 reliqui,
1117 449 1269 481 quantum
1300 442 1416 474 Bibulo
1451 441 1564 474 Cacsar.
1619 442 1660 474 Di
1689 443 1820 475 meliora

970 483 1007 515 iis
1023 508 1030 516 .
1063 482 1228 523 Tempore
1253 492 1357 515 autem
1388 483 1495 515 liberas
1519 483 1717 525 Reipublicae
1744 493 1819 516 cum

976 525 1076 567 egatis
1103 523 1285 571 Principum
1308 524 1457 565 privatim
1480 526 1622 567 colloqui
1642 548 1653 564 ,
1685 526 1722 556 ad
1747 535 1818 567 pro-

30 571 62 605 m·
80 570 171 612 (19).
216 570 277 602 Sed
295 568 529 602 Hollandorum
548 567 688 600 libertati
712 567 901 599 tuncimrni-
942 566 1134 601 movendam
1171 565 1245 598 boni
1275 566 1393 606 publici
1418 564 1548 599 salutem
1565 589 1576 606 ,
1611 566 1732 608 semper
1756 567 1817 599 fine

33 611 124 646 flebat
149 612 322 654 Orangius,
353 609 420 653 ipse
437 608 785 643 Amsterdammenfium
811 618 904 641 accu-

666 706 1030 746 CAPUT

946 606 1057 640 fraude
1075 606 1161 647 fuit,
1187 607 1218 640 dt
1235 608 1338 640 adbuc
1354 607 1408 641 est.

1133 707 1183 744 V.

645 798 716 848 ,Qui
742 795 840 832 Rec‘l‘e
866 795 989 842 Legati
1013 797 1199 832 mittantur.

30 892 142 978 Ut
165 907 229 929 non
252 908 362 930 omnes
390 898 474 930 reete
503 895 549 930 Le
572 903 640 930 atos
663 895 797 928 mittunt
815 917 826 933 ‚
857 894 903 926 ita

143 948 206 972 non
233 949 343 972 onmes
370 939 481 980 Legati
508 948 540 970 re
574 948 591 969 e
619 937 814 970 mittuntur:
846 945 903 967 non

28 984 109 1014 mzirn
126 990 220 1011 omnes
239 982 358 1012 admitti
372 981 507 1021 praecz'pit
530 980 672 1011 Gentz'um
687 978 748 1019 Jus
757 977 838 1050 ,(ζειί
852 987 901 1008 ve-

29 1028 75 1057 tat
92 1020 156 1060 fine
183 1023 270 1063 carisii
298 1023 404 1065 rejici,
437 1030 471 1053 ut
499 1020 654 1052 veriffime
671 1019 751 1052 dixit
804 1019 904 1050 votius

28 1065 64 1100 de
85 1063 163 1105 chre
184 1063 219 1094 B.
241 1063 277 1098 ἃ
292 1063 329 1094 Ρ.
357 1063 398 1094 L.
420 1062 458 1094 ll.
486 1063 517 1092 C.
545 1066 592 1095 18.
617 1060 645 1102 §.
664 1071 693 1103 3.
713 1070 743 1091 n.
770 1069 795 1091 1.
822 1058 901 1106 Cau:

30 1105 91 1140 sam
112 1104 272 1143 rejiciendi
298 1104 457 1144 triplicem
481 1103 537 1134 illc
554 1101 680 1139 statuit,
707 1110 747 1134 ex
766 1111 826 1140 e0,
848 1110 901 1142 qui

28 1146 152 1184 mittit;
174 1154 216 1176 ex
241 1154 299 1184 eo,
322 1146 375 1186 qui
402 1145 564 1183 mittitur;
586 1153 625 1176 ex
654 1153 693 1175 eo
708 1167 718 1183 ,
750 1143 792 1175 ob
816 1142 903 1184 quod

66 1187 179 1219 ittitur.
232 1185 283 1218 De
320 1186 421 1218 media
450 1195 533 1218 nunc
562 1186 708 1227 agimus,
741 1186 771 1218 &
798 1194 839 1216 ex
867 1193 902 1216 ea

23 1243 35 1265 ¹:
64 1227 238 1264 hcodorum
255 1229 325 1257 ἀθω,
344 1228 459 1269 repulit
478 1226 697 1268 Lysimachus,
713 1235 748 1258 ut
766 1235 805 1258 ex
824 1225 901 1258 Dio-

28 1276 106 1314 gene
129 1269 260 1301 Laertio
281 1269 324 1301 ibi
351 1277 454 1301 narrat
477 1267 623 1300 Grotius.
670 1268 730 1300 Sed
755 1267 900 1309 quemad-

29 1311 158 1347 modum
184 1310 346 1352 Principes
368 1310 434 1343 fere
458 1310 600 1350 student,
629 1318 663 1342 ut
683 1309 899 1352 PrincipibuS‚

28 1353 66 1391 ad
82 1362 162 1395 quos
179 1353 331 1391 mittunt,
356 1351 508 1394 gratiosos
527 1351 676 1390 mittant,
702 1351 733 1383 id
755 1361 773 1383 e
798 1361 831 1383 re
851 1349 902 1384 sua

28 1394 91 1433 ,effe
116 1394 194 1433 rati,
221 1393 261 1426 fic
286 1395 326 1433 ii,
351 1395 389 1425 ad
409 1404 487 1433 quos
510 1394 698 1432 mittuntur,
723 1393 791 1425 fere
811 1402 902 1435 quos-

28 1443 154 1478 cunque
170 1436 306 1478 Legatos
323 1436 503 1476 accipiunt,
526 1435 619 1466 etiam
646 1435 726 1466 viles
745 1435 775 1468 &
800 1435 903 1467 minus

26 1477 139 1520 dignos
154 1500 164 1516 ,
194 1487 297 1519 neque
323 1478 354 1509 id
377 1478 479 1510 minus
506 1487 524 1508 e
550 1486 586 1507 re
606 1476 659 1509 sua
683 1476 742 1508 effe
759 1484 901 1522 «putant,
942 1500 946 1504 .

26 1529 93 1553 non
116 1519 212 1551 modo
238 1529 277 1551 ne
304 1519 480 1560 Principem
508 1519 689 1550 mittentem
717 1517 901 1557 ostendant,

27 1560 82 1597 sed
99 1561 130 1594 δι,
144 1570 184 1593 ne
202 1561 301 1602 major
322 1561 429 1602 Legati
454 1560 598 1603 dignatio
618 1562 648 1592 ἃ
664 1560 830 1593 auctoritas
854 1569 902 1591 re-

26 1602 87 1636 bus
107 1603 237 1644 agendis
253 1603 478 1645 impedimento
497 1603 541 1635 iit.
584 1603 650 1634 Vel
664 1602 705 1634 sic
725 1610 828 1634 tamen
839 1611 902 1633 non

27 1644 146 1686 recipit
168 1644 317 1686 Princeps
335 1645 413 1678 viles
428 1646 567 1683 animas,
589 1644 612 1677 fi
629 1645 662 1677 in
683 1643 767 1678 suam
792 1652 903 1676 contu—

26 1685 152 1719 melfiam
170 1686 272 1718 missas
291 1687 526 1728 interpretetur.

28 1746 33 1761 ι
69 1726 163 1760 Unde
183 1728 281 1769 quaeri
298 1729 411 1768 video,
437 1739 473 1761 an
498 1728 607 1768 exuli,
629 1729 650 1762 fi
674 1728 811 1769 Legatus
830 1727 902 1760 mit-

27 1772 132 1809 meur,
157 1768 350 1812 Legatorrum
373 1771 441 1811 J'ura
460 1771 672 1813 competant?
695 1770 832 1803 Exulem
857 1770 903 1802 in-

26 1811 160 1852 tellig0‚
184 1811 239 1853 qui
254 1812 395 1844 mittitur
413 1813 451 1844 ad
465 1822 535 1844 eum
547 1837 556 1852 ,
580 1822 598 1844 a
616 1822 678 1855 quo
695 1811 902 1851 exulat,cui-

27 1860 108 1894 que,
130 1853 168 1883 ad
188 1862 311 1894 tempus
329 1854 379 1885 vel
396 1855 648 1896 quandocunque
668 1853 835 1887 reversuro
853 1862 902 1884 ca·-

26 1894 105 1936 pitis
120 1893 222 1927 aliave
238 1904 330 1935 poena
348 1894 462 1927 statuta
481 1895 535 1928 est.
582 1896 651 1936 lpse
672 1896 824 1936 Princeps
846 1904 901 1936 po-

27 1935 90 1968 test
108 1936 236 1968 exulem
252 1935 340 1968 suurn
355 1961 365 1976 ,
391 1936 577 1970 sententiam
603 1937 738 1978 passum,
763 1936 904 1969 restitue-

27 1975 194 2018 xe,potest
211 1979 241 2010 ὅ(
259 1978 386 2011 exulem
403 1979 563 2011 exalieno
577 1979 715 2021 Imperio
731 1979 824 2011 rebus
844 1977 904 2010 suis

26 2018 194 2058 adhibere,
218 2019 248 2051 ὅ(
271 2028 422 2061 utrosque
440 2020 578 2062 Legatos
595 2022 743 2056 mittere.
770 2028 807 2051 ut
834 2019 904 2053 sunt

27 2060 176 2103 exempla
194 2059 388 2103 Legatorum
405 2063 533 2094 exulum
556 2062 639 2104 apud
655 2061 854 2094 paschalium
870 2062 904 2092 in

30 2100 148 2144 Legata
169 2102 202 2134 C.
219 2102 313 2135 XIX.
359 2102 420 2135 Sed
435 2105 474 2136 de
496 2105 542 2136 his
558 2113 623 2136 non
640 2113 769 2145 quaero,
792 2112 904 2135 verum

29 2143 70 2174 de
84 2143 169 2189 illis,
192 2144 244 2184 qui
263 2144 395 2177 redeunt
411 2146 450 2178 ad
471 2145 649 2187 Principem
662 2168 673 2184 ‚
704 2156 720 2177 a
744 2155 808 2187 quo
828 2154 900 2186 pro-

27 2183 137 2225 scripti
158 2193 266 2224 erant,
290 2185 418 2218 decreta
436 2197 562 2229 quoque
582 2189 612 2219 in
631 2187 812 2220 reversuros
836 2196 902 2227 poe-

27 2235 79 2258 na.
124 2225 255 2258 Veteres
279 2227 406 2268 quidem
426 2228 507 2268 Juris
529 2227 675 2271 Magistri
702 2229 798 2261 etiam
820 2229 901 2268 ejus-

27 2267 114 2298 modi
140 2267 286 2300 exulibus
304 2268 453 2301 videntur
471 2269 540 2309 jura
565 2270 611 2302 Le
633 2279 758 2302 atorum
785 2270 902 2302 tribue-

27 2317 87 2346 re,
108 2317 144 2340 ut
170 2308 266 2340 didici
293 2318 334 2341 ex
357 2310 548 2343 Bertachino
575 2280 653 2353 (ὃ,
680 2321 813 2353 eamque
837 2309 902 2343 sen-

28 2350 158 2382 tentiam
178 2358 285 2381 tuetur
303 2352 391 2383 Cocus
408 2353 532 2394 quidam
554 2354 634 2394 apud
657 2353 844 2386 Zoucbeum
868 2353 902 2384 de

30 2389 108 2434 §ure
123 2390 238 2423 Fetialz'
254 2392 347 2425 Parte
367 2392 406 2425 II.
433 2393 509 2426 Seet.
537 2405 568 2435 4.
595 2393 635 2443 Q:
663 2402 709 2431 19.
755 2395 815 2427 Sed
838 2400 900 2436 ego

29 2432 92 2470 tim
107 2433 246 2465 difficilis
270 2433 424 2466 stomachi
451 2435 516 2467 sum
529 2460 539 2474 ,
572 2445 608 2466 ut
628 2445 697 2467 eam
713 2435 902 2468 sententiam

29 2478 228 2516 ¹concoquere
251 2484 314 2507 non
332 2476 440 2516 pollini
457 2501 466 2515 ‚
499 2486 604 2519 neque
628 2477 723 2508 etiam
745 2477 903 2509 concoxit

28 2509 196 2560 Qericus
213 2514 353 2550 Gentilis
378 2517 418 2549 L.
438 2517 477 2550 ΙΙ.
503 2520 537 2550 a'e
562 2519 778 2560 Legationz'bus
800 2519 833 2550 C.
852 2528 900 2550 10.

28 2562 129 2598 neque
151 2557 320 2591 Zoucheus
348 2560 377 2591 d.
408 2559 462 2591 loc.
516 2559 651 2592 Constat
680 2560 793 2600 utique
817 2563 901 2592 inter

28 2602 104 2638 eos,
119 2599 182 2645 ‘qui
195 2599 235 2630 de
255 2598 385 2641 Legatis
402 2600 610 2642 scripserunt,
635 2600 816 2642 Principem
835 2610 900 2635 non

29 2644 127 2678 meri
143 2649 268 2672 ornnem
290 2641 446 2683 Legatum
468 2643 628 2684 recipere,
651 2643 682 2674 ὃ(
700 2652 772 2684 quae
786 2642 900 2683 justior

28 2680 300 2728 musa-rejiciendi
319 2682 450 2724 Legati,
477 2694 570 2725 quam
595 2684 617 2717 si
646 2683 672 2716 is
697 2685 843 2716 mittatur
862 2684 901 2716 ad

27 2719 228 2763 hinc-ipram,
249 2724 327 2763 qui,
352 2733 442 2756 antea
459 2724 620 2764 subditus,
644 2726 710 2766 ejus
725 2725 812 2758 forte
828 2726 899 2757 Ma·

27 2761 169 2836 {estatem
191 2763 270 2795 laefit
286 2764 304 2795 ἶ)
327 2774 397 2806 quae
421 2767 520 2806 major
543 2767 738 2799 contumelia
764 2766 825 2799 esse
845 2776 899 2806 po-

43 2803 89 2836 est
105 2829 114 2844 ,
146 2814 238 2846 quam
264 2805 390 2837 mittere
416 2807 600 2848 hominem,
637 2808 690 2849 qui
722 2808 774 2840 vel
799 2808 899 2850 ipsum

28 2843 226 2886 Principem,
251 2847 301 2877 vel
329 2847 396 2886 ejus
426 2848 568 2882 subditos
603 2850 733 2889 indigno
755 2849 900 2882 facinore

2 2889 200 2928 aggi-effus,
236 2888 265 2919 ἂ
292 2888 340 2919 οἱ)
365 2888 395 2919 id
420 2890 613 2933 proscriptus
643 2891 688 2923 est
703 2891 720 2923 52
752 2891 778 2922 is
800 2892 899 2923 homo

28 2926 182 2970 Principis
203 2930 307 2962 oculis
324 2929 542 2964 obversabitur
556 2956 563 2967 .
590 2933 620 2965 δε
636 2942 709 2964 cum
733 2942 772 2963 eo
795 2933 901 2973 ejusve

27 2971 168 3002 coneilio
195 2979 266 3012 aget
288 2971 328 3002 de
359 2970 474 3003 summa
501 2974 664 3015 utriusque
692 2974 899 3015 Reipublicae.

28 3008 108 3044 Noli
125 3012 167 3044 fic
184 3011 301 3053 sapere,
326 3013 357 3045 i&
377 3012 468 3045 alzeri
484 3013 623 3056 Principi
638 3016 671 3047 in
688 3014 745 3047 suo
758 3015 901 3057 Imperio

68 3135 148 3171 (18)
169 3137 343 3175 Hollanct'i’cke
359 3137 516 3167 Mercurius
541 3140 624 3174 1684.
647 3149 674 3177 p.
694 3149 740 3176 31.
763 3140 789 3169 &
814 3141 841 3169 in
859 3141 906 3169 Lia

30 3172 101 3206 bio,
123 3174 311 3211 C'orilisicratieiz
327 3187 381 3205 van
398 3177 596 3204 staats-zaken
618 3186 645 3213 p.
664 3186 708 3212 31.

67 3214 145 3251 ξω)
169 3213 267 3243 [bidem
290 3219 373 3250 1534.
398 3225 426 3253 p.
445 3219 492 3251 64.
515 3213 540 3243 ἁ
564 3217 591 3243 in
609 3217 694 3246 eodm
711 3216 793 3246 Libro
814 3225 840 3253 p.
861 3223 906 3251 77.

946 895 1047 936 legem
1064 895 1143 927 adeo
1159 895 1284 937 inquam
1296 894 1442 928 scribere.
1454 894 1560 941 Quare
1569 892 1721 937 Princeps
1736 895 1817 936 ejus*

947 936 1030 967 modi
1056 937 1180 969 exulem
1207 946 1260 969 aut
1282 938 1404 970 arcebit
1422 948 1439 969 a
1463 938 1575 970 finibus
1599 936 1676 976 suis,
1700 945 1772 976 aut,
1796 934 1820 968 fi
1851 951 1854 959 =

946 977 1007 1017 jam
1026 978 1213 1016 intraverit,
1236 978 1360 1018 jubebit
1380 988 1580 1021 quantocyus
1599 979 1635 1010 iis
1654 979 1818 1010 excedere.

950 1018 993 1050 Ut
1013 1025 1115 1050 tamen
1130 1019 1283 1060 plectatur
1300 1029 1412 1060 poena.
1439 1025 1602 1053 reverluro
1622 1019 1752 1059 statuta,
1765 1019 1822 1051 bo-

947 1069 986 1091 na
1001 1059 1096 1099 fides,
1120 1069 1189 1100 quae
1208 1061 1290 1092 inter
1317 1060 1478 1103 Principes
1506 1062 1679 1094 exuberare
1704 1062 1819 1099 demet,

946 1101 1003 1133 vix
1029 1102 1158 1142 patitur.
1206 1102 1293 1148 Quin
1322 1103 1352 1134 &
1378 1103 1450 1134 ideo
1473 1104 1504 1136 id
1535 1102 1820 1145 improbi-avenni,

946 1143 1031 1184 quod
1052 1142 1120 1174 liaec
1136 1153 1183 1175 res
1205 1144 1288 1175 inter
1305 1143 1404 1184 JCtos
1419 1145 1514 1177 dubia
1537 1145 1592 1183 fit,
1625 1144 1655 1176 ὅ(
1678 1145 1763 1184 quod
1787 1144 1820 1176 in

947 1194 980 1216 re
1009 1184 1102 1216 dubia
1127 1193 1240 1217 contra
1265 1195 1329 1217 non
1360 1185 1516 1219 subditum
1543 1186 1621 1219 nihil
1649 1185 1756 1217 durius
1781 1185 1820 1217 fit

940 1224 1155 1259 statuendum.
1201 1225 1278 1260 Non
1298 1235 1400 1260 tamen
1418 1228 1512 1261 ausim
1529 1224 1675 1260 damnare
1701 1226 1819 1258 Princi-

947 1277 1017 1309 pem
1030 1291 1039 1306 ,
1065 1268 1118 1308 qui
1135 1268 1204 1308 jure
1222 1268 1299 1307 suo,
1322 1269 1397 1301 licet
1417 1269 1611 1309 summo,uti
1632 1267 1730 1305 velit,⁴
1748 1277 1820 1300 nam

947 1308 1030 1341 reete
1055 1309 1244 1350 imputatum
1278 1311 1456 1343 clementiae
1489 1311 1705 1343 Romanorum
1739 1310 1820 1351 apud

947 1350 1098 1383 Tacitum
1115 1351 1154 1383 L.
1179 1350 1200 1383 Ι.
1228 1351 1344 1384 Αιιηαί.
1373 1353 1406 1385 C.
1430 1363 1480 1394 57.
1508 1353 1593 1394 quod
1617 1353 1820 1392 pepercerint

947 1392 1138 1434 Segimundo
1156 1392 1278 1436 Legato
1293 1418 1302 1433 ,
1328 1394 1380 1435 qui
1407 1403 1498 1426 antea
1522 1394 1560 1426 ad
1588 1393 1721 1426 rebelles
1746 1403 1820 1436 pro·

946 1433 1082 1475 fugerat.
1130 1433 1211 1467 Haec
1227 1435 1306 1476 juris
1325 1435 1356 1467 &
1374 1437 1454 1476 aequi
1474 1446 1585 1479 pugna.

990 1475 1147 1520 Quidam,
1172 1477 1225 1518 qui
1247 1477 1277 1509 in
1295 1477 1403 1509 officio
1425 1476 1528 1510 fuerat
1549 1477 1720 1511 societatis
1739 1474 1821 1510 Indi·

948 1528 993 1550 cae
1012 1518 1208 1557 Orientaiis,
1234 1519 1264 1551 ὅ(
1288 1520 1318 1551 in
1338 1517 1424 1551 India
1449 1519 1629 1559 damnatus,
1656 1527 1691 1551 ut
1715 1519 1822 1562 lingua

947 1560 1013 1600 ejus
1031 1559 1262 1601 perforaretur,
1287 1559 1371 1603 fugit
1387 1561 1416 1593 in
1435 1560 1600 1602 Angliam‚
1630 1562 1659 1594 ὅ(
1682 1561 1719 1593 ab
1735 1562 1823 1604 Rege

949 1601 1012 1632 hue
1033 1602 1174 1634 mittitur
1193 1603 1230 1634 ad
1240 1602 1475 1644 componendas
1491 1603 1740 1642 controversias,
1753 1612 1822 1644 quae

949 1643 1031 1675 inter
1059 1643 1178 1685 Regem
1204 1646 1234 1677 &
1258 1644 1451 1677 Societatem
1483 1644 1619 1677 Indicam
1647 1645 1822 1677 intercede·

949 1685 1033 1717 bant.
1081 1685 1220 1717 Simulac
1245 1694 1350 1727 autem
1376 1686 1431 1718 ille
1460 1696 1543 1719 anno
1574 1690 1664 1728 1636.
1696 1685 1821 1728 Hagam

947 1726 1141 1760 Batavorum
1161 1727 1351 1767 advenerat,
1368 1728 1405 1760 ad
1430 1728 1533 1761 n‘eces
1551 1729 1721 1761 societatis
1738 1728 1821 1760 Indi-

948 1778 1017 1808 cae,
1042 1769 1160 1801 carceri
1180 1770 1393 1812 mancipatur,
1431 1770 1469 1802 ed
1488 1778 1590 1803 tamen
1617 1780 1691 1804 mox
1718 1770 1824 1802 dimis-

948 1810 996 1842 sus
1013 1811 1059 1843 est
1078 1810 1147 1853 (2).
1194 1811 1244 1844 Eo
1262 1810 1384 1844 seilicet
1405 1820 1569 1854 tempore,
1592 1821 1656 1852 quo
1671 1812 1741 1842 Rex
1757 1811 1821 1844 An‘-

945 1853 1019 1893 gliae
1035 1853 1077 1885 fic
1093 1852 1165 1886 satis
1186 1853 1248 1894 jam
1266 1852 1405 1887 offensus
1424 1862 1491 1885 erat
1504 1877 1512 1892 ,
1538 1854 1567 1886 &
1590 1853 1679 1893 hujus
1704 1852 1820 1894 Reipu-

945 1895 1040 1926 blicae
1058 1895 1228 1934 intererat,
1247 1905 1288 1927 ne
1304 1896 1400 1936 magis
1416 1893 1639 1926 offenderetur.
1687 1894 1823 1927 Pruden-

947 1936 1011 1968 tius
1038 1935 1144 1968 nostra
1169 1936 1320 1969 memoria
1347 1937 1441 1978 Regis
1468 1937 1593 1978 Angliae
1629 1936 1667 1968 ad
1699 1936 1746 1968 Re
1769 1945 1821 1968 em

947 1976 1089 2010 Franciae
1112 1978 1267 2020 LegatUS,
1290 1986 1459 2020 antequam
1478 1988 1561 2010 anno
1582 1981 1670 2019 1697.
1685 1977 1716 2010 in
1755 1987 1823 2010 ran-

947 2019 1030 2052 ciam
1043 2020 1165 2059 abiret,
1187 2020 1225 2051 ab
1239 2019 1326 2062 Rege
1343 2019 1482 2052 Franeiae
1503 2019 1598 2061 petiit
1616 2020 1646 2051 dt
1660 2019 1822 2059 obtinuit,

947 2071 984 2093 ut
1000 2062 1112 2093 liceret
1132 2061 1314 2102 quibusdam
1326 2085 1335 2100 ,
1360 2071 1401 2093 ex
1414 2061 1544 2093 Francia
1561 2061 1603 2093 ob
1620 2060 1822 2102 Religionem

947 2102 1112 2145 profanis,
1137 2103 1218 2135 inter
1238 2102 1382 2136 Comites
1401 2102 1472 2135 suos
1486 2102 1563 2143 ess'e,
1589 2112 1681 2141 nam,
1716 2102 1771 2134 nisi
1789 2102 1822 2134 id

946 2127 1085 2187 petiiill’zt
1113 2145 1143 2177 ὃ(
1166 2144 1372 2183 obtinuiss'et‚
1406 2154 1460 2176 eos
1484 2144 1589 2184 forte,
1614 2152 1650 2176 ut
1680 2143 1822 2177 reversos

945 2186 1053 2219 exules
1063 2209 1075 2225 ,
1096 2186 1250 2219 habuisset
1268 2186 1336 2219 Rex
1355 2186 1506 2219 Franciae.

989 2227 1164 2274 Quaefitum
1190 2227 1254 2266 est,
1289 2238 1326 2260 an
1355 2229 1384 2261 dt
1414 2228 1598 2261 mulieribus
1618 2227 1747 2269 Legatis
1771 2228 1819 2261 uti

943 2271 993 2311 jus
1020 2269 1129 2310 sasque
1151 2269 1215 2302 fit?
1244 2269 1338 2302 Hanc
1368 2268 1571 2312 quaestionem
1598 2270 1709 2301 tractat
1733 2270 1818 2302 Zou-

945 2313 1042 2344 cheus
1056 2309 1091 2342 de
1111 2311 1189 2352 Jure
1210 2311 1324 2343 feriali
1344 2312 1432 2344 Ραντ.
1449 2310 1487 2344 ΙΙ.
1515 2312 1590 2343 Seri.
1614 2322 1645 2352 4.
1672 2310 1712 2356 Q.
1730 2321 1759 2349 9.
1787 2311 1819 2343 δε

944 2353 1110 2385 Kirchneri
1132 2353 1297 2395 negantis,
1323 2354 1353 2386 δ(
1379 2353 1531 2387 Paschalii
1558 2354 1670 2394 ajentis
1699 2355 1820 2387 senten-

944 2395 1018 2427 tiam
1034 2418 1044 2434 ,
1076 2404 1250 2436 eorumque
1275 2395 1306 2426 in
1339 2404 1504 2436 utramque
1533 2402 1654 2436 partem
1681 2395 1820 2426 rationes

944 2436 1092 2475 adducit,
1120 2435 1202 2477 ipse,
1228 2445 1286 2477 pro
1312 2445 1400 2468 more
1426 2435 1481 2467 suo
1502 2459 1511 2475 ‚
1545 2435 1624 2467 nihil
1655 2435 1818 2468 definiens.

944 2478 1043 2517 Sane,
1068 2477 1153 2518 quod
1168 2486 1209 2508 ex
1229 2478 1303 2517 Jure
1319 2477 1465 2508 Romano
1486 2477 1517 2509 in
1538 2476 1618 2508 hane
1634 2485 1698 2508 rem
1715 2475 1817 2508 adfer-

944 2527 1015 2556 tur,
1040 2518 1112 2550 satis
1129 2517 1174 2549 est
1192 2518 1323 2557 inutile,
1348 2517 1482 2550 feminas
1510 2527 1623 2559 nempe
1641 2528 1705 2550 non
1731 2518 1817 2550 reete

944 2559 1103 2602 postulare
1126 2560 1146 2591 l.
1176 2568 1202 2591 1.
1229 2559 1258 2601 ᾗ.
1280 2568 1311 2600 5.
1334 2559 1374 2601 ff.
1398 2562 1431 2591 de
1450 2558 1560 2601 Postzii.
1586 2560 1615 2591 δε
1635 2560 1748 2600 quibus
1767 2559 1817 2599 jus

944 2600 1119 2643 postulandi
1138 2610 1201 2633 non
1222 2600 1286 2639 est,
1309 2611 1412 2643 neque
1435 2601 1594 2642 legatione
1617 2600 1708 2642 fungi
1730 2600 1818 2642 posse

945 2644 964 2675 l.
989 2653 1020 2683 4.
1045 2641 1073 2684 ὃ.
1101 2652 1127 2675 1.
1146 2642 1186 2684 ff.
1213 2644 1246 2674 de
1271 2642 1430 2685 Legation.
1464 2644 1494 2675 ἀ
1519 2643 1603 2684 quod
1630 2643 1818 2683 generaliter

943 2685 1109 2716 definitum
1137 2683 1182 2716 est
1211 2685 1240 2716 in
1265 2685 1286 2716 l.
1312 2695 1342 2717 2.
1360 2691 1408 2726 pr.
1428 2684 1471 2727 ff.
1494 2686 1527 2716 de
1552 2684 1593 2715 R.
1618 2684 1654 2725 J.
1681 2683 1816 2715 feminas

943 2726 982 2758 ab
998 2725 1147 2758 omnibus
1169 2726 1284 2758 officiis
1306 2726 1458 2758 civilibus
1482 2726 1535 2758 vel
1560 2726 1696 2766 publicis
1711 2729 1814 2756 remoss

943 2767 1030 2804 veri.
1055 2777 1126 2800 narn
1152 2767 1191 2799 de
1215 2768 1276 2800 suis
1295 2767 1426 2800 subditis
1452 2767 1601 2808 Princeps
1623 2765 1732 2798 statuit
1756 2775 1815 2806 pro

943 2809 1074 2841 arbitrio
1092 2809 1146 2841 suo
1159 2832 1169 2847 ,
1192 2809 1232 2841 de
1247 2809 1357 2841 alienis
1372 2819 1437 2841 non
1455 2809 1560 2840 etiam.
1585 2807 1633 2838 Aa
1654 2807 1722 2838 haee
1741 2807 1814 2840 satis

944 2851 1076 2892 probavi
1093 2851 1186 2883 Libro
1195 2849 1346 2893 singulari
1365 2852 1399 2882 de
1409 2849 1480 2881 Foro
1502 2849 1684 2891 Legacormn
1705 2849 1736 2880 C.
1756 2848 1812 2881 VI.

943 2892 1095 2934 quicquid
1114 2892 1188 2932 Jure
1214 2891 1358 2924 Romano
1384 2892 1516 2923 traditur
1542 2892 1581 2921 de
1603 2889 1811 2921 Provinciali·

944 2933 1001 2966 bus
1026 2935 1055 2965 ἀ
1082 2933 1334 2974 Municipalibus
1359 2932 1506 2973 Legatis,
1538 2931 1577 2963 de
1603 2931 1717 2971 quibus
1742 2929 1815 2964 solis

944 2974 1013 3008 fere
1034 2974 1077 3007 ibi
1097 2973 1198 3006 sermo
1221 2973 1288 3012 est,
1310 2984 1373 3006 non
1397 2973 1480 3004 reste
1506 2972 1666 3004 transferri
1692 2972 1731 3003 ad
1756 2972 1814 3004 Le-

945 3025 1053 3058 gatos,
1085 3016 1199 3057 quibus
1222 3024 1306 3046 nunc
1334 3023 1466 3046 utuntur
1490 3013 1604 3046 diversi
1633 3013 1813 3061 Principes,

1758 3064 1813 3098 qui

986 3141 1046 3179 (ι)
1068 3141 1150 3168 Voce
1169 3138 1350 3177 Ambafiator,
1371 3147 1460 3176 prope
1475 3138 1568 3167 finem.

986 3180 1046 3218 (α)
1065 3179 1195 3207 Aitzerna
1216 3177 1251 3207 L.
1268 3179 1347 3208 XVI.
1367 3187 1394 3216 p.
1414 3186 1478 3213 277.
1497 3177 1522 3207 ἃ
1538 3180 1603 3213 278.
