2008 3436
662 155 772 200 AD
857 154 1380 202 LECTOREM.
1700 184 1703 186 —
1893 174 1921 218 7

125 258 246 303 forte,
271 268 347 306 quae
372 256 462 292 male
485 254 657 292 convenit
674 279 686 299 ,
718 253 838 301 regula
871 253 973 300 Juris.
1025 253 1108 296 Illi,
1133 252 1157 288 fi
1184 252 1275 301 ipsos
1305 253 1449 311 fontes,
1470 256 1747 312 limpidissimos,
1774 261 1922 298 saluber.

127 311 234 345 rimos
250 337 258 353 ‚
286 320 355 343 non
384 304 627 347 deseruissent,
655 303 795 352 preffius
820 305 1003 350 saperent,
1030 303 1068 339 ἃ
1090 304 1253 351 saperent
1275 305 1335 341 suo
1355 316 1526 353 ingenio,
1551 309 1720 357 negleelsis
1743 311 1806 356 iis,
1832 323 1919 359 quo.

128 370 204 395 rum
232 357 419 395 aufloritas
444 356 515 391 fine
542 353 749 391 austeritate
773 354 881 401 Legis
906 353 999 389 nulla
1025 352 1086 390 est.

178 459 257 505 Ego
283 458 417 502 semper
444 454 663 498 existimavi,
691 453 1008 502 Jurisprudentiam
1037 453 1235 490 Romanam
1254 481 1264 499 ,
1289 452 1478 492 masculam
1503 456 1598 492 illam
1624 457 1661 494 ἃ
1689 458 1856 505 solidam,
1882 461 1919 497 in

127 508 253 553 quovis
282 505 360 541 foro
391 504 552 552 prtestare
573 504 775 541 certissimas
800 503 892 550 Juris
920 503 1064 539 dicendi
1087 505 1247 551 regulas,
1274 516 1360 549 nec,
1390 506 1449 541 usu
1472 506 1618 542 edendus
1638 534 1648 550 ‚
1677 508 1792 546 adhuc
1818 520 1920 547 muto

128 556 351 593 sententiam.
407 555 516 590 Tanti
532 566 654 591 revera
673 555 748 590 haec
766 554 836 596 est,
864 552 901 588 ἅ
923 553 1014 588 tanti
1036 553 1186 588 habetur
1205 566 1226 589 a
1243 554 1327 590 viris
1348 557 1492 603 egregie
1513 557 1688 601 cordatis,
1719 568 1757 594 ut
1779 560 1816 596 in
1841 573 1922 596 cau-

125 606 170 642 «st
193 605 333 641 orandis
351 604 601 652 judicandisve
623 616 701 640 eam
721 604 876 650 polluere
901 602 1067 650 religioni
1089 603 1233 639 ducant.
1275 606 1325 640 Ut
1345 616 1463 641 autem
1485 606 1638 642 mascula
1662 606 1700 644 <Sc
1721 609 1830 646 solida
1856 609 1919 654 fit,

128 667 176 691 ne
199 665 362 702 putemus
386 653 563 698 sufficere,
589 654 721 689 summa
742 654 879 700 Legum
905 655 1020 699 capita
1045 651 1199 695 novisse,
1227 653 1289 689 nisi
1317 667 1360 690 ex
1385 654 1454 692 affe
1475 654 1577 691 fimus
1601 657 1704 704 JCti,
1733 657 1772 695 ἃ
1795 671 1922 697 omnes

126 706 214 742 boni
231 705 437 751 Interpretis
461 715 578 751 partes
598 705 809 749 expleamus.
864 702 979 738 Prisca
997 703 1092 738 Gens
1109 702 1325 746 nouorum,
1352 704 1376 740 fi
1394 717 1517 741 verum
1539 718 1714 753 amamus,
1741 709 1778 745 in
1796 720 1921 745 eruen-

128 757 200 798 dis,
226 755 399 804 pertinaci
423 753 557 797 studio,
584 754 724 800 Legum
750 751 899 788 sensibus
924 752 999 798 plus
1024 751 1210 798 praestitit,
1238 765 1340 800 quam
1368 754 1501 799 nostri,
1529 758 1583 792 vel
1609 759 1782 803 praeteriti
1806 760 1921 796 saeculi

127 805 301 840 homines.
354 804 484 850 Liquet
513 803 546 839 id
573 815 617 839 ex
647 802 837 845 Accuriio,
864 799 901 838 <Sc
924 802 982 848 qui
1003 800 1169 837 Accurfio
1192 805 1406 850 antiquiores
1427 804 1529 849 sunt,
1556 807 1664 853 liquet
1686 820 1731 844 ex
1756 810 1921 853 Bart010‚

125 854 264 899 Baldo,
292 861 440 901 utroque
467 852 649 899 Fulgofio‚
674 852 800 899 Jasone
818 879 828 894 ‚
856 850 1058 895 Castrense‚
1092 849 1130 886 ἃ
1153 853 1212 898 qui
1242 865 1347 900 porro
1381 854 1498 890 Sancti
1531 855 1650 892 Patres
1679 858 1715 894 in
1747 858 1923 906 Jurispru-

126 904 250 940 dentia
273 905 457 939 habentur.
503 902 592 952 Quae
614 906 650 937 in
677 903 729 936 his
754 901 958 935 damnamus
981 898 1019 935 ἃ
1047 901 1223 946 ridemus,
1249 902 1324 939 fere
1348 904 1463 940 saeculi
1490 905 1578 941 vitia
1602 906 1692 943 sunt.
1746 909 1922 945 Caeterum

126 955 287 1000 antiquos
313 954 390 988 illos
422 952 615 997 Magistros
641 949 915 985 habeamusvsuo
940 950 1021 984 loco
1046 949 1083 986 ἃ
1109 952 1245 998 pretio,
1273 952 1311 988 ἃ
1334 953 1507 999 sciamus,
1533 966 1670 1002 novos,
1696 957 1806 994 etiarn
1836 970 1921 1003 prte-

127 1005 241 1049 cipuae
265 1001 480 1047 dignationis
498 1027 507 1043 ‚
537 1001 627 1047 saepe
649 999 778 1035 docere
796 1025 807 1042 ,
832 1010 910 1046 quae
933 1000 976 1033 ab
1002 999 1043 1033 iis
1069 999 1280 1036 didicerunt.
1341 1005 1525 1040 Adderem
1550 1007 1716 1054 exempla
1735 1035 1745 1051 ‚
1781 1008 1844 1044 nisi
1867 1010 1920 1045 in-

126 1053 233 1089 vidiae
257 1050 390 1092 essent,
425 1048 462 1085 ἃ
492 1050 591 1095 plura
616 1047 818 1094 occupasset
847 1048 1034 1084 Albericus
1058 1049 1212 1085 Gentilis
1244 1051 1380 1099 Dialogo
1403 1055 1439 1089 de
1461 1053 1561 1098 Juris
1586 1057 1829 1103 Interprett'hus
1848 1086 1857 1101 ‚
1883 1059 1920 1094 in

125 1103 315 1146 Antipatro.
366 1099 539 1135 Posterior
561 1108 643 1135 aetas
670 1098 787 1134 attulit
812 1097 1046 1145 elegantiores
1072 1098 1213 1143 literas,
1240 1099 1418 1138 historiam
1442 1103 1557 1149 Juris,
1585 1105 1659 1142 fata
1679 1108 1924 1154 Jurispruden-

123 1151 189 1186 tiae
210 1151 379 1185 Romame
407 1148 444 1183 ὅτ
475 1149 609 1184 Graecae
626 1176 636 1192 ‚
669 1149 880 1196 Fragmenta
905 1147 1035 1182 veteris
1063 1149 1149 1184 AEvi
1167 1174 1179 1192 ,
1206 1149 1350 1186 Basilica
1370 1178 1379 1194 ‚
1409 1152 1654 1197 Theophilum
1673 1184 1683 1200 ‚
1718 1157 1920 1194 Harmeno-

122 1201 243 1248 pulum
263 1227 272 1244 ‚
306 1198 556 1245 inscriptiones
582 1199 719 1245 Legum
737 1225 747 1241 ‚
781 1197 1061 1244 Subscriptiones
1092 1197 1181 1233 item
1204 1199 1239 1234 in
1265 1200 1397 1236 Codice
1418 1228 1427 1244 ,
1461 1202 1672 1240 Lefflonum
1699 1207 1891 1244 varietates
1908 1235 1920 1251 ‚

126 1249 186 1293 δι,
219 1260 256 1285 ur
284 1260 352 1284 uno
381 1248 492 1283 verbo
517 1249 697 1283 absolvam
715 1275 725 1291 ,
753 1247 910 1282 criticam
934 1247 1073 1290 attulit,
1101 1246 1171 1283 fine
1194 1260 1261 1295 qua
1284 1261 1354 1285 non
1379 1250 1450 1293 est,
1476 1253 1535 1300 qui
1565 1254 1725 1300 perfthe
1750 1255 1860 1302 sapiat
1882 1259 1920 1294 in

125 1300 193 1335 ulla
216 1309 302 1335 art-e.
358 1297 525 1333 Criticarn
551 1309 655 1344 quam
680 1296 839 1332 latissime
870 1305 1012 1342 patere,
1039 1307 1107 1332 nec
1135 1308 1212 1332 eam
1242 1299 1350 1335 solam
1376 1299 1468 1345 effe,
1497 1314 1575 1348 quae
1601 1304 1773 1341 Autrores
1800 1319 1919 1343 emen-

123 1350 208 1393 det,
235 1348 395 1396 quamvis
425 1357 496 1381 non
520 1345 655 1382 diceret
681 1346 852 1394 Josephus
879 1346 1035 1393 Scaliger
1059 1347 1099 1381 L.
1124 1347 1192 1382 1V.
1227 1348 1332 1395 Epist.
1354 1360 1438 1394 451.
1468 1351 1549 1388 satis
1574 1355 1741 1399 probaret
1768 1356 1920 1392 Critico—

122 1410 202 1434 rum
231 1410 361 1444 oper-a,
387 1396 524 1443 prolixe
549 1396 686 1442 semper
708 1396 744 1431 in
768 1394 884 1430 studio
905 1396 1095 1441 Sapientiae
1115 1397 1300 1435 collocata.
1349 1400 1480 1448 Neque
1508 1410 1626 1438 tamen
1649 1404 1813 1450 inficior,
1841 1418 1921 1443 eam

123 1448 275 1484 Critices
300 1457 456 1494 partem,
482 1456 559 1493 quae
585 1445 621 1481 in
647 1444 875 1481 emendandis
902 1444 1099 1482 aufitoribus
1124 1446 1285 1484 versatur
1301 1474 1313 1491 ‚
1341 1450 1447 1496 longe
1474 1452 1717 1490 nobiliffimam
1737 1482 1747 1496 ,
1771 1454 1810 1491 ἃ
1831 1456 1921 1493 diffi-

123 1497 296 1534 cillimam
323 1496 419 1540 ess‘e,
454 1506 535 1531 nam
552 1522 562 1539 ,
595 1506 676 1530 cum
701 1493 960 1531 emendationis
983 1493 1050 1540 fit,
1076 1496 1241 1543 adjicere,
1268 1498 1434 1535 detrahere
1453 1527 1463 1543 ,
1491 1510 1635 1546 mutare,
1665 1514 1701 1540 ut
1727 1504 1918 1555 Quintilia-

122 1559 190 1584 nus
218 1546 288 1583 ess'e
310 1545 399 1582 dixit
424 1546 467 1581 L.
484 1545 528 1580 X.
561 1543 668 1592 Instit.
705 1546 744 1580 C.
768 1556 802 1590 4.
836 1544 916 1592 quis
934 1543 1030 1581 refte
1057 1557 1100 1581 eo
1122 1546 1290 1592 accedat,
1324 1548 1387 1585 nisl
1416 1551 1474 1596 qui
1498 1550 1626 1589 sabath
1650 1553 1691 1589 fit
1718 1555 1856 1601 ingenii
1881 1555 1922 1594 δε

121 1597 275 1646 judicii,
301 1597 360 1643 qui
382 1606 437 1631 res
465 1593 557 1640 ipsas
574 1621 584 1637 ‚
612 1594 657 1630 de
687 1595 811 1641 quibus
833 1595 949 1640 agitur
968 1621 977 1637 ,
1004 1596 1117 1642 probe
1139 1598 1307 1642 noverit,
1340 1599 1383 1634 ad
1409 1599 1539 1646 singula
1564 1614 1710 1651 quaeque
1740 1614 1918 1649 attentus,

124 1646 253 1694 quique
281 1646 325 1682 iis
354 1645 438 1732 args
465 1644 533 1680 suae
562 1642 716 1682 subsidiis
743 1643 783 1681 fit
814 1642 1024 1690 instruitus,
1055 1644 1127 1682 fine
1159 1646 1287 1694 quibus
1317 1647 1363 1684 de
1396 1650 1648 1690 emendatione
1680 1656 1919 1701 pronunciare

122 1696 350 1734 temerarium
373 1706 392 1731 e
423 1701 471 1733 et-

171 1797 225 1835 Ea
247 1808 354 1846 quum
384 1794 426 1833 fit
451 1795 601 1834 Critices
624 1794 834 1844 magnitudo
860 1793 899 1834 ἃ
926 1796 1114 1834 difficultas
1131 1824 1142 1839 ,
1174 1797 1395 1845 pauciffimos
1420 1803 1518 1840 omni
1549 1813 1627 1840 aevo
1653 1815 1741 1842 vere
1767 1806 1920 1844 Criticos

112 1847 247 1893 fuisse,
281 1848 340 1885 vel
369 1848 564 1884 etiamnum
588 1847 682 1893 ess'e,
717 1858 788 1883 non
812 1847 925 1895 magis
949 1850 1060 1884 miror
1077 1876 1088 1893 ‚
1123 1859 1226 1897 quam
1250 1850 1345 1897 quod
1369 1852 1495 1889 Cicero
1521 1854 1570 1890 ait
1586 1881 1596 1897 ,
1631 1856 1677 1891 ob
1704 1858 1920 1905 magnitudi-

120 1908 204 1936 nem
231 1897 269 1935 &
295 1896 541 1934 difficultatem
568 1898 808 1944 artissspaucos
834 1897 970 1945 semper
997 1897 1170 1934 Oratores
1189 1898 1368 1937 exstitisse.
1421 1904 1489 1940 Sed
1517 1903 1583 1949 δε,
1619 1906 1712 1952 quod
1739 1907 1844 1953 pauci
1865 1919 1918 1950 ,eo

120 1948 314 1996 adsui-gant>
330 1975 340 1992 ‚
373 1948 486 1984 invisa
509 1947 605 1984 forte
636 1948 794 1995 plurimis
821 1948 980 1993 Critica,
1006 1946 1070 1992 ἃ,
1097 1948 1191 1996 quod
1215 1950 1362 1997 ignota,
1399 1953 1555 2000 suspeeta
1578 1953 1695 1991 statim
1723 1957 1861 2003 quaevis>
1881 1970 1919 1994 e—

120 1998 313 2034 mendandi
338 1998 439 2033 ratio.
500 1997 588 2034 Non
615 1997 666 2033 est
692 2007 810 2034 tamen
829 2023 842 2042 ,
878 2007 916 2034 ut
947 1998 1039 2045 apud
1068 1998 1178 2035 Viros
1202 1998 1325 2035 cronos
1350 2003 1461 2037 verba
1486 2002 1616 2039 faciam
1639 2006 1684 2041 de
1714 2007 1919 2044 necesfitate

121 2046 162 2085 ἅ
184 2048 334 2084 utilitate
360 2047 443 2083 artis
470 2044 735 2095 pulcherrimae,
761 2060 804 2084 ne
829 2047 962 2084 indocili
985 2047 1129 2095 quidem
1154 2059 1232 2084 eam
1251 2076 1260 2093 ,
1287 2061 1363 2096 quae
1390 2051 1426 2087 in
1451 2053 1680 2091 emendandis
1700 2055 1919 2093 A'uc'loribus

121 2106 315 2145 occupatur
333 2126 342 2141 ‚
377 2098 470 2134 bona
493 2096 566 2133 fide
596 2097 759 2145 negaturi
784 2097 886 2141 sunt,
922 2097 986 2134 nisi
1018 2097 1075 2133 vel
1107 2098 1143 2133 in
1166 2099 1342 2134 Veterum
1374 2104 1612 2139 monumentis
1640 2105 1716 2141 loca
1747 2116 1917 2154 corrupta

122 2146 293 2194 superess'e
313 2156 469 2194 negent,
493 2147 551 2183 vel
576 2146 678 2191 haec,
709 2147 1032 2195 quomodocunque
1055 2147 1151 2192 sint,
1177 2147 1346 2184 servanda
1368 2156 1504 2196 putent.
1555 2151 1622 2199 Ipsi
1645 2154 1820 2192 Aufilores
1845 2168 1916 2193 non

123 2196 174 2232 ita
198 2197 335 2244 semper·
363 2196 548 2233 scribendo
577 2197 678 2244 operi
707 2207 806 2233 erant
837 2198 996 2242 intenti,
1031 2197 1115 2245 quin
1149 2198 1301 2234 calamus
1335 2200 1525 2248 aliquando
1560 2205 1804 2249 aberraverit,
1841 2217 1915 2242 non

121 2246 239 2293 magis*
255 2247 337 2282 olim
355 2274 365 2291 ‚
393 2258 497 2294 quam
521 2258 639 2292 nunc,
672 2247 800 2283 remoti
824 2248 955 2283 avitio
986 2246 1189 2294 fragilitatis
1217 2247 1388 2286 humanae.
1442 2251 1487 2287 Et
1515 2264 1617 2299 quam
1647 2254 1740 2302 larga
1764 2256 1915 2292 mendo-

121 2306 200 2330 rum
225 2297 385 2331 materies
408 2307 428 2331 a
445 2296 633 2338 Librariis‚
661 2297 719 2332 vel
744 2295 979 2342 distantibus,
1007 2298 1064 2333 vel
1087 2298 1348 2334 scribentibus?
1375 2301 1543 2348 quicquid
1563 2304 1657 2339 enim
1682 2316 1727 2340 ex
1748 2306 1913 2353 Antiqui-

121 2353 196 2380 tate
219 2343 396 2391 superest,
428 2356 533 2380 manu
556 2345 656 2382 fuisse
686 2345 853 2394 scriptum
874 2375 883 2390 ‚
922 2358 1026 2396 atque
1055 2347 1105 2383 ita
1135 2359 1198 2395 per
1226 2347 1362 2395 aliquot
1389 2350 1514 2387 saecula
1536 2363 1773 2401 propagatum
1794 2381 1805 2398 ‚
1839 2364 1911 2392 non

120 2393 194 2438 est,
220 2394 278 2440 qui
298 2393 428 2437 nescit,
455 2394 552 2429 ullus.
599 2395 787 2444 Quumque
804 2396 861 2433 vel
877 2396 1126 2445 diligentiffimi
1145 2398 1274 2445 quique
1291 2399 1453 2437 labantur
1468 2402 1504 2436 in
1524 2401 1757 2440 describendo
1777 2405 1838 2441 suo
1854 2406 1912 2441 vel

120 2444 268 2479 aliorum
296 2454 405 2490 opere
424 2469 433 2486 ,
461 2443 525 2479 hos
551 2442 714 2480 homines
745 2445 869 2481 erraffe
896 2458 968 2483 non
991 2448 1157 2494 putabis,
1191 2448 1249 2495 qui
1277 2448 1310 2483 ei
1335 2449 1385 2485 rei
1411 2461 1536 2497 operas
1562 2455 1794 2490 mercenarias
1811 2483 1821 2500 ‚
1852 2455 1910 2490 vel

118 2504 230 2538 voce,
256 2493 313 2528 vel
338 2492 472 2528 calamo
496 2494 686 2529 locabant?
705 2494 764 2542 qui
785 2494 975 2532 esurientes
996 2496 1230 2540 festinabant,
1250 2506 1288 2533 ut
1310 2499 1425 2544 pretio
1449 2511 1568 2546 operae
1592 2502 1659 2539 suae
1683 2504 1913 2550 potirentur?

121 2543 201 2589 qui,
227 2542 408 2587 vel³gnari
432 2542 466 2578 se
499 2542 648 2586 errasse,
683 2555 840 2579 errorem
869 2556 939 2581 non
964 2548 1171 2589 mutabant,
1207 2558 1252 2582 ne
1275 2548 1321 2583 ob
1348 2548 1625 2587 deformitatem·
1647 2553 1765 2600 operis
1792 2553 1908 2601 pretio

120 2591 203 2638 quid
225 2591 445 2628 decederet?
469 2593 526 2638 qui
550 2593 703 2640 denique
729 2595 887 2630 omnium
914 2607 1031 2632 rerum
1059 2595 1134 2633 fere
1157 2596 1315 2642 imperiti
1343 2608 1443 2634 erant
1461 2627 1471 2644 ,
1500 2601 1630 2637 nedum
1654 2604 1796 2646 harum,
1824 2615 1912 2650 quas

119 2641 320 2677 scribendas
349 2641 603 2688 excipiebant?
629 2644 711 2678 sane
737 2643 819 2687 hos,
844 2643 869 2679 s1
894 2645 1019 2682 errasse
1043 2657 1171 2694 neges,
1196 2647 1294 2682 Deos
1318 2646 1430 2692 facis,
1458 2661 1530 2686 non
1558 2651 1733 2688 homines.
1789 2652 1910 2702 Quam

120 2700 240 2727 autem
261 2699 414 2726 noceant
440 2702 598 2734 errores,
618 2703 690 2727 non
709 2693 910 2738 emendati,
939 2695 1023 2731 inde
1045 2695 1132 2732 scire
1155 2696 1259 2739 licet,
1285 2697 1377 2742 quod
1403 2698 1448 2734 de
1468 2699 1641 2738 sententia
1660 2713 1730 2736 non
1747 2701 1908 2747 constet,

119 2739 182 2776 nisi
203 2751 247 2775 ex
276 2741 417 2784 verbis,
443 2751 556 2786 neque
581 2741 690 2785 adeo,
717 2743 835 2778 verbis
860 2745 949 2780 male
971 2746 1100 2782 habitis
1119 2774 1128 2790 ‚
1154 2746 1198 2781 de
1222 2746 1386 2783 Auttoris
1413 2760 1536 2784 mente
1562 2759 1639 2786 tuto
1663 2751 1904 2788 decernamus.

119 2791 214 2826 Rem
235 2788 326 2827 dixit
349 2789 554 2826 Franciscus
575 2790 801 2828 Robortellus
822 2793 981 2837 Libello,
1008 2806 1113 2843 quem
1137 2794 1269 2841 scripsit
1290 2796 1326 2831 de
1353 2798 1455 2842 Arte,
1474 2797 1548 2844 five
1572 2801 1696 2834 ratione
1722 2802 1904 2847 corrigendi

119 2841 335 2886 Antiquorum
361 2840 507 2875 Libros:
532 2840 697 2887 Magnam
715 2867 727 2885 ,
754 2842 889 2890 inquit,
914 2846 1096 2882 utilitatem
1118 2844 1269 2892 afferunt
1292 2846 1473 2883 hominibus
1489 2875 1498 2889 ‚
1534 2847 1764 2894 qui-Veterum
1788 2851 1907 2887 Libros

121 2889 321 2931 emendant3
353 2900 424 2925 cum
449 2890 533 2925 em‘m
564 2901 616 2925 res
645 2893 754 2927 verbis
769 2890 1000 2940 fignificentur
1016 2923 1026 2939 ,
1062 2908 1128 2932 rem
1142 2894 1232 2942 scepe
1258 2897 1385 2942 ignores
1408 2896 1527 2941 neccffi
1553 2896 1599 2942 est
1616 2925 1626 2940 ‚
1654 2897 1688 2942 sz
1712 2902 1815 2936 verba
1836 2913 1904 2936 cor-

120 2946 218 2984 rupta
233 2936 338 2983 sunt,
363 2940 524 2985 ignoratio
549 2947 658 2976 autem
681 2943 728 2977 rei
752 2950 904 2988 quantum
929 2944 1039 2981 damni
1065 2947 1241 2988 attulerit,
1268 2947 1339 2990 quis
1361 2946 1424 2992 est,
1450 2948 1503 2990 qui
1527 2957 1587 2980 non
1611 2949 1745 2993 videat,
1776 2952 1810 2985 in
1834 2963 1903 2987 ma-

119 2988 222 3022 ximis
240 2985 418 3033 praesertim
440 2987 646 3036 Disciplinis.
697 2992 768 3026 Sed
788 3003 917 3038 quum,
945 3003 983 3030 ut
1009 3006 1093 3031 mox
1121 2995 1191 3037 ait,
1217 3005 1286 3029 non
1311 2995 1463 3042 cujusvis
1488 2993 1528 3029 fit
1551 2996 1714 3041 praestare
1739 3001 1905 3037 emenda-

120 3036 263 3076 tiones,
289 3035 406 3073 sedin
430 3049 506 3074 eam
533 3049 608 3075 rem
633 3039 891 3085 desiderentur,
919 3054 995 3089 quae
1016 3044 1122 3081 facile
1146 3043 1269 3079 absunt
1290 3043 1335 3077 ab
1364 3042 1436 3086 liis,
1461 3044 1521 3091 qui
1548 3046 1811 3086 etiam-nomen
1840 3050 1902 3086 ali·

121 3084 215 3131 quod
245 3084 284 3121 in
307 3083 414 3122 literis
440 3087 562 3136 adepti
587 3089 686 3135 sunt,
713 3090 796 3127 hinc
817 3090 893 3127 fere
914 3103 1151 3141 comtemptus
1178 3092 1261 3128 artis
1287 3091 1481 3129 utilifflmae.

169 3183 224 3218 Ut
243 3193 332 3220 vero
354 3194 543 3223 commune
572 3188 623 3226 est
645 3189 691 3226 id*
708 3190 922 3229 Scribarum·
937 3193 1063 3229 vitium
1082 3216 1093 3235 ,
1126 3202 1250 3228 ornnes
1277 3192 1423 3228 omnino
1446 3193 1572 3231 Libros
1589 3223 1601 3241 ,
1635 3196 1742 3235 etiam
1767 3201 1901 3244 sacros,

122 3231 285 3272 infecisse
311 3234 457 3273 omnino
482 3236 703 3285 largiendum
732 3241 793 3278 est.
852 3242 959 3279 Certe
988 3243 1023 3279 in
1058 3242 1140 3289 Jure
1170 3242 1276 3280 Civili
1304 3242 1534 3280 describendo
1560 3249 1636 3293 plus
1664 3248 1767 3287 semel
1794 3261 1901 3286 manu

1824 3311 1906 3348 pecu
