2008 3436
187 111 380 149 OPUSC.
434 109 507 147 DE
556 103 703 157 JURE
757 102 1093 143 OCCIDENDI
1143 104 1389 147 LIBEROS
1455 107 1583 149 0111.
1612 108 1680 150 iv.

55 190 212 240 'Quinimo
229 193 248 226 si
268 193 319 224 vel
336 190 400 233 ipsa
417 190 486 222 Lex
506 189 655 222 Cornelia
669 185 819 223 dixisset,
839 185 925 231 quod

52 238 133 269 dicit
151 236 352 273 Mai-cianus,
374 232 564 264 vcriffimuiii
579 230 643 270 est,
663 237 723 261 nec
741 225 923 273 eamdistin-

53 279 132 311 xill'e
150 278 231 308 inter
247 275 419 309 Patricium
434 274 485 305 vel
503 271 681 314 plebejum,
700 267 923 309 Magistratum

54 321 107 352 vel
124 320 305 361 privatum,
331 316 445 348 Civem
464 315 517 346 vel
534 312 731 355 peregrinum
743 333 755 356 ³.
777 316 872 351 atque
888 318 924 355 ea

50 362 174 394 ratione
202 370 265 391 non
289 356 426 390 habuiss'e
441 354 671 392 differentiani,
705 360 794 391 quus
811 350 921 382 condi-

51 403 150 435 tionis
168 403 263 433 hoino
280 401 488 439 interemptus
505 395 611 427 fuerit.
656 394 688 426 Si
706 416 719 433 ,
751 391 922 424 secundum

50 444 201 479 Bafiiicos
216 467 226 483 ,
260 441 354 473 verba
378 437 535 472 Marciani
558 435 723 477 restringas
751 433 788 465 ad
823 432 921 465 solam

668 522 1023 562 CAPUT

967 185 1178 219 differentiam
1202 184 1343 233 bominis
1368 189 1459 222 liberi
1487 191 1517 223 δε
1545 191 1647 232 servi,
1692 193 1840 225 nomimis

968 234 1045 273 tunc
1060 227 1098 259 ad
1114 227 1306 260 sanctionem
1331 229 1425 270 Legis
1455 230 1614 266 Corneliae
1634 245 1666 266 re
1684 242 1810 267 erantur
1829 258 1838 267 ν

965 277 1016 301 res
1033 267 1098 310 ipsa
1113 277 1213 316 vetat.
1258 269 1366 316 Atque
1381 273 1425 303 ita
1442 273 1610 312 probatum
1632 277 1699 313 est,
1720 277 1769 316 jiis
1791 270 1838 307 v‘i'-

966 317 1006 342 tae
1024 319 1060 342 ac
1085 319 1171 342 necis
1192 321 1224 343 in
1253 311 1371 344 llberos
1388 314 1584 354 temporibus
1606 316 1700 359 Legis
1718 317 1835 350 Corne-

965 351 1034 391 liae,
1070 350 1228 399 Pompejae
1258 352 1288 384 δε
1317 353 1408 393 Juliae
1436 355 1517 394 apud
1541 355 1703 390 Romanos
1721 359 1835 390 adhuc-1

963 393 1038 426 dum
1054 392 1193 434 dui-asse,
1220 393 1249 427 dt
1268 393 1331 426 hoc
1347 394 1411 433 est,
1431 396 1517 436 quod
1532 397 1707 440 agebamus,

1120 527 1213 564 IV.

46 623 238 664 Παιδοφενιίν
270 618 355 667 apud
384 617 547 653 Romanos
580 613 703 662 ceffizffe
736 613 840 649 videri
876 614 1073 658 temporibus
1102 613 1263 661 Trajani,
1298 617 1471 663 Adriani,
1497 620 1659 656 Antonini
1684 620 1758 664 Pii,
1784 631 1833 656 re·

627 666 836 711 liquorumque
861 663 1017 708 deinceps
1043 662 1245 710 Principum.

129 777 249 820 igorem
265 774 346 816 Juris
360 772 498 812 veteris,
524 780 560 802 ut
578 771 640 811 iam
658 768 787 808 monui,
809 767 917 799 videna

47 779 127 862 R
152 827 203 850 tur
229 818 366 865 primum
396 823 501 846 mores
527 811 698 854 subegisse,
731 809 843 842 deinde
860 808 919 841 Le-

68 873 112 895 es.
163 861 210 892 Ut
232 870 264 891 in
293 858 362 889 aliis
386 856 548 898 partibus,
580 854 624 886 ita
641 854 671 885 &
695 853 747 884 hic
767 849 919 883 austerior

46 906 57 937 i
74 905 102 936 la
123 901 244 942 antiqui
265 899 416 941 temporis
432 895 679 938 Jurisprudentia
693 918 703 933 ,
729 892 836 925 sensim
857 891 919 924 fine

46 945 137 980 sensu
154 940 310 983 collapsa,
335 940 458 972 tandem
477 936 606 969 defecit.
650 935 729 981 Quo
746 944 796 981 ma
820 934 844 965 is
864 942 918 980 ex-

46 988 135 1020 culta
159 984 230 1017 sunt
253 980 455 1015 humanitatis
481 979 511 1010 δε
536 975 780 1009 mansuetudinis
797 977 807 1007 l
825 974 918 1014 udia,

70 1038 112 1060 uo
139 1027 210 1068 pius
239 1033 343 1066 opera:
366 1022 473 1053 datum
495 1019 540 1051 est
566 1016 781 1059 Philosophiae
805 1017 918 1049 morali

77 1078 113 1102 ut
133 1077 226 1109 quam
243 1065 378 1099 maxime
400 1062 507 1093 datum
527 1058 572 1091 est
588 1058 643 1091 sub
665 1059 820 1100 his,qu0s
835 1057 917 1098 dixi,

74 1109 246 1150 rincipibus
261 1130 271 1146 ‚
302 1106 332 1138 ὅ(
358 1103 468 1136 secuto
488 1112 565 1134 mox
585 1100 751 1133 Antonino
773 1098 916 1132 Philoso-

70 1151 139 1193 ho)
165 1159 204 1181 co
229 1148 326 1189 magis
353 1144 456 1177 omnis
473 1143 621 1176 severitas
637 1141 763 1174 remisit.
809 1141 917 1183 Atque

43 1163 113 1226 ssaec
131 1197 191 1224 una
215 1190 298 1222 ratio
325 1186 370 1220 est
389 1185 519 1218 remissae
545 1185 740 1223 severitatis,
762 1193 827 1216 non
847 1193 884 1215 ea
904 1206 916 1222 ,

66 1234 129 1267 uod
146 1229 294 1276 Maqulus
307 1230 411 1272 patria
428 1237 494 1260 nou
519 1226 592 1259 satis
611 1225 800 1257 conveniret
817 1224 917 1267 Maje-·

39 1243 114 1320 :liciti
136 1275 330 1315 Principum,
351 1271 405 1302 vel
423 1269 508 1310 quod
528 1268 690 1300 Romanos
708 1266 800 1298 herili
817 1265 872 1298 illa
884 1267 917 1298 in

41 1318 162 1353 liberos
183 1314 341 1358 potestate
372 1310 484 1343 abusos
507 1309 642 1342 constet.
696 1307 749 1340 Ne
766 1330 776 1347 ,
806 1315 842 1339 ut
862 1307 917 1340 alii

42 1367 177 1403 putant,
209 1357 254 1388 ita
273 1365 332 1387 iios
356 1361 522 1394 putemus,
555 1349 626 1383 sunt
642 1349 726 1381 enim
747 1349 815 1381 haec
839 1349 917 1390 eJus-

43 1400 150 1439 modi,
173 1408 243 1441 quae
261 1406 320 1429 nec
338 1395 494 1428 rationem
508 1392 642 1432 haberit,
674 1400 734 1423 nec
751 1390 916 1423 auetorita-

46 1451 112 1474 tein
131 1441 239 1473 uuam.

90 1483 149 1516 Sed
161 1506 171 1522 ,
193 1481 278 1523 quod
295 1478 410 1512 nostrae
428 1477 622 1520 potiffimum
647 1484 733 1507 curae
750 1473 815 1513 est,
837 1473 869 1506 id
888 1483 916 1506 a-

46 1534 173 1568 gamus,
200 1524 230 1555 δ(
247 1530 421 1564 quaeramus
439 1519 478 1551 de
496 1527 640 1560 tempore
656 1516 766 1555 accisi,
790 1515 843 1548 vel
881 1525 915 1547 0-

46 1569 110 1599 ti'us
129 1564 226 1598 excifi
237 1587 248 1603 ,
271 1562 424 1604 ejusjtuis
438 1561 542 1603 patrii.
588 1558 723 1600 jacobus
740 1556 853 1589 Gotho
869 1566 915 1589 re-

45 1609 104 1641 dus
132 1608 238 1639 Comm.
268 1605 305 1637 ad
331 1605 351 1636 l.
378 1614 406 1635 2.
442 1603 473 1635 C.
502 1602 555 1634 Th.
576 1603 609 1633 de
632 1601 736 1633 Liber.
759 1598 836 1641 caus.
860 1597 915 1631 sub

45 1649 187 1682 Adriano
208 1647 309 1679 adhuc
338 1646 549 1687 quadamtenus
582 1641 699 1675 stetiffe
729 1641 887 1673 existimat
903 1663 914 1679 ,

42 1691 96 1725 sed
115 1691 241 1731 penitus
255 1688 367 1720 deinde
382 1686 477 1718 fuifl'e
499 1685 684 1726 abrogatum
697 1707 708 1723 ,
731 1683 780 1715 uti
804 1691 843 1713 ue
861 1680 915 1714 sub

43 1732 227 1767 Alexandro
254 1731 384 1764 Severo.
430 1728 473 1760 At
497 1736 575 1759 vero
605 1725 663 1758 sub
684 1725 753 1766 ipso
808 1723 917 1756 driano

42 1774 132 1808 illam
146 1774 264 1805 liberos
283 1770 459 1804 trucidandi
480 1767 670 1811 potestatem
693 1768 755 1808 jam
773 1764 917 1804 cessasse,

44 1815 118 1848 inde
137 1814 216 1847 mihi
234 1814 272 1846 fit
287 1812 452 1855 probabile
470 1834 481 1850 ,
511 1809 597 1852 quod
617 1809 773 1841 Adrianus
791 1816 832 1840 ne
849 1806 914 1849 qui-

42 1857 114 1890 dem
129 1857 161 1889 in
176 1854 284 1888 servos
298 1854 436 1887 dominis
455 1852 565 1885 saevire
594 1850 780 1894 permiserit.
825 1847 915 1881 Servi

44 1898 125 1941 apud
153 1898 316 1930 Romanos
338 1896 397 1928 vix
419 1894 584 1926 hominum
610 1901 743 1925 numero
763 1890 916 1923 habeban-

44 1947 116 1979 tur,
145 1938 227 1971 unde
249 1939 304 1971 illa
327 1937 408 1980 apud
431 1935 637 1976 Juvenalem‚
664 1934 694 1966 O
715 1934 848 1972 demens,
871 1933 916 1963 ita

36 1982 143 2024 servus
168 1981 246 2012 hoino
274 1979 339 2020 est?
369 1979 400 2011 ὃς
419 1976 523 2019 Hispo
546 1977 707 2008 Romanus
725 1974 806 2017 apud
822 1975 915 2007 Sene-

45 2033 114 2055 cam
134 2022 176 2054 L.
200 2021 244 2054 X.
257 2023 407 2054 controv.
427 2029 458 2060 4.
489 2029 540 2050 tan
566 2027 637 2049 uam
655 2026 696 2048 ex
711 2017 779 2058 Jure
793 2015 916 2057 vulgari

67 2063 257 2097 ronunciat:
288 2065 322 2094 in
337 2062 461 2104 servum
484 2061 547 2092 nihi
589 2069 650 2090 non
678 2059 790 2090 domino
816 2057 913 2088 licere.

43 2073 261 2146 ffemporibus
275 2103 427 2146 Augusti,
450 2110 545 2143 atque
561 2100 639 2132 adeo
665 2100 766 2141 prima
783 2099 914 2131 Monar-

48 2145 132 2178 chiae
156 2145 307 2177 Romanae
335 2152 449 2182 aetate,
479 2143 580 2175 adhuc
605 2141 686 2173 nihil
706 2150 769 2173 non
795 2139 915 2178 licuit,

45 2195 106 2220 nec
127 2187 157 2218 ei
172 2208 184 2226 ‚
212 2187 296 2227 quod
318 2195 393 2218 tunc
408 2185 485 2226 juris
501 2192 588 2222 erat,
609 2181 807 2215 contradixit
822 2181 915 2213 Sene-

46 2238 84 2260 ca
119 2228 160 2260 L.
183 2226 240 2259 111.
269 2229 302 2259 de
331 2227 384 2260 Ira
420 2227 451 2258 C.
481 2236 533 2267 40.
564 2224 704 2257 servavit
721 2223 848 2266 quidem
871 2222 916 2254 ibi

45 2270 205 2311 Augurius
235 2267 358 2300 servum
382 2267 475 2299 Vedii
497 2266 653 2298 Pollionis
672 2289 682 2305 ,
718 2265 801 2307 apud
823 2271 916 2305 quem

46 2311 211 2350 coenabat,
237 2309 288 2342 sed
297 2315 389 2340 motus
400 2331 412 2347 ,
435 2307 539 2349 inquit
553 2308 689 2346 Seneca,
709 2308 841 2338 novitate
853 2315 917 2336 cru-

45 2353 198 2390 delitatis,
219 2361 290 2383 nam
309 2351 455 2382 dominus
483 2348 630 2395 servum,
659 2348 745 2389 quod
761 2346 915 2390 crystalli-

45 2403 120 2427 num
135 2392 273 2434 fregerat
284 2416 293 2431 ,
315 2393 348 2424 in
365 2390 484 2433 piscina
501 2399 647 2422 muraenis
659 2389 786 2429 jusserat
806 2387 915 2429 objici,
965 2391 969 2394 '

45 2434 200 2478 praesente
216 2433 357 2472 Caesare,
382 2433 422 2464 ad
443 2432 533 2472 cuius
558 2431 652 2473 pedes
669 2439 746 2472 puer
763 2428 915 2470 confuge-

46 2485 114 2515 rat3
146 2475 308 2517 singularis
330 2474 399 2511 haec
430 2473 547 2514 species
571 2479 663 2511 erat,
690 2482 761 2513 quae
784 2471 823 2503 ad
841 2471 917 2502 alias

46 2518 203 2550 diffimiles
227 2516 342 2548 frustra
374 2514 572 2547 transfertur.
627 2512 722 2546 Haud
747 2512 852 2545 multo
873 2518 917 2543 ta-

46 2568 119 2592 men
135 2558 206 2600 post
226 2565 396 2599 temperata
410 2555 557 2588 nonnihil
570 2553 635 2587 fuit
650 2554 774 2587 infinita
787 2554 843 2586 illa
861 2553 917 2585 do-

46 2600 205 2633 minorum
224 2600 257 2631 in
273 2598 380 2631 servos
405 2597 563 2640 potestas,
597 2596 683 2638 qued
702 2596 764 2637 jam
776 2617 788 2634 ,
810 2594 849 2626 de
866 2593 920 2626 sua

47 2649 159 2679 aetate,
185 2640 336 2672 indicavit
361 2640 479 2673 Seneca
512 2638 552 2670 L.
575 2637 627 2670 111.
657 2638 691 2669 de
724 2635 852 2677 BenefiC.
880 2636 912 2667 C.

49 2692 102 2714 22.
123 2682 153 2713 &
169 2680 238 2713 sane
250 2679 367 2713 fraenos
391 2681 440 2713 illi
466 2680 576 2720 injecit
596 2679 666 2713 Lex
686 2678 836 2711 Petronia
858 2675 914 2709 sub

48 2722 202 2761 Nerone,
223 2722 262 2753 de
277 2731 337 2763 qua
352 2722 397 2754 est
419 2722 451 2754 ὅ(
472 2722 505 2754 in
527 2721 547 2753 l.
577 2730 626 2753 112
647 2720 677 2763 §.
700 2731 730 2753 2.
746 2719 787 2762 ff.
811 2720 850 2751 ad
872 2718 912 2751 L.

50 2764 163 2796 cornel.
185 2765 218 2794 de
235 2762 322 2802 ficar.
346 2773 422 2795 mox
437 2772 516 2795 vero
537 2764 694 2793 ἀνυπεύθυνον
712 2762 793 2794 illud
808 2762 840 2793 in
854 2759 913 2792 ser-

48 2815 109 2837 vos
127 2804 290 2850 imperium
307 2804 432 2845 prorsus
453 2804 578 2836 sustulit
599 2804 772 2842 Adrianus,
792 2800 912 2834 mitiffi-

50 2855 120 2893 mus
148 2845 296 2885 Princeps
315 2866 326 2882 ,
352 2846 404 2886 qui
422 2868 432 2885 ,
463 2846 591 2878 auctore
613 2845 780 2887 Spartiano
796 2844 828 2876 in
851 2843 914 2885 ejus

53 2887 132 2919 Vita
158 2887 190 2918 C.
215 2884 337 2918 XVIII.
360 2886 459 2927 servos
483 2897 503 2919 a
529 2887 654 2919 dominis
673 2888 764 2918 occidi
786 2889 885 2918 vetuit
901 2907 913 2924 ,

52 2936 149 2969 eosque
174 2925 420 2973 justit-damnari
437 2933 492 2968 per
504 2929 619 2971 judices
630 2951 642 2967 ,
659 2927 689 2967 fi
709 2929 796 2971 digni
815 2926 911 2968 efflent.

51 2968 210 3014 Remanfit
232 2975 329 3009 igitur
356 2967 508 3002 duntaxat
535 2970 718 3012 castigatio,
740 2975 770 3002 <st
787 2968 914 3010 quidem

52 3009 196 3055 modica,
217 3018 287 3055 nam
299 3017 358 3040 nec
381 3007 471 3050 supra
485 3011 614 3043 modum
625 3011 658 3043 in
674 3010 781 3043 servos
798 3010 914 3043 servas-

52 3060 94 3082 ve
110 3048 222 3082 saevne
241 3048 305 3091 ipse
316 3049 372 3081 ille
387 3049 539 3082 Adrianus
555 3051 701 3093 speciali,
723 3052 840 3085 &mox
848 3051 912 3083 An-

54 3092 183 3137 toninus
200 3090 294 3129 Pius,
315 3091 347 3123 ἀ
360 3090 425 3130 ejus
443 3088 613 3131 successor,
640 3094 777 3137 generali
789 3092 913 3125 Consti-

54 3141 180 3164 tutione
202 3132 298 3164 cavit.
341 3131 515 3172 Utriusque
528 3132 780 3166 Constitutiones
802 3133 873 3166 sunt
885 3143 913 3165 a·

55 3173 120 3217 pud
148 3172 320 3215 Ulpianum
342 3173 375 3206 in
402 3172 423 3204 l.
453 3182 484 3206 2.
501 3172 542 3215 ff.
575 3174 608 3206 de
631 3174 692 3206 His
714 3176 764 3217 qui
775 3175 849 3218 sunt
863 3174 915 3217 sui

961 768 1010 800 vel
1034 767 1125 801 alien.
1153 769 1202 801 ἀν.
1229 769 1259 802 &
1283 770 1315 803 iii
1337 772 1444 805 Collat.
1467 773 1539 806 LL.
1562 768 1689 817 Mosaic.
1714 771 1751 812 ὃ·
1773 775 1832 808 Ra·-

961 820 1042 841 man.
1081 809 1114 841 T.
1156 810 1195 857 H.-
1229 811 1281 843 loc.
1302 824 1333 854 3.
1389 814 1472 861 Quis
1489 825 1574 847 nunc
1591 818 1716 857 credat,
1741 819 1837 860 patri-

962 851 1020 884 bus
1036 850 1257 899 subssdriano
1284 856 1354 895 plus
1371 856 1449 895 juris
1463 855 1558 888 fuiffc
1575 859 1731 900 reliquum
1747 861 1779 892 in
1798 860 1834 892 li⁴

962 893 1074 940 beros,
1098 893 1247 940 ins-Dives
1268 895 1453 941 Romanos,
1475 907 1568 940 quain
1584 900 1720 933 dominis
1733 901 1765 934 in
1775 900 1833 934 sei·—

962 944 1046 981 vos,
1066 945 1099 968 iri
1114 935 1191 967 Vilia
1212 938 1343 977 capita?

1004 977 1038 1023 Si
1060 977 1130 1018 quis
1158 986 1175 1008 a
1202 976 1300 1010 servis
1321 980 1359 1011 ad
1381 980 1498 1013 liberos
1515 983 1599 1015 reste
1613 990 1834 1025 argumentum

960 1018 1035 1065 duc-i
1050 1017 1137 1064 polife
1154 1025 1265 1064 neget,
1289 1020 1375 1054 hunc
1394 1022 1501 1053 audii-e
1515 1024 1629 1064 velim,
1662 1035 1731 1067 quae
1749 1034 1835 1060 nunc

959 1060 1000 1092 de
1019 1059 1089 1106 ipsis
1104 1059 1211 1091 liberis
1230 1061 1353 1106 plenius
1373 1063 1543 1103 &preffius
1557 1065 1673 1098 dicam*
1719 1068 1835 1102 Ordiai·

959 1111 977 1133 a
995 1100 1137 1147 Traiano
1154 1123 1171 1147 ,Ι
1197 1110 1252 1142 qui
1277 1102 1448 1136 Adrianum
1471 1106 1646 1146 praeceffit,
1673 1109 1821 1151 &quaero

958 1152 998 1175 an
1016 1151 1084 1188 non
1097 1152 1147 1182 Jus
1164 1142 1244 1174 illud
1263 1144 1341 1176 vitae
1358 1145 1389 1176 δε
1408 1148 1494 1179 necis
1512 1151 1656 1187 evertat,
1678 1151 1764 1191 quod
1782 1135 1837 1184 illt':

958 1189 1102 1230 coegerit
1119 1191 1242 1230 patrem
1256 1186 1452 1227 emancipare
1465 1188 1585 1230 filium,
1612 1190 1836 1226 inclementius

960 1225 1131 1272 habitum?
1163 1233 1208 1271 ita
1231 1226 1309 1259 inihi
1336 1228 1472 1261 videtur.
1519 1230 1598 1263 Rem
1614 1231 1711 1274 ipsam
1731 1243 1836 1267 nai-rat

960 1267 1149 1314 Papinianus
1174 1276 1206 1313 iri
1229 1268 1250 1300 l.
1272 1269 1331 1315 ult.
1348 1269 1389 1312 ff.
1414 1270 1447 1301 Si
1463 1281 1482 1303 a
1492 1278 1613 1313 parent.
1626 1277 1691 1316 quis
1701 1280 1831 1307 manum.

953 1308 1006 1348 fit.
1050 1308 1171 1348 Dzvus,
1191 1318 1317 1356 inquit,
1345 1312 1494 1354 Trajanus
1505 1312 1627 1355 filium,
1650 1325 1733 1358 quem
1746 1323 1835 1359 pater

959 1350 1035 1382 male
1051 1355 1153 1382 contra
1166 1356 1308 1396 pzetatem
1322 1352 1497 1395 adficiebat,
1521 1358 1617 1400 coegit
1634 1361 1832 1401 emancipare,

959 1392 1113 1434 denegata
1135 1399 1231 1424 etiam
1254 1395 1357 1435 patri,
1391 1402 1428 1428 ut
1452 1405 1530 1429 mox
1550 1397 1710 1441 sequitur,
1733 1401 1834 1434 bono-

959 1443 1030 1482 rum
1060 1432 1245 1481 poss'esfiqne
1265 1441 1384 1483 propter
1409 1437 1756 1482 neceffitatemfhlvendae
1770 1445 1834 1485 p'z'e'-

959 1481 1050 1514 tatis,
1081 1484 1153 1506 nam
1166 1481 1315 1522 putans,
1349 1485 1385 1510 ut
1406 1479 1524 1521 legitur
1538 1504 1548 1521 ‚
1576 1481 1744 1524 legendum
1760 1485 1806 1517 est
1822 1508 1833 1525 ‚

957 1527 1023 1550 non
1033 1514 1207 1558 potestatis,
1227 1525 1264 1550 ut
1283 1519 1414 1552 volebat
1424 1521 1609 1556 Franciscus
1628 1523 1835 1559 Hotomanus

958 1559 997 1590 ad
1018 1557 1046 1600 Β.
1066 1559 1121 1590 ult.
1143 1557 1218 1600 Inst.
1237 1560 1271 1591 de
1294 1560 1356 1592 His
1382 1564 1432 1603 qui
1444 1562 1575 1605 suntsui
1591 1565 1640 1597 vel
1659 1566 1749 1599 alien.
1766 1569 1830 1611 jur.v

958 1600 990 1633 &
1004 1599 1117 1632 Petrus
1136 1608 1264 1642 quoque
1286 1601 1387 1634 Faber
1417 1604 1457 1636 L.
1477 1604 1532 1637 ΙΙΙ.
1557 1605 1690 1649 Semestr.
1720 1609 1751 1641 C.
1782 1613 1832 1643 166

957 1649 1029 1673 utra
1053 1650 1092 1688 ue
1109 1650 1177 1687 vox
1191 1642 1283 1675 nullo
1299 1643 1353 1675 hic
1369 1643 1550 1679 discrimine
1565 1648 1697 1682 habetur
1738 1658 1774 1683 ut
1785 1661 1833 1683 re-

959 1683 1008 1731 cte
1044 1691 1180 1729 'uJaCIUS
1195 1684 1418 1718 animadvertit
1432 1687 1469 1719 ad
1490 1688 1531 1722 L.
1556 1689 1618 1722 XI.
1639 1674 1748 1739 Qjccest.
1773 1693 1834 1725 Pa-

952 1731 1020 1772 pzn.
1042 1734 1075 1771 in
1095 1725 1124 1772 d:
1146 1724 1166 1755 l.
1191 1725 1246 1758 ult.
1291 1725 1446 1760 Coercuit
1475 1729 1574 1772 igitur
1601 1731 1759 1772 Trajanus
1783 1744 1834 1776 pa-

958 1775 1016 1814 tris
1046 1772 1243 1807 impietatem
1262 1791 1272 1807 ‚
1304 1768 1411 1800 ablato
1438 1771 1555 1811 etiam,
1582 1774 1666 1814 quod
1681 1774 1814 1808 habebat

957 1817 1044 1855 lure,
1068 1817 1109 1839 ne
1125 1808 1208 1839 ultra
1225 1809 1338 1842 saevire
1355 1810 1477 1853 poffet,
1501 1814 1531 1846 ὅς
1548 1816 1650 1856 probo
1664 1840 1672 1855 ‚
1697 1818 1783 1858 quod
1803 1801 1834 1851 ἕξ

957 1849 1013 1882 alii
1036 1849 1108 1881 inde
1128 1848 1322 1891 effecerunt,
1358 1862 1449 1893 quain
1467 1857 1605 1888 maxime
1625 1857 1655 1888 id
1670 1857 1776 1890 facere
1795 1860 1834 1892 ad

958 1890 1156 1937 refutandam
1172 1914 1181 1931 ‚
1212 1902 1281 1933 quae
1307 1901 1385 1925 tunc
1406 1897 1618 1937 obtinuisset,
1658 1900 1833 1934 lit-erorum

957 1930 1170 1978 promi-seuam
1187 1935 1318 1980 caedem.
1362 1935 1486 1969 Patrem
1503 1937 1684 1972 saevientem
1705 1951 1832 1984 cogere,

960 1982 998 2005 ut
1022 1973 1124 2020 filium
1150 1982 1326 2022 emancipet
1343 2000 1352 2016 ,
1377 1976 1435 2008 vix
1456 1977 1527 2011 sane
1545 1981 1630 2013 aliud
1648 1984 1714 2022 est,
1737 1993 1833 2025 quain

959 2013 1334 2062 domi-rininsaewentem
1361 2027 1499 2060 cogere,
1531 2030 1567 2053 ut
1591 2022 1715 2056 servum
1741 2027 1833 2059 bonis

959 2057 1199 2103 conditionibus
1223 2059 1364 2097 vendat,
1399 2062 1485 2101 quod
1510 2063 1618 2104 postea
1651 2065 1833 2101 Antoninus

958 2097 1042 2138 Juffit
1059 2107 1090 2130 in
1116 2099 1215 2146 dig.
1227 2099 1268 2141 ff.
1278 2102 1312 2131 de
1322 2100 1384 2147 His
1400 2103 1531 2145 quisunt
1540 2105 1592 2146 sui
1608 2107 1656 2138 vel
1668 2108 1828 2151 aliemjur.

1001 2138 1053 2171 De
1066 2139 1251 2186 Successore
1271 2141 1410 2174 Adriano
1437 2145 1526 2185 audi,
1555 2147 1628 2188 quid
1648 2148 1832 2183 Marcianus

958 2179 1076 2213 referat
1094 2190 1126 2229 in
1147 2182 1167 2212 l.
1183 2191 1216 2221 5.
1231 2182 1271 2223 ff.
1291 2184 1325 2215 de
1344 2183 1386 2216 L.
1403 2184 1537 2230 Pompej.
1563 2190 1596 2220 de
1608 2191 1723 2230 parrid.
1770 2191 1831 2224 Di-

959 2232 1015 2270 vur
1033 2222 1187 2254 Adrianus
1198 2223 1318 2264 fertur,
1332 2235 1397 2273 cum
1417 2228 1451 2258 in
1467 2232 1622 2262 venatione
1634 2230 1831 2274 filiumsuum

958 2265 1077 2312 gurdam
1102 2271 1281 2306 necaverat,
1314 2276 1364 2313 qur
1392 2278 1548 2302 novercam
1563 2273 1772 2313 adulterabat,
1796 2276 1829 2306 in

958 2305 1090 2353 2⁷²sul,⁰m‚
1102 2316 1167 2337 eum
1182 2307 1357 2350 deportaſje,
1376 2312 1448 2350 quod
1469 2311 1592 2344 latronis
1609 2316 1725 2356 magis,
1742 2325 1829 2356 quam

953 2353 1053 2395 patris
1072 2357 1159 2390 jure,
1189 2358 1253 2380 eum
1280 2351 1462 2391 interfecit.-
1492 2363 1562 2384 nam
1582 2358 1687 2394 patria
1699 2355 1828 2397 potestas

958 2393 1115 2462 zndpietate
1142 2391 1259 2437 debet).
1273 2400 1332 2422 non
1354 2394 1510 2426 atrocitate
1527 2394 1684 2436 consistere.
1731 2397 1829 2431 Vides

958 2429 987 2462 A
1009 2439 1138 2478 riarium·
1150 2431 1306 2478 puniviffe
1314 2434 1461 2478 patrem,
1484 2435 1542 2467 filii
1560 2437 1798 2471 interfetftorem
1818 2460 1830 2480 ,

959 2480 1103 2517 quarnws
1128 2472 1287 2519 justissima
1311 2474 1529 2516 indignatione
1551 2485 1697 2518 motum,
1721 2480 1751 2512 ἀ
1795 2491 1827 2512 u-

957 2511 1074 2558 niviss'e
1092 2512 1334 2561 deportatione,
1386 2525 1435 2549 uae
1460 2518 1617 2552 ordinaria
1633 2520 1729 2563 Legis
1777 2531 1826 2554 or-

957 2553 1050 2600 neliae
1067 2554 1106 2586 de
1121 2555 1237 2588 sicariis
1252 2565 1346 2598 poena
1380 2558 1443 2590 uit:
1473 2560 1506 2591 id
1526 2569 1632 2593 autem
1649 2567 1764 2594 tantum
1773 2569 1827 2604 pa—

956 2599 1041 2626 mtur
1051 2618 1062 2635 ,
1084 2596 1157 2637 quod
1169 2606 1226 2628 non
1239 2597 1328 2637 licet,
1349 2606 1386 2631 ut
1402 2599 1448 2633 est
1464 2602 1546 2643 apud
1560 2603 1709 2636 Senecam
1731 2604 1826 2637 LX.

957 2636 1096 2683 Controv.
1123 2646 1155 2678 5.
1182 2679 1184 2683 v
1207 2638 1251 2671 Et
1276 2646 1380 2672 tamen
1397 2663 1409 2680 ,
1438 2641 1524 2683 quod
1540 2644 1679 2685 mireris,
1700 2645 1756 2677 hac
1779 2654 1825 2678 et-

956 2687 1018 2710 iam
1042 2678 1129 2726 Lege
1156 2687 1290 2712 utuntur
1304 2703 1315 2720 ‚
1348 2683 1402 2723 qui
1427 2684 1465 2715 ad
1481 2694 1579 2727 usque
1602 2694 1726 2719 aetatem
1741 2686 1827 2720 Con-

957 2719 1083 2753 stantini
1109 2720 1159 2753 M.
1194 2721 1225 2754 δι
1242 2721 1343 2769 ultra,
1367 2725 1510 2765 patribus
1527 2726 1692 2768 indulgent
1709 2727 1826 2760 libero-

953 2770 1024 2808 rum
1048 2761 1150 2794 caedes
1166 2785 1177 2802 ,
1211 2772 1376 2804 quamVis,
1399 2765 1421 2798 fi
1444 2766 1519 2814 quid
1535 2768 1601 2807 eius
1619 2769 1662 2799 rei
1680 2769 1796 2809 probet
1813 2789 1826 2809 ,
1871 2799 1874 2802 ,

954 2802 1034 2835 nihil
1050 2806 1185 2845 probare
1199 2804 1292 2851 poffit
1307 2815 1400 2846 quam
1414 2807 1453 2838 de
1467 2815 1560 2840 aetate
1575 2809 1723 2848 Adriani,
1747 2819 1824 2852 quo-

953 2853 1052 2885 usque
1071 2844 1101 2877 &
1116 2854 1184 2877 eam
1201 2846 1361 2887 restringit
1384 2847 1520 2888 Jacobus
1542 2847 1764 2883 Gothofredus
1785 2853 1824 2885 ad

954 2886 974 2918 l.
1001 2896 1029 2918 2.
1055 2887 1087 2918 C.
1112 2886 1168 2933 Th.
1191 2887 1225 2918 de
1248 2887 1353 2919 Liber.
1385 2889 1461 2930 caus.
1491 2899 1576 2920 ratus
1592 2889 1824 2933 nihilominus,
1870 2901 1872 2904 ’

953 2927 997 2960 fic
1018 2926 1092 2960 satis
1110 2927 1182 2959 inde
1201 2928 1350 2969 probari,
1373 2929 1560 2970 impunitam
1582 2938 1659 2963 tunc
1679 2930 1773 2966 fuiss'e
1789 2935 1826 2968 li-

955 2970 1103 3001 berorum
1130 2968 1259 3000 caedem.
1304 2968 1339 3000 ld
1363 2979 1476 3010 putant
1501 2972 1639 3004 obtineri
1671 2973 1760 3015 poffe
1783 2986 1824 3009 eo

953 3015 1140 3055 argumento
1148 3018 1165 3055 3‘
1181 3009 1266 3050 quod
1280 3018 1320 3040 ex
1337 3011 1496 3043 contraria
1513 3011 1666 3046 sententia
1683 3016 1824 3058 elicitur,

954 3061 1027 3096 nain
1037 3073 1063 3097 ,ι
1079 3057 1246 3090 inquiunt,
1274 3059 1339 3081 non
1363 3060 1399 3082 ea
1424 3051 1514 3084 causa
1531 3053 1685 3088 Adrianus
1702 3065 1824 3098 patrem

953 3098 1099 3134 punivit,
1124 3091 1209 3137 quod
1226 3091 1328 3122 filium
1350 3092 1532 3133 occidisset,
1567 3093 1618 3127 sed
1633 3097 1713 3138 alia,
1738 3101 1825 3141 quod

955 3142 1069 3178 nempe
1084 3131 1248 3163 occidiss'et
1265 3133 1297 3162 in
1312 3135 1486 3174 venatione,
1509 3136 1573 3168 five
1588 3159 1600 3174 ‚
1625 3146 1660 3169 ut
1677 3149 1754 3171 mox
1780 3141 1824 3173 sc-v

958 3183 1088 3216 qmmr,
1117 3173 1190 3215 quod
1216 3173 1339 3206 latronis
1363 3176 1478 3217 magis,
1512 3187 1598 3218 quam
1615 3182 1713 3220 patris
1723 3183 1790 3225 jure
1810 3206 1822 3220 ,

1759 3234 1823 3254 &dm
