2008 3436
838 104 858 152 (
883 115 950 152 373
975 104 996 153 )

31 188 1759 281 &w‘235U‘ssffffffifflll‘effi4)ffi5<)ssvweffi·wss⁵wsswsswess‘ae’U‘tss-(UY

875 310 973 395 rQ
981 309 1303 394 eei-{esee
1313 311 1413 396 QQ
1422 312 1743 396 eea-*ea

33 442 1818 525 ᾡῦᾣω·ιῖὃᾶὶῡῷἅῦὓῦᾣ4ὶᾱὲ4ὓ*Ε’Θςΐὲωῧωίὲὓῲωῷὓῷ

34 286 79 328 1:22·

34 411 71 448 q>

1763 187 1812 271 e

1765 275 1815 391 Ξ

303 586 606 640 VIRI
703 585 1558 637 CLARISSIMI

181 713 919 788 GERARDI

1057 710 1660 785 NOODT‚

543 854 861 924 Juriscorffulti
910 853 966 906 {9⁹
1017 852 1316 921 Anteceſjoris
1330 890 1345 915 ,

38 981 631 1088 AMICA
766 977 1818 1089 RESPONSIO

649 1136 834 1178 CUM
913 1134 1201 1178 NOTIS

111 1248 601 1313 CORNELII
668 1246 872 1306 VAN
936 1245 1742 1320 BYNKERSHOEK5

595 1359 881 1418 -Jurisconsuln
935 1360 993 1413 &²
1048 1360 1247 1417 Praestdis,

34 1503 298 1546 Princ.num.(=.)
311 1515 338 1545 Ji:
366 1504 492 1545 ww&
505 1511 579 1535 uem
601 1500 679 1534 mihi
697 1498 850 1532 destinavi
869 1499 904 1532 fi-

329 1551 335 1557 ·
520 1553 614 1582 nem,
638 1543 777 1574 animum
801 1541 904 1582 appel-

367 1599 389 1617 ιι
423 1587 431 1592 ”
484 1601 485 1605 =
520 1585 587 1618 lens
596 1584 675 1616 olim
684 1583 722 1615 ad
731 1582 904 1615 confectio-

312 1655 367 1692 {a
395 1658 491 1693 Q(
517 1669 588 1700 libri
599 1667 765 1714 singularis
790 1667 822 1697 de
835 1672 906 1713 pqr·

37 1719 84 1745 tus
96 1710 269 1752 expositione
286 1709 322 1746 &2⁹
335 1720 403 1742 nece
421 1712 499 1752 apud
518 1710 642 1742 Veteres
652 1733 663 1749 ‚
692 1719 718 1740 is
735 1708 805 1740 finis
821 1707 903 1748 fuit,

34 1752 118 1786 inter
134 1754 194 1785 alia
213 1761 315 1793 neque
334 1752 542 1795 inelegantia,
564 1761 666 1793 neque
693 1758 766 1782 ante
781 1749 906 1791 pervul-

35 1804 128 1838 gata,
148 1795 180 1826 in
200 1794 222 1826 l.
244 1804 275 1835 4.
311 1793 352 1826 D.
384 1796 417 1826 de
438 1795 629 1838 agnoscendis
649 1792 685 1828 ἐξ
703 1792 817 1823 alendis
838 1791 905 1823 libe-

36 1838 100 1876 n's,
121 1837 268 1877 detegere
283 1844 420 1867 mentem
437 1837 511 1877 julii
529 1836 635 1874 Pauli,
658 1844 712 1876 per
732 1834 856 1879 aliquot
866 1832 908 1864 se-

37 1878 108 1910 cula
134 1887 152 1910 a
178 1877 341 1909 nobilibus
364 1878 498 1920 ingeniis
529 1877 638 1909 sedulo
664 1874 907 1916 investigatam,

36 1928 146 1952 verum
164 1929 182 1951 a
198 1919 310 1958 nullo,
332 1928 485 1968 quantum
502 1918 631 1952 memini
646 1942 656 1958 ,
679 1925 836 1959 repertam
854 1924 908 1963 aut

37 1960 287 1993 demonstratam.
334 1961 411 1993 hrat
437 1971 515 1993 vero
542 1961 680 2002 pretium
701 1968 807 2001 operae
828 1980 839 1997 ,
862 1967 909 1989 vi-

36 2002 124 2042 deri,
146 2002 318 2045 cognosci,
344 2003 480 2045 intelligi
496 2012 561 2034 rem
578 2001 745 2043 insignem:
770 1999 911 2041 adquam

36 2043 95 2076 suo
112 2053 274 2086 tempore,
296 2054 332 2076 ac
347 2044 404 2076 suo
423 2045 541 2084 modo,
563 2043 699 2076 intendit
716 2042 816 2083 Julius
834 2041 910 2073 Pau-

38 2085 111 2124 1us3
135 2086 165 2118 δε
181 2086 246 2117 alio
265 2086 296 2117 in
325 2087 558 2127 compositione
571 2085 794 2117 pandectarum
810 2082 909 2128 Impe-

38 2134 127 2159 rator
138 2126 335 2167 justinianus.
358 2127 412 2169 (ἓ)
433 2127 510 2160 Non
519 2131 603 2159 enim
620 2127 702 2158 idem
715 2125 878 2165 utriusque
887 2134 910 2155 1-

39 2177 90 2199 ter
117 2166 206 2200 fuit:
243 2167 295 2199 scd
311 2169 396 2210 quod
416 2169 486 2202 suus
509 2169 653 2201 ostendet
671 2169 782 2206 locus,
804 2166 907 2212 dixser-

39 2209 119 2242 sum.
142 2218 311 2248 utrumque
328 2218 432 2242 tamen
449 2218 522 2243 ante
539 2209 732 2242 obstructum
742 2231 754 2247 ‚
766 2216 910 2239 omnium

41 2249 150 2282 obfuit
173 2250 344 2283 industriae.
374 2262 392 2283 a
409 2261 460 2283 me
479 2250 705 2293 deprehensum
722 2248 830 2282 nescio
845 2258 911 2291 quo

40 2291 130 2332 fato,
154 2290 208 2333 (³)
230 2291 761 2325 cercefaventefortunaindefeffae
779 2291 909 2332 diligen-

40 2334 116 2372 tiae‚
141 2334 310 2366 admodum
325 2335 434 2374 juveni
462 2334 524 2366 fine
547 2334 753 2374 cavillatione
775 2334 911 2374 primum

41 2376 164 2416 aperuit
180 2375 212 2406 in
231 2377 260 2407 cl.
283 2376 344 2416 l.4.
372 2376 535 2416 utriusque
554 2374 692 2414 sensum,
713 2373 853 2406 discuffis
866 2381 911 2404 te-

42 2418 166 2456 nebris,
185 2426 258 2449 eum
275 2426 367 2449 tanto
386 2425 529 2458 tempore
544 2415 817 2449 abscondentibus.
839 2414 912 2447 Nec

43 2545 140 2576 Princ.
156 2553 235 2574 num.
249 2553 275 2574 1.
299 2545 374 2614 ςίε
389 2544 444 2577 est,
467 2550 499 2573 ut
513 2544 567 2575 ais.
588 2551 646 2572 non
663 2542 720 2572 alio
735 2543 790 2572 fine
806 2542 913 2572 scilicet

52 2584 59 2602 -“
117 2591 121 2595 “
297 2599 328 2618 μ
368 2590 395 2611 te
409 2583 524 2611 edidisse
545 2581 656 2621 Jnlz'um
674 2583 806 2615 Paulum,
827 2591 913 2618 quam

46 2627 78 2651 ut
94 2622 193 2653 aliter,
214 2630 297 2658 quam
313 2622 377 2655 alii,
400 2621 555 2658 explicares
579 2630 662 2649 unam
683 2623 701 2650 l.
723 2629 748 2656 4.
762 2619 803 2658 ff.
824 2622 854 2648 de
873 2620 913 2648 A·

44 2660 132 2700 gmgsc.
160 2658 196 2694 ὅ)
216 2660 300 2689 alend.
328 2662 402 2688 liber.
430 2669 496 2689 nam
523 2660 595 2693 alia,
625 2668 685 2696 quae
699 2661 738 2688 ibi
756 2660 834 2692 sunt.
855 2667 914 2688 non

47 2706 114 2733 tua,
137 2698 182 2726 sed
198 2697 257 2726 fere
271 2698 361 2726 aliena
381 2698 457 2733 sunt,
477 2706 509 2727 ut
533 2699 625 2726 dicam
646 2699 695 2727 suo
710 2699 786 2726 loco,
827 2697 914 2727 Pluri-

47 2746 110 2767 mos
136 2737 241 2765 Libros
266 2736 413 2773 singulares
435 2737 617 2774 conscripsisti
632 2759 639 2770 ,
667 2744 698 2766 ut
723 2745 807 2765 unam
823 2737 914 2774 legem

46 2777 207 2813 explicares
219 2775 262 2802 vel
276 2775 445 2804 emendares.
486 2777 558 2805 Aliis
581 2775 608 2804 id
632 2777 714 2804 unius
730 2775 913 2806 Observatio-

45 2816 88 2844 nis
113 2814 243 2843 materies
257 2813 309 2841 effe
325 2814 402 2843 solet.
430 2814 522 2854 Quam
538 2823 683 2852 perperam
700 2821 792 2843 autem
809 2815 835 2844 d.
855 2817 913 2851 l.4.

48 2851 244 2889 explicaveris,
268 2851 294 2879 δι’
306 2861 390 2888 quam
402 2855 587 2883 novaturiens
600 2853 670 2882 nihil
683 2853 838 2890 profeceris
848 2876 855 2888 ‚
872 2855 913 2882 in-

50 2892 160 2928 telliges
179 2891 245 2919 loco
260 2891 347 2926 magis
362 2892 523 2920 commodo.

88 2938 116 2958 2.
137 2931 198 2957 Iino
222 2928 294 2956 idem
318 2928 371 2957 fuit
390 2930 535 2966 utriusque
554 2931 627 2964 iter,
647 2938 702 2960 nec
717 2931 793 2960 aliud
807 2931 888 2960 Pauli
903 2948 915 2967 ‚-

49 2967 126 2997 aliud
141 2967 287 3004 Justiniani
307 2966 360 2995 fuit
379 2967 523 2996 consilium
538 2991 545 3003 ,
566 2976 598 2998 ut
615 2969 718 2998 deinde
728 2971 837 2998 audies.

58 3016 62 3018 ·
89 3015 115 3041 3.
135 3007 180 3034 Au
196 3005 309 3033 fortuna
323 3005 456 3043 indefeffoe
476 3013 542 3040 tute,
563 3014 593 3035 ut
613 3008 671 3045 ipse
689 3010 746 3042 ais,
767 3009 912 3046 diligentiae

49 3046 103 3074 tibi
127 3044 229 3072 faverit
251 3044 278 3071 in
302 3044 470 3080 explicanda
496 3044 521 3073 d.
549 3047 566 3074 1.
591 3056 618 3081 4.
647 3047 702 3075 hoc
721 3047 783 3079 est,
803 3048 840 3076 de
855 3055 914 3084 quo

50 3083 207 3119 quaerimus.
242 3083 288 3110 Tu
303 3081 438 3122 affirmas,
461 3081 486 3110 ἀ
507 3091 644 3119 provocas
670 3085 706 3114 ad
720 3085 864 3124 consensum
875 3087 916 3114 lao-

50 3123 150 3149 minum
165 3122 342 3158 egregiorum,
366 3120 402 3148 ad
419 3128 491 3158 quos
507 3122 669 3158 opusculum
691 3130 769 3152 tuum
789 3124 916 3152 devenit.

49 3159 113 3194 Ego
129 3168 218 3194 nego,
241 3158 266 3187 St
281 3164 439 3195 provocare
454 3158 557 3194 possem
577 3161 610 3189 ad
628 3170 694 3195 eos,
714 3163 816 3198 quibus
831 3157 923 3191 etiam'

51 3206 136 3226 nemo
151 3198 296 3233 negaverit
313 3198 356 3232 jus
368 3194 566 3233 ''suffragii,-'&
587 3200 635 3236 qui
651 3200 736 3236 louge
751 3200 827 3229 aliud
844 3201 916 3229 testi-

51 3238 179 3266 monium
197 3235 344 3273 dixerunt,
366 3236 414 3266 sed
429 3244 518 3273 apage
534 3243 585 3274 ει,
605 3245 665 3274 quae
682 3238 754 3268 nihil
765 3236 918 3278 quicquam

947 1499 1125 1540 diffimulo,
1149 1500 1228 1533 mihi
1266 1495 1351 1534 ostea
1369 1506 1433 1534 tam
1451 1509 1575 1544 gratum
1587 1524 1599 1541 ‚
1620 1510 1714 1543 quam
1729 1503 1824 1535 deco-

947 1551 1017 1574 rum
1029 1565 1040 1581 ,
1061 1541 1155 1574 fuisse
1174 1552 1238 1574 con
1254 1543 1361 1575 ensum
1381 1543 1547 1576 hominum
1565 1544 1764 1585 egregiorum
1784 1544 1824 1577 ad

948 1593 1029 1626 quos
1042 1584 1172 1616 devenit
1200 1583 1290 1626 Opus
1312 1594 1428 1617 meum.
1476 1585 1677 1630 Quamquam
1693 1586 1826 1619 tertium

948 1625 1188 1658 communicato
1206 1635 1279 1658 cum
1299 1627 1426 1658 erudito
1445 1634 1544 1666 orbe,
1563 1627 1630 1668 (ut
1651 1636 1723 1659 raro
1739 1627 1827 1660 idem

949 1666 1030 1708 sapit
1045 1667 1222 1709 omnibus)
1249 1667 1334 1707 vidi,
1365 1667 1597 1709 Ampliffimum
1614 1667 1727 1701 Virum
1740 1693 1750 1708 ‚
1770 1668 1827 1711 (4)

949 1708 1028 1741 mihi
1058 1708 1091 1740 in
1117 1709 1228 1751 primis
1253 1710 1390 1741 amicum
1409 1731 1421 1748 ,
1454 1710 1643 1742 Cornelium
1661 1720 1722 1742 van
1740 1710 1828 1752 Byn-

950 1750 1103 1782 kershoek
1120 1774 1130 1790 ‚
1159 1749 1424 1791 jurisconsultum
1450 1751 1633 1793 Inclytum,
1670 1751 1700 1783 ἃ
1719 1751 1751 1782 in
1771 1752 1829 1783 Su-

950 1801 1058 1834 prema
1075 1791 1278 1832 Hollandiae,
1301 1792 1484 1832 zelandiae,
1509 1793 1540 1826 &
1556 1791 1747 1824 Westfrifiae
1760 1791 1829 1825 ,Cu-

950 1834 996 1865 ria
1016 1832 1224 1874 Affefforem,
1247 1834 1336 1865 edito
1356 1833 1501 1876 Opusculo
1518 1836 1552 1866 de
1566 1834 1634 1877 jure
1653 1835 1829 1874 occidendi,

951 1875 1118 1914 vendendi,
1142 1874 1177 1910 δ’
1192 1875 1355 1917 exponendi
1372 1876 1477 1908 liberos
1494 1878 1571 1917 apud
1581 1876 1730 1907 Romanor
1741 1899 1750 1915 ‚
1771 1875 1829 1919 (ς)

951 1919 1051 1957 nuper
1065 1917 1214 1958 pleraque
1229 1927 1301 1958 quae
1321 1917 1399 1948 mihi
1412 1917 1592 1950 inciderunt
1612 1917 1699 1958 Julio
1717 1917 1829 1959 Paulo,

953 1957 1127 1990 sollicitare
1143 1959 1259 1990 omnia.
1282 1957 1428 1990 Invidere
1441 1959 1551 1991 alienae
1564 1958 1704 1991 libertati
1717 1968 1832 1997 ,num-

953 2008 1046 2041 quam
1071 1998 1136 2031 fuit
1160 2000 1258 2031 moris
1291 1999 1364 2031 mei.
1384 2009 1461 2032 meae
1484 2009 1565 2032 vero
1583 2009 1634 2033 me
1647 1999 1797 2032 oblivisci
1815 2022 1832 2040 ‚

954 2051 1027 2072 cum
1043 2041 1136 2082 posfit
1156 2041 1225 2073 aliis
1245 2040 1405 2083 prodesse,
1428 2051 1530 2083 neque
1547 2042 1630 2073 ratio
1654 2041 1753 2081 velit,
1772 2041 1832 2083 (⁶)

954 2091 1055 2123 neque
1077 2081 1238 2115 Dominus
1264 2092 1323 2114 van
1349 2082 1585 2125 Bynkershoek.
1640 2083 1714 2115 Erit
1729 2083 1832 2125 igitur

950 2124 1000 2164 jus
1015 2124 1141 2165 utrique
1156 2147 1168 2163 ‚
1186 2124 1220 2156 in
1238 2134 1272 2155 re
1288 2123 1360 2159 sciri
1372 2124 1570 2165 digniffima,
1598 2123 1652 2157 sua
1693 2134 1832 2166 uemque

950 2173 1134 2207 argumenta
1153 2166 1185 2197 in
1200 2165 1339 2198 medium
1357 2167 1423 2207 pari
1442 2166 1590 2205 liber-tate
1612 2175 1675 2198 con
1692 2175 1782 2205 erre3
1799 2166 1834 2200 &

952 2207 1029 2248 quid
1052 2208 1123 2248 plus
1145 2207 1292 2239 minusve
1317 2207 1355 2239 ad
1381 2207 1551 2240 verisimile
1581 2208 1732 2247 accedat,
1757 2207 1774 2248 (
1787 2207 1833 2249 7)

952 2249 1034 2281 citra
1052 2249 1198 2280 damnum
1220 2248 1350 2280 affectus
1361 2273 1370 2288 ‚
1393 2249 1462 2281 aliis
1477 2250 1516 2280 ad
1533 2249 1772 2282 discernendum
1785 2258 1834 2280 re-

953 2291 1112 2332 linquere:
1137 2299 1330 2332 unoquoque
1346 2290 1432 2332 quod
1459 2289 1524 2331 ipse
1547 2290 1763 2332 cogitaverit,
1788 2289 1835 2322 ob

953 2332 1128 2365 naturalem
1154 2332 1221 2373 ejus
1243 2341 1382 2364 amorem
1400 2355 1411 2372 ,
1440 2330 1561 2376 semper
1588 2332 1748 2374 optimum
1775 2330 1834 2363 du-

953 2382 1056 2406 cente.

996 2415 1025 2456 §.
1045 2415 1069 2447 Ι.
1095 2415 1114 2457 (
1123 2415 1162 2457 ⁸)
1181 2414 1234 2447 De
1249 2421 1370 2447 caetero
1384 2415 1504 2456 duplex
1520 2424 1579 2447 nos
1590 2415 1764 2457 occupabit
1776 2424 1832 2448 cu-

1780 2467 1835 2489 ra:

955 2543 1100 2578 efficiunt,
1120 2542 1147 2571 δε
1160 2542 1260 2571 lectori
1274 2540 1392 2571 molesta
1408 2541 1530 2577 sunt,ut
1543 2540 1583 2571 est
1599 2542 1693 2571 omnis
1709 2541 1770 2571 laus
1791 2540 1837 2570 sui

957 2584 964 2610 i
988 2584 1049 2611 lius.

967 2592 1022 2656 p4.
1041 2622 1119 2649 Inter
1133 2621 1241 2649 amicos
1258 2620 1347 2648 amice
1363 2620 1407 2656 agi
1426 2625 1557 2657 oportet,
1582 2619 1628 2648 sed
1644 2627 1707 2648 cum
1725 2619 1764 2646 ita
1773 2624 1835 2646 non

957 2661 1063 2697 egeris,
1086 2667 1207 2692 vereor,
1230 2667 1267 2687 ne
1283 2659 1407 2686 amicitia
1425 2665 1475 2687 tua
1490 2659 1651 2690 exciderim.
1694 2658 1767 2686 Mox
1788 2660 1837 2684 me'

958 2698 1081 2736 appellas
1102 2697 1209 2737 J'Ctum
1235 2699 1360 2734 inclytum
1384 2719 1392 2731 ,
1422 2703 1451 2725 at
1473 2698 1496 2725 is
1514 2697 1567 2725 effe
1584 2704 1642 2724 non
1659 2695 1767 2733 possum
1784 2692 1835 2738 ’.fi

958 2744 1014 2768 tam
1031 2736 1191 2774 disputandi
1213 2736 1325 2772 ignarus
1341 2735 1388 2764 lim
1402 2757 1409 2769 ,
1438 2735 1459 2771 fi
1482 2735 1537 2764 alia
1558 2736 1648 2767 vitia,›
1666 2741 1727 2770 quae
1740 2733 1786 2760 hic
1800 2731 1836 2760 il-

957 2777 994 2806 lic
1009 2782 1106 2809 notas,
1129 2784 1174 2803 me
1189 2775 1374 2811 undiquaque
1395 2773 1552 2802 obsideant.
1575 2772 1692 2801 Abstine
1713 2779 1728 2798 a
1746 2769 1834 2799 laude

956 2825 1041 2850 mea,
1063 2814 1151 2843 modo
1170 2814 1195 2842 &
1209 2813 1346 2842 abstineas
1364 2822 1379 2840 a
1400 2819 1443 2840 tot
1465 2810 1752 2849 exprobrationibus,
1774 2817 1833 2843 ma-

956 2855 983 2883 l'e
999 2853 1175 2883 concinnatis
1192 2852 1217 2881 δι
1241 2851 1370 2889 digestis,
1389 2858 1454 2878 nam
1475 2859 1524 2878 cur
1542 2849 1698 2886 pugnantia
1715 2847 1835 2877 scribis?

995 2901 1020 2928 5.
1042 2892 1200 2921 Sollicitavi
1213 2889 1353 2929 plurima,
1373 2897 1436 2925 quae
1459 2888 1520 2916 aliis
1541 2886 1718 2920 inciderunt,
1740 2891 1834 2924 pauca

953 2941 1017 2970 quae
1033 2932 1096 2960 tibi.

994 2974 1022 3000 6.
1043 2970 1216 2999 Libertatem
1243 2966 1386 2996 sententioe
1409 2963 1535 2993 dicendae
1551 2971 1613 2992 cum
1628 2963 1766 2992 Labeone
1782 2967 1841 2991 nt)-v

955 3008 1013 3038 stro
1037 3009 1143 3043 semper
1169 3006 1300 3038 defendi,
1333 3003 1358 3032 δε
1375 3011 1458 3036 amn,
1480 3003 1529 3039 qui
1545 3001 1734 3031 defenderint.
1775 3000 1834 3031 Sed

958 3047 1041 3076 velim
1067 3045 1168 3079 servari
1195 3042 1224 3069 τὶ
1245 3043 1346 3079 πρέπον,
1370 3048 1401 3069 ut
1419 3042 1512 3070 Graeci
1533 3040 1694 3079 appellant,
1716 3039 1741 3069 ἃ
1759 3046 1787 3069 te
1803 3036 1838 3069 id

958 3094 1016 3114 non
1036 3083 1151 3118 servasse
1166 3081 1262 3120 paffim
1285 3080 1441 3118 apparebit.

999 3130 1024 3159 7.
1048 3121 1175 3150 Honesta
1191 3121 1284 3149 oratio
1299 3141 1306 3152 ,
1324 3118 1374 3154 ,sed
1391 3118 1479 3156 hujus
1489 3118 1639 3157 immemor
1654 3125 1720 3146 mox
1735 3116 1836 3146 adalia

959 3162 1056 3191 omnia
1075 3156 1228 3192 delaberis,
1251 3157 1396 3185 affectibus
1414 3152 1530 3185 nimium
1547 3157 1604 3194 ipse
1619 3156 1778 3192 indulgens.

998 3201 1022 3238 §-
1040 3201 1062 3228 Ι.
1084 3201 1109 3228 8.
1138 3198 1217 3227 Duas
1238 3197 1278 3225 ais
1305 3197 1378 3224 inter
1393 3203 1445 3224 nos
1463 3197 1533 3223 verti
1556 3194 1738 3232 quaestiones,
1760 3194 1785 3222 ὃ(
1806 3202 1851 3222 u·-

961 3246 1090 3277 tramque
1107 3236 1256 3276 proponis.
1297 3235 1359 3271 Ego
1388 3242 1458 3264 vero
1481 3234 1631 3264 secundam
1653 3234 1840 3298 quaestione?

1193 3275 1220 3305 A
1237 3282 1253 3303 a
1274 3281 1290 3301 a
1305 3280 1320 3307 3
1823 3278 1840 3297 e
