2008 3436
267 114 712 160 osssmwATiONUM
757 110 892 161 JURIS
943 90 1154 147 Roriam
1211 110 1298 146 Lis.
1329 104 1396 148 iv.
1451 111 1488 147 e.
1515 110 1577 146 ix.
1606 109 1650 145 x.

35 213 219 247 cautionem
226 202 463 248 lapsam-edium
470 207 599 243 partem,
612 206 679 239 qua:
689 194 706 226 s
702 195 752 241 ola
760 193 909 239 damnum

41 256 128 288 dedit
158 252 178 285 fi
188 249 332 282 dominus
341 246 419 277 velit
433 242 645 282 derelinquere
655 263 664 278 ,
674 241 791 269 nullam
806 244 906 267 omni-

42 307 86 330 no
104 277 165 327 cli'e
181 292 353 328 ustionem,
377 286 398 319 si
419 285 522 324 nolit,
547 281 597 314 sed
615 286 754 328 repetat,
778 287 842 309 non
861 286 906 308 es-

42 340 74 371 se
96 334 270 369 coreudum
288 356 297 370 ,
321 328 375 362 nisi
397 336 431 359 ut
452 327 491 358 de
506 326 621 357 damno
642 319 760 369 msccto
778 326 907 368 caveat,

41 382 80 414 de
97 379 146 411 fac
161 388 182 409 o
197 382 299 407 autem
315 380 412 412 nequa
436 377 522 405 uani3
535 365 628 406 idque
642 363 703 396 esse
719 361 909 408 vei·rssiirirrin

43 432 108 454 uno
131 427 187 451 ore
209 413 408 448 consentiunt
454 409 554 447 abeo,
580 405 696 448 Gaius,
721 403 909 451 Africanus,

43 462 216 504 Ulpianus,
240 456 351 488 Paulus
369 454 399 485 in
423 453 442 483 l.
461 456 493 485 ό.
516 450 536 481 l.
555 459 584 490 7.
609 448 636 491 §.
661 457 686 479 1.
713 447 733 478 1.
749 455 795 487 15.
819 446 907 491 §.⁴34

43 507 65 537 l.
81 514 133 544 4⁴.
147 501 189 544 ff.
211 501 245 531 de
267 498 377 529 Damn.
397 493 502 534 infest.
525 493 546 524 l.
569 502 598 534 3.
625 489 653 532 §.
679 489 754 536 3·ss
772 497 817 520 ιι,
838 488 905 558 §.pf

37 547 78 589 ff.
100 547 135 577 de
154 543 215 583 Aq.
240 537 276 575 ἐξ
292 548 341 580 aq.
364 537 450 578 plziv.
472 545 535 567 arc.
563 535 623 566 Cui
643 529 880 575 consequens-cs
898 549 908 565 ,

42 596 78 620 ut
98 594 157 618 nec
172 582 264 621 ratis,
289 581 320 612 in
334 580 469 611 alienum
484 585 592 619 agrum
608 574 738 612 delam,
763 572 910 618 dommus

42 629 133 661 aliter
152 631 293 658 teneatur
307 646 316 662 ‚
341 630 431 663 quam
446 619 467 652 si
492 623 589 651 ratem
607 622 745 658 repetat,
773 613 866 654 idque
885 621 907 643 i-

41 669 130 712 psum
148 666 194 700 est
212 690 222 706 ‚
252 664 336 707 quod
362 662 545 695 continetur
576 660 596 690 l.
613 668 644 698 5.
667 657 708 705 ff.
730 659 764 688 de
785 655 908 688 Inceml.

42 714 124 744 γαίη.
138 709 242 748 nausr.
265 708 295 739 δὲ
317 706 338 738 l.
356 716 387 747 5.
410 704 438 746 §.
463 714 492 744 4.
513 702 553 744 ff.
573 703 610 733 aci
622 699 791 732 Exhibemi.
816 697 857 730 Et
871 696 910 727 de

42 752 160 786 infefilo
182 758 309 793 quoque
329 748 481 779 duntaxat
502 744 621 786 agimus
643 741 765 773 afflone
781 740 819 772 de
836 748 913 780 aqua

44 795 74 828 ἃ.
89 805 106 827 a
129 803 177 826 uae
197 791 316 834 pluviae
335 787 496 825 arcendae,
521 795 591 827 qua:
616 783 748 815 multam
765 791 837 814 cum
854 781 911 812 hac

42 838 82 869 de
127 843 220 867 amno
246 831 365 864 infesto
383 829 567 861 affinitatem
583 825 675 857 habet
699 826 719 856 ι.
736 833 761 856 1.
780 823 810 871 §3
831 832 856 855 ι.
883 821 913 853 δι

43 880 65 910 1.
80 882 112 910 6.
128 876 169 919 ff.
191 877 225 907 de
246 874 305 915 Aq.
332 872 368 908 ὅ)
389 880 438 911 aq.
458 870 545 910 pluv.
568 878 630 899 arc.
672 865 786 907 Neque
803 876 834 897 m
851 873 911 936 pri-

43 928 121 952 vato
138 925 280 955 tantum,
305 914 354 947 sed
375 915 405 947 ἀ
423 914 452 945 in
470 911 598 953 publico
616 917 682 953 rem
696 906 831 953 nostram
863 912 913 936 ine

45 960 154 994 fraude
178 957 382 999 relinquimus
400 979 409 994 ‚
442 961 475 984 ut
500 951 660 997 de-arborc
675 958 706 979 in
724 958 807 979 viam
830 944 913 987 lapsa

46 1013 87 1036 ex
110 1000 256 1034 Labeone
283 997 434 1038 Ulpianus
459 993 568 1025 retulit
591 991 674 1037 inst.
699 988 776 1035 1..§.
797 998 847 1029 40.
867 986 909 1027 ff.

46 1044 98 1077 Ne
117 1043 189 1085 quid
203 1042 236 1072 in
253 1040 304 1070 loc.
319 1039 400 1078 publ.
442 1035 554 1075 quue
578 1032 656 1064 nibil
681 1040 847 1073 quicquam
866 1026 912 1060 est

44 1084 172 1127 justius,
195 1090 266 1112 cum
284 1089 347 1111 non
366 1083 559 1120 proponatur
582 1073 718 1111 factum,
743 1071 910 1118 ‘1³9d.ffli'

45 1127 109 1158 cite
128 1124 202 1161 fiat;
235 1122 360 1153 licitum
383 1119 427 1151 est
450 1117 601 1159 parictem
628 1115 760 1153 habere,
786 1114 911 1158 licitum

43 1167 203 1202 arborem,
226 1172 296 1204 quae
313 1164 334 1194 si
353 1169 486 1198 ventus,
520 1155 704 1205 tempestas,
729 1155 779 1187 vel
797 1165 865 1201 quzs
880 1166 910 1187 a·

44 1207 104 1241 lius
123 1204 210 1238 casus
234 1203 383 1244 deiecerit
400 1226 411 1242 ,
440 1201 571 1233 dommo
586 1208 650 1245 non
667 1199 737 1244 est,-
754 1197 836 1244 quod
853 1206 911 1242 *un-

47 1248 151 1288 'utes‚
174 1246 226 1288 qui
245 1245 323 1277 nihil
341 1243 438 1284 fecit,
462 1241 518 1274 nisi
532 1240 616 1282 quod
633 1249 707 1286 jure
719 1241 775 1271 suo
792 1249 820 1269 ci
839 1237 911 1269 lice-

42 1260 105 1324 Eat.
150 1288 262 1320 Fatum
285 1286 347 1326 est,
381 1285 464 1328 quod
479 1284 626 1315 damnum
639 1282 745 1321 dedit,
768 1287 827 1322 pro
849 1288 912 1327 quo

43 1332 185 1372 iniquum
207 1327 268 1361 ess'e
293 1329 391 1360 teneri
414 1325 593 1363 dominum,
626 1324 677 1356 vel
696 1322 850 1355 bubulcus
866 1331 912 1361 Ju-

43 1375 105 1406 dex
124 1369 284 1414 perspexit
299 1370 329 1402 δι’.
346 1366 570 1412 pronunciavit
585 1365 666 1406 apud
685 1364 830 1406 Longum
849 1363 910 1411 Pa-

38 1414 146 1458 florui.
167 1412 207 1444 L.
225 1411 264 1444 11.
289 1418 319 1451 p.
337 1423 376 1444 m.
393 1415 445 1442 61.
475 1408 561 1455 Quin
586 1416 645 1438 nec
662 1405 844 1448 interposita
862 1404 911 1437 stl-

42 1455 206 1499 pulatione
229 1453 260 1484 id
282 1454 349 1486 luet
371 1451 534 1489 dominus,
560 1457 595 1479 ut
611 1448 683 1496 JCti
699 1447 796 1495 nostri
810 1445 912 1489 dispu-

43 1505 114 1530 tant
132 1497 164 1528 in
187 1496 207 1527 l.
226 1504 277 1535 24.
302 1494 330 1537 §.
348 1505 378 1537 3.
404 1493 441 1529 δ’
459 1493 543 1539 4·.²’:
570 1490 606 1523 T.
629 1490 713 1537 quld‘
726 1496 824 1532 igitur
845 1490 913 1522 luat

43 1538 192 1572 cautione
210 1546 276 1568 non
289 1535 454 1578 praestita‘.)
478 1533 557 1567 nlhll
574 1531 644 1564 sane
660 1537 837 1573 quicquam.

85 1579 137 1613 Ex
160 1578 266 1611 eadem
295 1578 417 1610 ratione
442 1575 615 1609 notandum
632 1572 695 1613 est,
721 1574 751 1605 ἅ
766 1572 787 1605 si
804 1573 914 1605 rudera

42 1621 125 1655 velit
141 1619 253 1654 tollere
269 1619 434 1659 dominus,
458 1617 548 1650 nullo
563 1617 631 1657 jure
645 1616 684 1647 de
697 1615 811 1648 damno
827 1613 912 1647 fac‘to

41 1665 92 1707 agi
102 1688 113 1704 ,
136 1670 189 1694 aut
203 1661 242 1694 de
255 1670 295 1692 eo
311 1661 491 1693 cautionem
506 1658 613 1700 exigi,
637 1666 749 1690 contra
763 1666 855 1699 quam
874 1656 913 1688 de

40 1705 182 1742 infecto,
204 1703 281 1736 illud
296 1702 380 1734 enim
395 1701 481 1734 nulla
495 1700 624 1741 injuria,
650 1707 703 1731 aut
719 1699 850 1739 alicujus
865 1697 911 1730 fa-

41 1747 115 1787 cto,
140 1745 192 1778 sed
206 1753 294 1777 mero
312 1744 385 1775 casu
407 1743 516 1775 datum
532 1740 596 1782 est,
622 1741 685 1773 hoc
703 1750 780 1774 vero
794 1739 911 1780 infert,

40 1789 96 1831 qui
112 1787 200 1820 suum
213 1785 347 1828 repetit,
371 1784 393 1818 fi
411 1785 468 1816 hac
486 1783 630 1815 mercede
646 1792 710 1828 non
731 1783 843 1830 placet.
885 1780 912 1814 1-

41 1837 75 1862 ta
92 1828 210 1867 sentin,
244 1827 300 1860 nisi
315 1827 336 1860 fi
356 1835 390 1858 tu
406 1827 498 1858 doffte
523 1824 656 1857 Trebati
679 1824 838 1863 dissentis3
862 1822 914 1856 sed

40 1881 106 1904 non
121 1869 279 1910 dissentis,
304 1868 402 1901 refers
419 1868 502 1900 enim
521 1867 601 1909 apud
615 1867 786 1908 Ulpianum
801 1866 834 1898 in
851 1866 871 1897 l.
881 1875 912 1903 9.

41 1908 72 1955 §.
93 1921 120 1944 1.
144 1913 174 1943 b.
192 1911 228 1943 T.
243 1921 310 1942 cum
328 1910 444 1942 Tiberis
470 1908 661 1949 abundqffet,
688 1907 724 1943 ὅ)
737 1919 785 1940 res
799 1908 914 1940 multas

37 1955 202 1987 multorum
216 1955 249 1985 in
266 1953 366 1985 aliena
381 1951 507 1992 aedificia
524 1951 692 1992 detulzfflt,
716 1949 915 1983 interdiffzcm

42 1995 208 2029 aPraetore
229 1997 360 2033 clarum3
382 2005 418 2026 ne
439 1996 488 2026 vis
502 1992 592 2034 fieret
614 1994 761 2031 dominis,
784 2002 841 2034 quo
860 1994 913 2024 mi-

41 2048 100 2070 nus
113 2038 173 2079 sua
194 2037 332 2069 tollerent
352 2060 362 2076 ‚
393 2037 573 2078 auferrent,
589 2035 710 2074 simodo
723 2044 842 2067 DAMNI
859 2044 913 2067 IN-

42 2088 143 2112 Fec‘m
163 2081 414 2120 repromitterent.
460 2076 526 2110 Usu
549 2078 646 2119 igitur
667 2076 844 2116 servatum,
866 2076 913 2108 ni-

42 2120 89 2154 hil
110 2131 129 2153 a
148 2121 296 2161 domino,
327 2121 380 2163 qui
397 2119 485 2152 fuum
505 2120 640 2161 repetit,
665 2118 721 2151 nisi
737 2118 776 2150 de
793 2118 914 2150 infecto

42 2161 223 2194 cautionem
238 2162 333 2204 exigi.
377 2161 426 2194 Ad
442 2161 513 2193 haec
530 2171 595 2193 non
613 2160 708 2192 video
719 2185 729 2200 ,
753 2160 793 2200 si,
818 2160 915 2191 etiam

41 2213 107 2240 non
129 2203 311 2245 interposita
334 2204 482 2235 cautione
496 2227 506 2242 ,
538 2202 685 2234 damnum
701 2202 810 2234 datum
825 2211 842 2233 a
859 2201 914 2233 do-

41 2245 130 2276 mino
146 2243 222 2276 esset
240 2243 447 2283 sanciendum,
473 2244 522 2275 cui
546 2244 633 2276 bono
647 2253 720 2276 eum
738 2244 799 2275 hoc
815 2243 915 2275 nomi-

41 2295 82 2319 ne
105 2286 326 2327 repromittere
347 2285 468 2327 juberet
494 2285 641 2318 Praetor‘?
672 2284 796 2318 constat
809 2285 911 2325 enirn,

41 2326 96 2367 Qui
118 2325 174 2359 suo
199 2328 328 2360 nomine
351 2327 502 2369 poffidet,
525 2336 589 2359 non
609 2327 664 2360 nisi
678 2326 913 2369 repromittere,

41 2369 95 2402 sed
109 2369 163 2410 qui
182 2368 306 2409 alieno,
330 2367 476 2401 satisdare
499 2368 519 2399 l.
542 2378 571 2407 7.
600 2375 649 2409 pr.
666 2370 715 2410 ff.
744 2370 778 2401 de
798 2366 912 2401 Dumn.

42 2411 146 2452 infeci.
190 2410 359 2443 Satisdatio
390 2409 492 2451 posset
515 2409 576 2442 esse
598 2409 689 2450 usui,
720 2418 751 2442 at
769 2419 833 2442 non
849 2410 914 2443 sola

36 2451 235 2494 ‚repromissio
252 2476 262 2491 ‚
293 2451 315 2485 fi
332 2476 342 2492 ,
374 2461 410 2483 ea
432 2451 541 2483 omissa
556 2475 566 2491 ,
590 2451 796 2484 nihilominus
809 2452 847 2483 de
862 2453 912 2485 da-

44 2503 118 2526 mno
140 2491 226 2525 fat-“to
253 2499 413 2526 teneretur
435 2493 593 2525 dominus.
646 2493 795 2535 Denique
811 2494 841 2526 δε
858 2495 913 2527 Al-

43 2535 163 2576 phenus
177 2544 232 2574 ea,
256 2545 348 2577 quarn
363 2534 577 2573 defendimus,
603 2534 757 2567 sententia
778 2532 849 2567 usus
868 2535 914 2568 est

45 2577 80 2608 in
101 2577 122 2608 1.
138 2585 170 2612 9.
199 2576 228 2616 §.
251 2587 276 2608 2v
298 2578 346 2617 ff.
373 2578 401 2608 b.
434 2576 468 2608 T.
497 2576 669 2608 dummodo
694 2576 792 2608 verba
820 2577 912 2618 ejus,

44 2624 82 2649 ut
97 2617 225 2659 legenda
246 2617 337 2658 sunt,
369 2617 531 2660 legantur3
555 2617 600 2649 ait
614 2618 687 2658 iile,
713 2618 733 2651 fi
751 2618 854 2650 crusta
870 2629 912 2651 ex

42 2650 144 2690 fundo
175 2666 231 2690 tuo
259 2660 291 2691 in
318 2669 423 2691 meum
450 2658 533 2701 lapsa
553 2658 610 2698 sit,
641 2669 772 2702 eamque
797 2669 884 2702 petas
901 2685 911 2700 ‚

44 2698 179 2735 dandum
202 2701 235 2734 in
259 2709 292 2733 te
312 2700 466 2743 judicium
490 2703 524 2734 de
540 2703 646 2733 damno
665 2702 797 2742 infesto,
820 2702 865 2734 ita
880 2712 911 2735 e-

1755 106 1822 144 111

951 192 1035 230 nim,
1061 197 1097 222 ut
1114 190 1240 231 quidam
1257 190 1413 230 Codices,
1440 192 1572 223 omnino
1590 185 1828 233 legendumest3

951 243 1017 272 non
1036 234 1070 264 de
1091 234 1197 264 damno
1217 232 1378 275 jamfafto
1397 256 1406 271 ,
1435 232 1541 273 estque
1566 233 1597 265 id
1618 240 1762 275 apertum
1788 239 1831 261 ex

950 275 1056 307 addita
1071 274 1210 306 ratione:
1235 276 1305 306 nani
1320 298 1329 311 ‚
1357 274 1478 315 inquit,
1503 276 1631 307 arbitrio
1641 275 1777 318 judicis,
1799 282 1831 304 α-

950 320 1010 358 pud
1033 327 1120 359 quem
1142 327 1190 348 res
1211 316 1353 357 prosapsae
1370 323 1517 357 petentur
1532 340 1541 355 ,
1563 319 1705 348 damnum
1720 338 1731 354 ,
1753 315 1831 356 quod

952 367 1022 392 ante
1028 358 1111 401 sensi
1119 383 1128 398 ‚
1151 369 1209 391 non
1227 361 1387 391 contineri.
1410 356 1456 390 est
1470 358 1500 390 &
1516 367 1660 400 apertum
1674 367 1714 389 ex
1732 366 1831 389 trans-

952 403 1046 435 eundi
1072 401 1212 434 formula
1229 426 1239 442 ,
1274 411 1346 434 nam
1372 401 1416 432 ita
1429 400 1544 441 incipit
1567 399 1597 441 §.
1618 410 1646 431 2.
1673 400 1833 440 Alpheum

954 453 1100 487 QUOQUE
1117 443 1248 484 s‘cribn3
1270 453 1335 485 quo
1361 441 1517 482 Ulpianus
1541 441 1695 483 significet
1712 463 1723 479 ,
1748 441 1830 486 idern

952 487 1087 520 scribere
1102 485 1280 527 Alphenum
1290 510 1300 526 ,
1324 484 1410 527 quod
1433 483 1471 514 de
1487 483 1645 515 Trebatio
1660 483 1784 515 dixerat
1799 491 1831 513 ln

974 555 980 561 .
1010 538 1035 560 1.
1061 530 1091 560 d.
1113 529 1134 559 l.
1157 538 1186 564 9.

952 529 971 572 ἓ
995 569 1092 603 Nova
1109 570 1206 612 igitur
1222 569 1267 602 est
1283 568 1407 602 Neratii
1423 566 1519 600 Prisci
1537 566 1691 600 sententia
1703 591 1712 607 ,
1737 573 1833 608 quam

952 612 1108 653 Ulpianus
1127 622 1203 644 mox
1223 611 1358 654 exponit
1376 611 1409 642 in
1433 609 1462 650 §.
1488 620 1516 652 3.
1543 612 1572 642 d.
1597 611 1618 641 l.
1642 619 1671 647 9.
1697 609 1746 641 his
1761 617 1831 639 ver-

951 654 1018 686 bis:
1044 654 1197 686 Neratius
1224 661 1324 686 aulem
1344 652 1486 694 scribit,
1509 650 1538 691 fi
1564 653 1643 684 ratis
1665 653 1699 683 in
1721 659 1832 692 agriam

952 706 1046 728 meum
1063 698 1096 728 vi
1106 695 1245 737 fluminis
1260 693 1430 734 delatafit‚
1459 704 1517 727 non
1533 695 1624 727 aliter
1641 690 1833 734 tibipotessa-

955 746 1013 770 tem
1039 739 1162 770 tollendi
1174 739 1353 780 faciendam
1372 760 1382 777 ,
1413 746 1502 778 quam
1520 736 1550 776 fi
1569 738 1604 770 de
1620 741 1832 779 PRAETERITQ

955 790 1069 823 qnoque
1097 783 1202 812 damno
1228 783 1301 812 mihi
1323 779 1459 821 caviffies.
1509 778 1583 811 Effe
1608 779 1688 810 hanc
1705 776 1835 812 Neratn

956 822 1142 856 sententiam
1159 823 1318 864 prioribus
1335 821 1526 854 contrariam
1539 845 1548 861 ,
1573 820 1691 853 indicat
1707 824 1837 862 quoque

956 865 985 896 τὸ
999 871 1118 902 (tutem,⁸
1148 864 1194 896 est
1219 874 1256 895 ue
1278 864 1348 896 hree
1365 862 1429 905 ipsa
1457 873 1498 895 ex
1521 862 1657 896 Neratio
1682 862 1781 893 relata
1801 866 1836 889 m

956 907 977 938 l.
1003 911 1034 941 8.
1056 907 1106 947 ff.
1139 908 1173 938 de
1223 908 1327 938 ricend.
1355 907 1439 938 rnin.
1467 906 1574 946 naufr.
1607 904 1637 937 &
1657 903 1726 945 l.5.
1747 901 1776 944 §.
1800 909 1832 940 4·

947 949 997 990 sf.
1016 945 1054 980 lid
1076 947 1189 980 Exhib.
1214 948 1306 990 plane
1325 949 1358 981 in
1374 948 1482 980 eadem
1496 946 1620 989 specie3
1643 955 1732 992 quie,
1749 940 1836 985 quod

953 990 991 1022 ad
1006 989 1160 1022 rationem
1174 989 1256 1030 Juris
1272 990 1401 1028 attinet,
1412 990 1491 1022 nihil
1527 989 1673 1031 uidquam
1693 985 1803 1019 differt
1818 995 1837 1016 a

955 1031 974 1064 s
991 1032 1075 1070 ecie,
1100 1041 1194 1072 quam
1208 1030 1382 1063 Trebatius
1396 1041 1499 1072 propo
1517 1032 1563 1062 uit
1577 1032 1609 1063 in
1634 1032 1663 1062 d.
1685 1030 1706 1061 l.
1718 1038 1746 1066 9.
1787 1037 1836 1060 .1·.

955 1042 989 1105 6Ιῖ
1002 1073 1054 1104 ubi
1075 1072 1160 1104 aliud
1176 1081 1304 1114 quoque
1323 1070 1458 1104 sensisset
1476 1071 1647 1112 Neratius,
1672 1072 1789 1113 quique
1804 1079 1835 1101 e-

953 1114 1002 1156 jus
1028 1114 1212 1156 opinionem
1238 1113 1362 1154 sequuti
1381 1112 1462 1145 sunt.
1509 1114 1668 1155 Sequutus
1685 1122 1773 1145 certe
1791 1111 1838 1144 est

953 1156 1112 1198 Julianus,
1138 1164 1173 1187 ut
1193 1154 1282 1197 supra
1293 1154 1378 1193 dixi,
1404 1155 1436 1187 in
1460 1156 1488 1186 d.
1508 1156 1528 1186 l.
1552 1165 1582 1196 7.
1606 1154 1676 1196 §.a
1704 1155 1734 1187 &
1757 1155 1778 1186 Z.
1804 1164 1837 1191 9.

950 1205 1000 1240 pr.
1024 1199 1052 1229 h.
1073 1198 1108 1229 T.
1153 1197 1213 1230 Sed
1239 1197 1282 1228 ob
1306 1197 1444 1228 rationes
1464 1196 1565 1237 Juris,
1591 1206 1667 1238 quas
1684 1196 1758 1229 satis
1773 1197 1840 1237 jam

955 1239 1134 1281 exposuisse
1150 1238 1227 1271 milui
1243 1238 1376 1278 videor,
1400 1239 1499 1280 magis
1521 1239 1661 1279 placeret
1678 1239 1815 1280 Alpheni
1825 1261 1838 1277 ,

956 1280 1132 1320 Trebatii,
1164 1280 1384 1322 aliorumque,
1421 1281 1474 1322 qui
1488 1280 1692 1319 dissentiunt,
1717 1282 1838 1323 opinio.

954 1323 1095 1365 Julianus
1111 1322 1238 1364 quidem
1254 1323 1287 1355 in
1312 1324 1341 1354 d.
1364 1322 1385 1354 l.
1409 1333 1439 1360 9.
1459 1329 1510 1363 pr.
1534 1324 1564 1354 h.
1589 1323 1624 1354 T.
1650 1321 1838 1355 sententiam

955 1365 1040 1398 suam
1055 1365 1094 1396 de
1110 1365 1225 1396 damno
1241 1364 1407 1406 praeterito
1421 1364 1479 1396 hac
1488 1364 1612 1397 ratione
1629 1372 1752 1397 tuetur:
1764 1367 1842 1407 quod

954 1417 987 1440 re
1012 1408 1135 1449 integra
1158 1406 1327 1448 custoditur
1342 1430 1352 1446 ‚
1380 1408 1431 1439 hoc
1452 1417 1510 1439 non
1533 1408 1637 1449 inique
1661 1409 1753 1439 etiam
1768 1406 1838 1450 pos&

955 1451 1080 1482 ruinam
1102 1451 1208 1482 adium
1231 1448 1432 1491 praestabizur
1446 1473 1455 1488 ‚
1486 1451 1612 1491 integra
1632 1455 1734 1482 autem
1756 1460 1790 1483 re
1803 1461 1838 1484 u-

956 1493 1144 1534 nusquisque
1153 1492 1271 1534 cogitur
1281 1498 1335 1524 auc
1344 1494 1378 1524 de
1387 1493 1493 1524 damno
1503 1491 1615 1530 insertio
1630 1502 1739 1524 cavere
1748 1516 1759 1532 ‚
1782 1499 1840 1526 ant

956 1536 1068 1566 aedihus
1091 1544 1216 1573 carere,
1247 1543 1323 1576 quas
1345 1544 1404 1566 non
1431 1535 1566 1575 defendit
1575 1545 1586 1571 ;
1609 1531 1661 1565 sed
1678 1543 1840 1576 nunquam

956 1584 1107 1619 peccatur
1131 1576 1337 1619 perniciosius
1355 1599 1366 1616 ‚
1397 1586 1489 1618 quam
1512 1576 1586 1617 Jure
1614 1582 1773 1617 praetextu
1798 1588 1840 1611 ae-

957 1619 1089 1660 quitatis
1112 1618 1268 1660 neglecto.
1314 1616 1516 1651 Generaliter
1541 1618 1625 1649 enim
1647 1616 1842 1660 sequendum

955 1659 1019 1699 est,
1045 1661 1098 1702 qui
1114 1660 1296 1692 cautionem
1318 1670 1383 1693 non
1397 1660 1506 1702 exegit
1517 1682 1529 1699 ,
1552 1659 1606 1692 fibi
1624 1659 1773 1692 damnum
1787 1661 1840 1693 de-

955 1701 1032 1734 disse
1048 1702 1171 1742 videri,
1196 1711 1237 1733 ex
1255 1702 1378 1734 ratione
1401 1703 1422 1734 l.
1441 1712 1514 1743 203.
1531 1702 1581 1742 ff.
1604 1702 1639 1733 de
1657 1701 1699 1733 R.
1709 1702 1747 1744 J.
1773 1703 1842 1735 cul-

956 1754 996 1786 pa
1011 1744 1096 1776 enim
1115 1743 1181 1782 est,
1197 1743 1357 1786 proposita
1374 1744 1480 1777 damni
1494 1743 1604 1776 infesti
1622 1742 1841 1785 stipulatione,

956 1785 1013 1819 fibi
1029 1795 1095 1818 non
1111 1795 1225 1818 cavere
1249 1786 1270 1818 l.
1298 1791 1345 1821 18.
1375 1786 1404 1827 §.
1429 1796 1459 1825 9.
1485 1785 1516 1817 ὅς
1541 1786 1560 1817 l.
1583 1789 1634 1827 38.
1660 1792 1712 1826 pr.
1734 1786 1785 1827 ff.
1808 1789 1841 1819 h.

959 1827 995 1860 T.
1019 1827 1182 1860 Caeterum
1205 1826 1270 1870 ipse
1287 1827 1404 1868 GaJ'us‚
1436 1828 1490 1870 qui
1505 1827 1647 1868 alioquin
1663 1827 1756 1860 aliter
1772 1827 1839 1861 sen-

957 1869 1057 1902 tiebat
1080 1870 1114 1902 in
1137 1869 1158 1901 l.
1172 1873 1203 1901 6.
1218 1870 1270 1910 ff.
1294 1871 1328 1903 de
1349 1870 1465 1903 Danin.
1484 1870 1544 1910 inf.
1566 1869 1761 1910 propositam
1787 1870 1839 1911 Ju-

957 1911 1031 1944 liani
1051 1909 1096 1943 sui
1116 1909 1303 1943 sententiam
1320 1912 1353 1943 in
1369 1913 1399 1943 d.
1423 1912 1443 1943 l.
1461 1920 1492 1952 7.
1516 1911 1545 1952 §.
1564 1920 1593 1941 2.
1619 1920 1713 1951 quam
1751 1912 1840 1944 roba-

956 1963 991 1985 re
1016 1962 1081 1985 non
1102 1960 1249 1994 poterat,
1275 1958 1352 1984 mox
1372 1954 1405 1986 in
1428 1954 1447 1985 l.
1466 1958 1496 1987 8.
1521 1960 1696 1993 temperare
1740 1953 1814 1985 udet
1829 1976 1841 1994 ,

957 2004 1032 2026 cum
1048 1994 1114 2032 ait,
1139 1997 1215 2036 quod
1230 1996 1317 2034 force
1343 2002 1417 2027 tunc
1443 1994 1521 2027 retiis
1540 1995 1679 2034 dicetur,
1701 2004 1767 2027 cum
1781 2005 1841 2027 non

956 2035 1048 2078 ipsius
1070 2035 1243 2079 (domini)
1266 2037 1455 2080 negligentia
1473 2059 1484 2076 ,
1498 2037 1554 2078 sed
1574 2042 1696 2077 propter
1718 2037 1841 2079 aliquod

958 2079 1202 2117 impedimentum
1218 2078 1278 2119 sihi
1301 2090 1360 2111 non
1379 2080 1548 2121 prospexit.
1594 2077 1752 2124 Quinimo
1774 2078 1842 2121 ipse

957 2120 1097 2162 Julianus
1114 2118 1279 2153 sententiae
1294 2120 1357 2154 suae
1372 2122 1488 2154 diffidit
1509 2121 1541 2153 in
1563 2122 1592 2152 d.
1611 2125 1670 2157 t.9.
1688 2127 1737 2162 pr.
1752 2131 1839 2155 vers.

958 2164 1104 2203 denique,
1133 2172 1206 2194 nam
1228 2163 1313 2204 quod
1339 2164 1477 2205 primum
1491 2164 1678 2205 generaliter
1694 2163 1839 2204 dixerat,

957 2214 1042 2236 nunc
1063 2203 1166 2245 ipsum
1191 2204 1299 2236 videas
1325 2212 1519 2247 temperare,
1549 2213 1586 2236 ut
1601 2204 1670 2237 fere
1688 2211 1839 2247 tempera-

958 2246 1008 2277 vit
1032 2244 1130 2286 Gajus
1146 2269 1156 2285 ‚
1193 2245 1224 2278 &
1249 2243 1436 2288 restringere
1460 2247 1497 2278 ad
1520 2255 1593 2278 eum
1614 2270 1623 2286 ,
1649 2247 1702 2288 qui
1715 2253 1839 2288 propter

956 2287 1114 2329 angustias
1129 2290 1286 2328 temporis,
1309 2296 1362 2320 aut
1380 2290 1452 2330 quia
1466 2288 1651 2329 Reipublicae
1665 2289 1757 2327 causa
1772 2291 1838 2321 abe-

956 2338 1026 2369 rat,
1050 2339 1107 2362 non
1119 2336 1262 2370 potuerat
1280 2331 1383 2362 damni
1398 2329 1677 2372 infestifiipulari.
1707 2330 1769 2363 Cui
1779 2331 1837 2364 Ul-

957 2372 1068 2414 pianus
1083 2370 1275 2413 superdicit,
1310 2372 1438 2414 Juliani
1456 2373 1645 2413 sementiam
1666 2374 1840 2405 utilitatem

957 2415 1165 2454 comprobare,
1189 2414 1274 2455 quod
1295 2414 1450 2446 duntaxat
1464 2414 1503 2446 de
1522 2424 1580 2454 eo,
1605 2415 1691 2456 quod
1703 2423 1838 2456 praeces-

957 2455 1058 2493 serat,
1090 2462 1341 2495 temperamento
1367 2453 1610 2498 intelligendum
1624 2456 1686 2488 effe
1700 2456 1838 2498 opinor;

957 2496 1101 2537 quamvis
1125 2505 1166 2528 ne
1192 2503 1268 2528 tunc
1290 2497 1416 2538 quidem
1432 2521 1442 2537 ,
1467 2507 1505 2530 an
1523 2497 1718 2530 admittenda
1731 2497 1769 2530 fit
1785 2497 1837 2539 Ju-

957 2538 1033 2571 liani
1050 2536 1223 2576 sententia,
1248 2538 1371 2579 liquido
1386 2539 1482 2571 ausim
1497 2539 1676 2580 adfirmare,
1694 2539 1765 2572 siex
1774 2548 1837 2570 me-

957 2590 990 2611 ra
1015 2579 1138 2611 ratione
1163 2578 1245 2620 Juris
1270 2589 1336 2612 rem
1360 2589 1523 2622 putemus:
1548 2589 1584 2613 ut
1600 2582 1684 2613 enim
1701 2579 1838 2612 absenti-

955 2621 1014 2653 bus
1040 2630 1105 2652 non
1129 2628 1245 2660 nocet,
1281 2621 1325 2653 ita
1346 2631 1448 2664 neque
1464 2621 1694 2664 praesentibus,
1719 2622 1835 2662 Reipu⁴

955 2662 1050 2695 blicae
1069 2661 1171 2694 caussa
1186 2661 1325 2696 absentia
1348 2664 1370 2696 l.
1399 2673 1468 2706 140.
1483 2665 1533 2706 ff.
1557 2666 1593 2697 de
1617 2664 1658 2696 R.
1682 2663 1723 2705 J.

673 2801 702 2836 C
752 2802 784 2837 A
837 2802 864 2838 P
914 2804 950 2840 U
999 2804 1035 2839 T
1137 2805 1183 2840 X.

407 2889 473 2924 Hic
497 2889 564 2924 illic
587 2891 723 2926 correfi‘a
747 2891 788 2926 L.
814 2900 874 2935 40.
903 2889 936 2939 §.
968 2903 1000 2927 1.
1029 2891 1068 2927 ff.
1099 2891 1144 2926 de
1172 2893 1303 2928 Damn.
1331 2890 1457 2928 infe&

135 2983 188 3015 uin
203 2982 319 3016 vitiosa
330 2984 384 3024 fit,
406 2993 443 3017 ut
459 2985 631 3019 Florentiae
649 2986 766 3029 legitur
777 3011 786 3028 ‚
812 2988 834 3020 l.
854 2998 911 3030 40.

155 3023 184 3066 §.
204 3028 229 3057 ι’.
256 3025 296 3067 ff.
328 3028 362 3058 de
387 3025 500 3060 Damn.
519 3028 627 3067 infest.
657 3038 769 3071 negare
792 3031 914 3071 poterit

152 3070 265 3114 nemo,
289 3067 404 3109 legitur
419 3077 522 3101 autem
537 3069 599 3102 ita:
623 3069 772 3112 Quotiens
787 3082 912 3104 commu-

48 3110 99 3140 r‘n's
126 3109 252 3148 parietis·
273 3110 352 3140 vitio
375 3111 448 3150 quid
473 3111 602 3151 accidit,
619 3112 811 3154 jociusfiicio
834 3114 914 3146 nihil

44 3149 189 3191 praestare
202 3151 284 3182 debet
324 3161 391 3183 cum
407 3153 566 3184 communis
582 3156 628 3186 rei
644 3155 722 3186 vitio
737 3157 911 3198 contigerit.

48 3191 137 3237 Quod
145 3190 175 3231 fi
186 3193 256 3233 quia
269 3174 313 3225 alt

955 2989 1067 3021 idcirco
1081 2989 1220 3021 damnum
1233 2989 1362 3029 contigit
1377 3010 1387 3027 ‚
1409 2982 1586 3029 confhquens
1599 2984 1642 3029 est
1656 2987 1754 3022 dicere
1762 3012 1774 3029 ‚
1785 2985 1833 3023 dv

957 3033 1134 3063 trimentum
1157 3032 1227 3068 boc,
1255 3031 1331 3071 quod
1355 3028 1493 3070 beneficio
1522 3031 1590 3073 ejus
1612 3032 1781 3074 contingit,
1808 3034 1833 3064 i-

953 3073 1167 3114 psumsarcz're
1191 3074 1305 3104 debere.
1350 3070 1439 3116 Quod
1453 3070 1651 3112 fiaequaliter
1670 3075 1834 3115 utriusque

956 3116 1095 3146 oneribus
1110 3113 1225 3155 preffus
1247 3115 1359 3146 decidit
1376 3137 1387 3154 ,
1424 3113 1579 3157 refti’ffime
1606 3115 1739 3148 Sabinus
1751 3116 1834 3157 scri*

952 3155 1012 3197 pfit
1023 3177 1033 3194 ‚
1054 3157 1200 3196 parietem
1215 3158 1378 3198 utriusque
1393 3156 1512 3197 causam
1532 3157 1595 3198 effe.
1639 3157 1697 3190 Sed
1705 3157 1736 3198 Ji
1752 3159 1852 3190 alter.

316 3203 348 3226 er
363 3203 429 3227 eum
444 3193 588 3236 preffe'rat
603 3218 615 3236 ,
635 3196 685 3230 vel
701 3203 881 3231 oneraverat
903 3222 913 3239 ,
951 3199 1058 3240 plures
1073 3199 1122 3231 vel
1132 3197 1321 3241 preziofler'es
1329 3207 1377 3232 res
1386 3198 1518 3243 amifirit
1528 3199 1656 3240 ,melin-5
1670 3198 1713 3242 est
1720 3202 1832 3248 dicere,

1759 3251 1832 3285 quia
