2008 3436
236 112 520 166 QUAEST.
593 109 820 159 JURIS

33 205 152 230 veatur.
198 197 274 231 Non
292 196 369 228 licet
386 194 484 235 igitur
502 192 644 225 alterutri
663 190 819 223 advehere
837 201 891 233 ea,

32 241 144 281 quibus
165 240 197 272 in
223 237 306 270 bello
335 235 474 277 gerendo
500 243 578 276 opus
604 234 697 266 habet
717 256 726 272 ,
761 241 796 264 ut
822 233 893 267 sunt

31 290 206 320 tormenta,
231 288 333 318 arma,
357 278 407 317 ἃ,
432 287 566 320 quorum
585 276 761 318 praecipuus
778 276 810 307 in
828 276 892 309 bel-

30 323 64 357 lo
84 321 177 361 usus,
200 321 338 358 milites,
362 319 437 360 quin
462 320 493 353 &
515 318 633 350 milites
660 317 756 349 variis
779 316 891 349 Genti-

30 375 81 398 um
106 363 204 405 pat‘tis
229 361 354 402 excepti
380 360 471 400 sunt,
493 368 627 401 excepta
653 359 837 400 quandoque
862 361 893 393 δε

31 405 154 442 navium
179 403 309 436 materia
325 426 335 442 ,
368 401 390 434 fi
415 411 508 444 quam
533 402 668 433 maxime
693 410 729 432 63
755 401 892 442 indigeat

30 447 126 483 hostis
142 446 179 478 ad
200 443 400 477 exstruendas
415 452 533 482 naves,
555 443 670 484 quibus
688 450 799 474 contra
817 443 891 474 ami-

30 501 84 524 cos
102 487 225 521 nostros
243 493 394 518 uteretur.
422 495 424 497 ·
441 484 587 526 Excepta
611 484 692 525 stepc
710 484 739 516 ἃ
760 484 887 523 cibaria,

29 531 154 575 quando
181 529 219 561 ab
242 527 351 560 amicis
376 525 490 559 nostris
516 525 677 558 obfidionc
705 535 889 567 premuntur

29 572 153 611 hostes,
175 577 227 602 aut
252 569 326 601 alias
350 566 435 600 fame
460 568 614 600 laborant.
661 567 795 608 Optimo
821 567 889 607 jure

29 613 226 648 interdictum
244 608 307 650 est,
332 619 371 642 ne
393 610 469 651 quid
487 619 596 641 eorum
616 608 755 641 hostibus
774 608 888 640 submi-

29 656 211 693 niuremus,
236 652 309 694 quia
331 651 379 684 his
403 652 495 685 rebus
524 660 581 683 nos
602 651 657 692 ipli
684 650 887 691 quodammo-

29 698 70 730 do
86 696 264 728 videremur
283 694 391 725 amicis
412 693 527 726 nostris
545 693 663 724 bellum
681 692 798 724 facere.
829 692 887 733 lgi-

29 747 77 772 tur
93 737 115 770 fi
130 735 234 769 hostes
259 735 443 777 simpliciter
461 734 689 767 consideremus
705 743 740 765 ut
757 733 887 772 amicos,

27 779 110 814 recte
125 788 196 811 cum
218 778 255 810 iis
282 777 474 809 commercia
499 785 699 814 exercemus,
725 776 754 807 ὅ(
770 784 889 806 merces

26 829 225 864 quascunque
245 819 282 851 ad
300 828 355 851 eos
370 819 542 857 mittimus,
567 817 589 850 fi
605 817 835 849 confideremus
853 823 889 847 ut

27 863 202 895 amicorum
231 859 411 894 nostrorum
435 859 560 898 hostes,
583 859 786 901 excipiuntur
809 867 888 889 mer-

26 914 100 944 ces,
123 903 236 946 quibus
250 903 280 935 in
298 902 385 934 bello
407 902 516 933 amicis
535 900 648 933 nostris
665 907 833 938 noceatur,
859 899 889 930 ὅ(

27 946 97 979 haec
127 945 209 976 ratio
234 944 371 985 priorem
397 943 524 981 vincit,
547 942 839 983 quomodocunque
856 949 887 970 e-

27 987 92 1020 nim
110 986 200 1017 alteri
213 993 326 1017 contra
342 985 475 1016 alterum
486 983 698 1015 succurramus
709 1004 720 1020 ,
735 981 822 1012 bello
830 990 889 1012 nos

27 1027 279 1068 interponimus,
311 1025 394 1066 quod
427 1023 510 1056 salva
535 1024 675 1055 amicitia
701 1032 765 1054 non
797 1022 884 1053 licet.

27 1069 77 1102 Ex
95 1069 142 1100 his
164 1068 173 1099 i
200 1066 230 1099 se
250 1067 375 1108 judica,
397 1075 435 1097 an
459 1064 570 1105 justius
593 1064 691 1096 fuerit
716 1063 795 1095 illud
815 1062 888 1095 Edi-

28 1111 110 1144 &um
128 1109 172 1143 Hi
190 1117 340 1150 panorum
358 1117 408 1149 30.
434 1107 533 1139 Mart.
562 1110 651 1148 1639.
675 1115 714 1138 an
730 1114 808 1137 vero
828 1105 887 1136 Or-

29 1152 133 1185 dinum
150 1149 352 1182 Generalium
368 1159 399 1190 3.
422 1148 523 1181 Mart.
552 1151 642 1189 1640.
661 1147 700 1180 de
716 1156 779 1189 quo
799 1154 886 1178 utro-

30 1203 87 1236 que
105 1192 195 1234 supra
210 1192 288 1224 dixi.

70 1232 209 1276 Exposui
236 1233 426 1274 compendio
446 1255 458 1272 ,
486 1232 561 1274 quid
583 1232 658 1265 mihi
683 1232 827 1264 videatur
850 1230 888 1262 de

31 1277 136 1309 officio
161 1284 270 1307 eorum
289 1298 298 1313 ,
345 1275 376 1306 ui
401 1284 442 1306 ex
470 1273 591 1306 foedere
614 1274 695 1306 nihil
721 1274 888 1315 quicquam

29 1318 169 1356 debent,
194 1316 244 1348 sed
271 1325 324 1358 per
342 1315 409 1347 6616
438 1316 509 1348 sunt
535 1324 715 1347 neutrarum
743 1315 889 1356 partium.

29 1358 100 1393 Hos
114 1359 294 1400 simpliciter
320 1359 426 1388 amicos
452 1357 627 1398 appellavi,
654 1365 688 1388 ut
714 1367 731 1388 a
749 1355 890 1388 Foedera-

30 1401 70 1434 tis
94 1401 124 1433 &
150 1400 253 1434 Sociis
278 1398 509 1441 distinguerem.
555 1399 586 1431 Si
610 1399 693 1430 16616
715 1397 889 1439 disputavi,

28 1443 152 1485 placere
176 1452 242 1474 non
291 1440 391 1479 otest,
415 1440 497 1481 quod
523 1440 618 1471 video
640 1440 765 1481 placere
783 1438 890 1480 pleris-

30 1493 111 1526 que,
134 1484 188 1526 qui
207 1484 247 1515 de
268 1451 345 1523 {ure
368 1481 502 1514 Publico
520 1480 729 1523 scripserunt,
754 1482 888 1513 alterum

29 1534 143 1567 nempe
166 1525 304 1557 amicum
321 1546 332 1563 ,
355 1523 445 1564 qu’us
470 1521 560 1554 causa
584 1523 693 1564 potior
721 1523 750 1555 ὅ(
778 1520 888 1562 iustior

28 1566 106 1600 mihi
129 1567 276 1606 videtur,
300 1575 318 1597 a
340 1574 391 1597 me
413 1565 513 1605 juvari
538 1565 568 1596 ὅ(
588 1564 675 1604 110116
701 1565 731 1597 &
754 1564 887 1602 debere,

27 1617 129 1650 neque
153 1616 274 1640 tantum
297 1606 387 1639 rebus
411 1606 556 1645 bellicis,
581 1605 633 1639 sed
652 1607 682 1639 δ(
697 1614 807 1647 3116110
823 1604 889 1636 bel-

29 1650 82 1689 lo,
108 1649 129 1682 fi
147 1659 195 1681 res
217 1647 366 1690 postulat.
410 1647 579 1688 Improbe,
602 1648 694 1680 rebus
714 1648 798 1679 enim
815 1646 889 1678 alie-

29 1691 78 1724 nis
97 1690 128 1723 se
143 1689 316 1723 immiscere
333 1698 527 1731 nequaquam
554 1689 689 1731 probum
706 1689 761 1722 est.
807 1687 890 1720 Cum

29 1740 100 1765 uter
123 1742 161 1764 ue
185 1732 305 1764 amicus
329 1732 361 1764 in
383 1741 434 1763 me
459 1741 522 1763 non
540 1730 814 1772 compromiserit,
838 1738 888 1760 ec-

29 1783 84 1806 cur
135 1774 290 1815 rincipes,
314 1773 365 1815 qui
393 1771 438 1805 sui
463 1773 540 1813 iuris
561 1772 650 1812 sunt,
672 1782 744 1804 meo
768 1771 889 1813 judicio

30 1814 155 1848 stabunt
178 1816 332 1847 cadentve
347 1814 364 1846 ἱ)
397 1823 536 1846 1116313111
569 1816 707 1856 1131113111
731 1823 794 1846 non
817 1811 862 1844 est
877 1836 887 1852 ‚

31 1866 140 1889 omnes
164 1857 306 1889 omnium
333 1855 516 1897 Principum
545 1856 673 1896 injurias
703 1856 888 1893 vindicare,

30 1898 165 1938 sufficit,
187 1898 210 1930 11
225 1897 403 1934 vindicem,
427 1906 496 1938 quae
522 1898 559 1929 ad
584 1907 634 1929 me
649 1907 798 1939 meosque
819 1896 888 1928 Foe-

30 1940 155 1972 deratos
177 1939 348 1980 pertinent.
393 1938 447 1970 Sin
464 1946 567 1971 autem
588 1947 651 1971 tam
666 1937 830 1972 manifesta
852 1937 890 1970 fit

31 1981 160 2014 alterius
177 1981 311 2022 injuria,
336 1988 372 2013 ut
395 1979 433 2011 ab
457 1989 493 2011 63
512 1981 607 2012 etiam
633 1981 711 2012 mihi
729 1989 867 2012 metuam
880 2002 891 2019 ,

31 2032 132 2064 neque
147 2023 207 2056 alia
223 2022 297 2065 spes
308 2023 344 2057 fit
360 2045 370 2063 ‚
393 2030 486 2064 quam
503 2030 538 2054 ut
554 2022 728 2065 postremus
744 2022 892 2060 devorer,

32 2063 156 2096 admitti
180 2063 268 2097 forte
290 2064 395 2107 poffet
413 2087 423 2102 ,
453 2064 630 2107 opprellum
661 2064 796 2096 amicum
831 2062 893 2095 esse

33 2104 281 2151 defendendum,
305 2107 356 2139 sed
379 2115 444 2139 non
468 2107 525 2139 nisi
546 2106 685 2139 amicitia
701 2115 774 2138 cum
791 2105 893 2137 altero

32 2145 201 2187 dissoluta,
225 2156 371 2181 manente
387 2148 471 2180 enim
489 2149 663 2180 amicorum
681 2148 812 2180 nomine
828 2146 892 2179 bel-

33 2187 100 2220 lum
118 2197 242 2230 gerere,
265 2199 330 2222 non
348 2188 453 2231 potest
468 2199 532 2222 non
549 2190 611 2222 effe
631 2190 774 2230 impium.

77 2228 130 2261 De
156 2229 329 2263 Foederatis
355 2232 385 2262 &
410 2230 514 2262 Sociis
537 2232 632 2273 longe
657 2232 716 2263 alia
742 2230 893 2272 1311166110

34 2269 89 2303 611.
136 2270 167 2303 Si
191 2271 273 2312 duo,
297 2272 482 2314 quibuscum
508 2271 681 2304 foederatus
705 2273 793 2312 sum,
818 2282 893 2304 6011-

34 2321 222 2346 traexteros
239 2314 322 2346 bella
337 2320 464 2355 gerant,
477 2314 604 2355 utrique
614 2313 785 2355 praestabo,
809 2313 895 2355 quod

35 2363 76 2387 ex
99 2354 220 2396 legibus
243 2354 374 2387 foederis
392 2353 597 2396 praestandum
623 2354 687 2395 est,
711 2356 764 2388 sed
778 2355 799 2388 fi
814 2355 893 2386 invi-

37 2405 104 2434 cem
127 2395 213 2428 bella
232 2405 343 2438 gerant
360 2420 370 2435 ,
405 2406 442 2428 an
470 2397 596 2438 utrique
619 2396 796 2428 succurram
814 2419 825 2435 ,
855 2406 894 2429 an

36 2438 91 2470 uni
111 2438 141 2470 δι
158 2439 209 2469 631
224 2438 356 2479 potius?
378 2438 417 2469 de
436 2438 493 2470 1136
515 2436 689 2480 quaestione
704 2447 768 2470 non
789 2438 893 2470 minor

36 2488 138 2521 pugna
161 2478 206 2511 est
228 2480 310 2512 inter
342 2479 533 2521 Interpretes
549 2503 558 2518 ‚
589 2488 681 2521 quam
708 2479 790 2511 inter
813 2478 893 2521 ipsas

36 2521 173 2560 Gentes3
194 2522 295 2553 varias
311 2521 471 2553 variorum
491 2520 661 2553 sententias
678 2519 835 2559 recenset,
862 2521 892 2553 ὅ(

38 2563 122 2596 suam
139 2562 247 2603 adjicit
264 2561 404 2594 Gentilis
419 2562 460 2594 L.
477 2562 532 2595 Ill.
556 2565 589 2594 de
608 2562 686 2604 chre
705 2562 780 2595 Bell.
797 2563 827 2594 C.
841 2567 891 2597 18.

37 2604 114 2638 Non
128 2614 188 2636 una
202 2604 403 2636 distinetione
420 2603 542 2642 causam
553 2604 693 2645 transigit
707 2602 839 2637 Grotius
850 2604 890 2636 L.

38 2646 79 2680 11.
89 2649 123 2679 de
132 2646 209 2688 Jure
220 2646 256 2678 B.
269 2645 304 2681 &⁹
314 2646 352 2677 P.
377 2646 410 2677 C.
421 2654 468 2685 15.
480 2645 507 2688 §.
522 2656 570 2688 13.
581 2647 612 2679 &
622 2655 660 2677 ex
672 2654 711 2676 eo
722 2647 892 2679 Zoucheus

39 2689 72 2721 de
96 2689 173 2730 Jure
193 2688 303 2720 Faciat.
328 2687 415 2719 Part.
438 2687 477 2719 II.
505 2689 580 2720 Secz.
605 2698 635 2728 4.
662 2686 703 2733 Q,
730 2694 781 2724 28.
814 2689 893 2721 Sane

38 2731 164 2773 utrique
190 2729 358 2761 Foederato
381 2739 445 2761 non
474 2730 582 2762 mittat
608 2730 725 2771 Copias
750 2731 892 2762 Auxilia·
925 2754 929 2757 -

0 2782 1 2805 1
38 2781 107 2812 res,
127 2771 149 2804 11
167 2772 220 2803 vel
239 2781 278 2803 ex
293 2770 415 2803 foedere
429 2771 620 2811 debeantur,
646 2773 718 2814 quia
735 2772 895 2818 perabsur-

0 2838 1 2845 l

0 2848 1 2859 1

0 2861 1 2868 1

0 2889 1 2900 1

0 2901 2 2912 1

0 2976 2 2984 ι

0 3305 8 3432 *cx—aba<
2 3250 5 3270 „a
4 3229 5 3234 Α
0 3162 5 3210 ...β

0 2813 1 2819 ’
39 2814 112 2846 dum
129 2812 206 2845 61161
221 2814 346 2855 utrique
361 2813 487 2844 mittere
500 2813 619 2845 milites
637 2823 742 2852 meos,
760 2822 795 2845 ut
813 2815 894 2846 invi-

39 2864 108 2887 cem
123 2862 264 2896 pugnent
280 2856 310 2887 &
325 2853 356 2886 se
374 2861 486 2885 mutuo
501 2854 697 2887 confodiant.
733 2855 798 2901 Qui
815 2855 896 2888 mili-

41 2904 91 2929 tes
105 2895 175 2929 suos
188 2897 296 2929 locant
305 2919 316 2935 ,
338 2894 419 2935 saepe
435 2896 559 2935 quidem
577 2895 648 2928 sunt
667 2897 698 2928 in
711 2898 776 2939 pari
795 2895 898 2935 causa,

41 2938 93 2973 sed
110 2948 147 2970 ea
159 2937 222 2970 huc
238 2948 302 2970 non
318 2936 466 2976 pertinet.
513 2936 582 2978 Ego
602 2947 697 2976 vero,
723 2938 787 2971 {ive
803 2938 901 2970 foede-

42 2981 104 3013 rati
121 2980 183 3011 mei
209 2978 356 3012 adversus
378 2985 507 3009 exteros
531 2986 641 3019 agant,
666 2979 728 3012 five
753 2978 900 3011 adversus

42 3022 75 3055 se
99 3021 258 3061 invicem,
281 3020 374 3052 unice
401 3018 650 3060 distinguendum
675 3031 746 3053 reor
761 3045 771 3061 ,
803 3031 841 3053 311
870 3021 901 3053 ὅ(

31 3070 115 3095 Δ11161·
135 3071 176 3093 ex
195 3062 244 3094 his
269 3061 378 3102 iustam
399 3061 476 3092 belli
491 3061 616 3101 gerendi
632 3062 753 3094 causam
777 3062 899 3094 habeat.

44 3104 77 3137 si
93 3111 226 3144 uterque
241 3102 355 3143 justum
382 3102 499 3134 bellum
523 3110 610 3143 gerat
626 3112 738 3134 contra
754 3112 901 3142 exteros,

46 3145 173 3186 utrique
196 3142 365 3185 praestabo,
388 3143 475 3185 quod
492 3153 531 3176 ex
545 3142 666 3176 foedere
680 3144 800 3184 debeo,
824 3145 846 3178 s1
863 3145 904 3177 al-

88 3227 148 3265 (3)
168 3227 244 3256 Plac.
263 3228 298 3258 11.
318 3238 346 3266 4.
367 3231 393 3260 8.
413 3235 440 3263 5.

96 3274 175 3307 Tom.
200 3275 240 3308 11.

893 97 1603 157 PUBLICI,'LIB.1.C.1x.

1729 132 1797 167 209

940 200 1148 239 ter-tantum,
1170 194 1258 226 alteri
1275 193 1408 235 negabO.
1434 195 1465 227 Si
1480 195 1544 228 duo
1560 199 1635 230 mihi
1654 199 1801 233 foederati

937 233 968 266 se
989 235 1128 266 invicem
1155 236 1373 277 aggrediantur
1385 259 1396 275 ,
1419 246 1461 268 ex
1475 236 1596 269 foedere
1615 240 1802 274 satisfaciam

937 276 1066 322 ci‚·qui
1085 275 1246 316 justiorem
1268 276 1389 310 causam
1409 278 1523 317 habet,
1541 279 1571 310 δε
1590 280 1654 321 ipsc
1675 284 1740 323 ejus
1755 284 1799 315 rei

937 318 1063 364 arb1ter
1075 327 1131 348 ero
1142 342 1152 358 ,
1178 327 1213 350 ut
1229 328 1305 351 mox
1322 320 1439 352 audies.
1482 321 1587 361 Atque
1602 331 1645 353 ita
1660 333 1801 355 commo-

935 358 1149 434 dcss‘fflumus
1163 369 1269 391 carere
1278 361 1412 394 aliorum
1428 361 1591 395 sententiis
1604 363 1634 395 ὅ(
1650 363 1799 397 (1111111611-

935 411 986 433 oni
1013 411 1057 433 us.

977 443 1036 475 Sed
1056 443 1130 484 quid
1147 442 1168 475 fi
1182 443 1349 476 Foederato
1367 445 1397 478 ὅ(
1414 445 1512 478 80610
1531 447 1648 479 auxilia
1668 449 1797 489 promis-

935 483 965 516 sa
982 485 1040 516 11111
1053 508 1061 521 .
1088 485 1117 517 ὃ(
1135 485 1162 516 61
1179 495 1226 516 res
1244 485 1281 518 fit
1298 496 1370 518 cum
1389 488 1492 519 amico
1509 489 1606 520 meo?
1630 489 1712 521 Puto
1732 499 1801 531 pro-

933 526 1026 558 miffis
1042 525 1183 558 standum
1201 526 1281 565 esse,
1294 528 1324 559 δ(
1343 526 1414 560 11311
1435 528 1522 570 posse
1534 553 1543 567 ‚
1558 530 1630 571 quia
1641 530 1665 562 F
1667 531 1799 564 oederati

933 568 1080 600 1136161133
1101 567 1299 601 constituunt
1314 578 1405 601 unam
1424 571 1588 603 civitatem
1604 597 1611 609 ,
1636 574 1799 606 communi

933 609 1054 642 auxilio
1074 608 1314 643 defendendam.
1349 611 1409 643 Sed
1429 613 1459 645 dt
1478 612 1528 644 hic
1546 612 1798 656 distinguendum

933 651 996 687 est,
1020 660 1058 682 311
1088 650 1112 682 F
1115 652 1271 683 oederatus
1291 661 1380 684 meus
1401 654 1543 694 injuriam
1562 656 1699 696 patiatur
1718 657 1727 694 ’,
1758 666 1799 689 an

933 692 997 735 ipse
1009 691 1176 739 inferat3fi
1195 693 1666 737 patiatur,promiffaimplebo,
1679 697 1699 730 11
1718 697 1798 730 infe-

933 744 991 770 rat,
1004 743 1066 766 non
1079 735 1229 774 implebO,
1238 735 1309 776 quia
1322 736 1353 767 in
1364 735 1453 768 causa
1464 737 1604 776 improba
1614 748 1678 771 non
1689 747 1800 771 teneor

933 775 1034 808 adeffe
1058 775 1235 807 Foederato.
1283 775 1382 808 Causa
1407 787 1511 810 autem
1540 780 1639 820 proba
1670 781 1706 813 iit
1725 804 1734 818 ,
1761 791 1801 813 an

934 817 1096 859 improba,
1122 817 1188 857 ejus
1216 818 1260 848 rei
1286 818 1450 851 arbitrium
1479 820 1539 852 erit
1555 830 1652 862 penes
1668 823 1799 863 promit-

934 867 1064 891 tentem.
1110 858 1234 891 Vellem
1259 859 1424 900 equidem,
1447 862 1530 902 quod
1556 862 1594 893 de
1611 863 1712 895 causae
1727 873 1800 905 pro-

933 900 1033 932 bitate
1050 900 1101 931 vel
1121 900 1324 941 improbitate
1346 900 1439 941 dixi,
1462 903 1625 944 perspicue
1641 905 1671 937 ὅ(
1691 913 1800 937 rotun-

932 942 971 973 de
986 942 1084 983 pastis
1108 940 1262 973 Gentium
1285 941 1384 974 6116111
1412 944 1546 984 11116113,
1573 944 1624 977 sed
1640 946 1707 985 his,
1729 956 1800 988 quae

932 982 997 1024 ipse
1030 983 1119 1021 vidi,
1144 982 1329 1024 {impliciter
1356 982 1438 1016 solet
1466 987 1627 1027 exprimi,
1652 987 1798 1020 Foedera-

933 1032 1000 1056 tum
1028 1022 1218 1063 Foederato,
1243 1025 1292 1065 qui
1314 1024 1385 1056 bello
1405 1027 1538 1066 petitur,
1560 1027 1722 1061 miss'urum
1748 1037 1799 1061 tot

930 1065 1018 1097 forte
1044 1065 1097 1096 vel
1127 1072 1178 1096 tot
1206 1064 1324 1107 Copias
1351 1066 1510 1100 terrestres
1534 1069 1585 1100 vel
1607 1071 1798 1110 maritimas,

932 1107 962 1139 ὅ(
979 1115 1132 1147 praeterea
1144 1106 1233 1138 nihil.
1280 1107 1340 1139 Sed
1357 1117 1431 1140 cum
1447 1110 1534 1150 113613
1551 1111 1654 1151 313111,
1677 1113 1726 1152 qui
1743 1113 1799 1143 bel-

931 1149 956 1180 lo
967 1150 1101 1189 petitur,
1124 1157 1234 1180 eorum
1261 1150 1321 1181 alia
1344 1149 1567 1192 interpretatio
1584 1151 1646 1184 esse
1669 1154 1799 1194 nequit,

931 1199 1023 1232 quam
1049 1190 1077 1222 ei
1100 1190 1268 1222 Foederato
1295 1192 1412 1223 auxilia
1443 1192 1618 1234 praestitum
1647 1194 1684 1225 iri
1704 1218 1715 1233 ,
1746 1196 1801 1236 qui

931 1232 1022 1264 nullo
1042 1232 1111 1272 jure
1125 1231 1281 1263 lacessitur
1297 1232 1405 1271 bello,
1430 1235 1483 1275 qui
1505 1235 1543 1266 ab
1561 1234 1649 1267 hoste
1666 1236 1799 1277 petitur,

931 1283 995 1320 non
1016 1274 1070 1319 qui
1089 1271 1212 1319 hostem
1233 1273 1298 1315 ipse
1316 1275 1408 1315 petit.
1456 1276 1574 1308 Verum
1592 1287 1649 1310 nec
1669 1278 1728 1309 alia
1753 1288 1799 1309 ra-

934 1323 1020 1346 110116
1039 1315 1111 1346 latis
1128 1313 1291 1355 perspicua
1306 1314 1351 1347 est
1366 1316 1422 1348 illa
1436 1317 1580 1357 locutio,
1595 1320 1645 1360 qui
1664 1319 1735 1350 bello
1747 1327 1799 1360 pe-

934 1358 1024 1395 titur,
1049 1356 1124 1402 quid
1140 1357 1224 1388 enim
1239 1356 1261 1388 fi
1279 1357 1324 1396 is,
1350 1358 1403 1398 qui
1422 1360 1559 1400 petitur,
1585 1368 1674 1392 antea
1690 1361 1798 1401 injuri-

933 1407 982 1429 am
1004 1397 1139 1435 fecerit,
1164 1398 1194 1429 ὅ(
1221 1397 1262 1429 fic
1284 1398 1407 1431 causam
1433 1400 1508 1432 belli
1535 1402 1736 1442 praebuerit?
1759 1413 1800 1435 an

934 1439 986 1471 vel
1005 1439 1046 1472 fic
1062 1438 1209 1480 improbo
1226 1439 1324 1471 Socio
1339 1441 1458 1474 auxilia
1474 1442 1623 1475 mittam?
1647 1453 1711 1476 non
1727 1445 1799 1476 mit-

931 1488 1003 1512 tam.
1030 1480 1196 1512 Praestaret
1210 1481 1337 1521 dicere,
1358 1484 1408 1524 qui
1429 1483 1638 1525 INJUSTO
1660 1486 1732 1518 bello
1742 1491 1796 1527 pe-

931 1524 1025 1562 titur,
1050 1521 1169 1554 auxilia
1193 1521 1317 1555 miffum
1334 1524 1392 1563 iri,
1416 1533 1511 1567 atque
1527 1526 1571 1557 ita
1585 1527 1633 1565 ei,
1656 1527 1711 1569 qui
1727 1537 1799 1559 cau-

932 1563 995 1596 sam
1024 1564 1098 1596 belli
1123 1572 1187 1596 non
1215 1563 1354 1603 dederit,
1380 1566 1470 1606 cujus
1493 1567 1588 1608 culpa
1609 1569 1663 1601 vel
1687 1569 1802 1609 injuria

932 1605 1052 1638 bellum
1069 1614 1134 1636 non
1150 1604 1275 1645 incipit.
1321 1605 1476 1651 Quamvis
1491 1616 1596 1639 autem
1615 1610 1716 1651 palam
1737 1621 1803 1643 11011

933 1647 1128 1688 exprimatur
1140 1670 1149 1686 ,
1174 1646 1296 1687 semper
1313 1655 1419 1680 tamen
1435 1649 1537 1681 intelli
1562 1649 1626 1682 itur
1642 1651 1711 1684 haec
1727 1652 1802 1684 taci-

934 1696 965 1720 ta
992 1689 1157 1731 pactorum
1182 1689 1356 1730 exceptio,
1378 1699 1471 1731 quarn
1488 1691 1518 1723 ὅ(
1571 1692 1670 1725 rotius
1690 1693 1802 1734 proba-

933 1730 982 1762 vit
997 1733 1026 1763 d.
1052 1730 1094 1762 L.
1119 1729 1158 1761 II.
1182 1730 1216 1761 cle
1234 1729 1311 1770 Jure
1331 1731 1368 1763 B.
1387 1731 1423 1767 ἐξ
1443 1731 1480 1764 P.
1503 1732 1537 1764 C.
1566 1741 1613 1773 15.
1639 1733 1667 1777 §.
1695 1744 1742 1776 13.
1767 1745 1799 1768 n.

936 1781 963 1804 1.
989 1774 1020 1806 &
1042 1772 1083 1805 L.
1108 1770 1148 1803 I-l.
1168 1770 1201 1803 C.
1217 1779 1269 1810 25.
1293 1771 1321 1815 §.
1345 1782 1378 1816 4.
1399 1783 1459 1807 nec
1479 1773 1544 1807 scio
1563 1774 1645 1816 esse,
1668 1779 1721 1820 qui
1742 1777 1802 1810 dis-

933 1811 1078 1847 sentiant.

975 1857 1040 1904 Qui
1055 1857 1173 1892 auxilia
1189 1859 1425 1901 p1·omifit,&is
1439 1860 1542 1900 solus,
1553 1869 1590 1893 ut
1603 1861 1698 1894 modo
1715 1861 1801 1894 dice·

931 1897 1149 1938 bam,aestimat
1158 1910 1284 1942 quoque
1292 1902 1331 1933 de
1338 1901 1460 1942 justitia
1468 1903 1520 1935 vel
1530 1902 1680 1943 injustitia
1687 1902 1799 1943 causae,

933 1940 963 1972 ὃ(
972 1951 1009 1973 an
1021 1942 1100 1983 casus
1104 1942 1227 1988 foederis
1235 1964 1246 1980 ,
1255 1951 1290 1974 ut
1299 1943 1399 1985 vulgo
1412 1944 1598 1985 loquuntur,
1609 1943 1710 1977 exstet
1718 1967 1729 1984 ,
1739 1954 1801 1976 nec

932 1992 991 2022 ne,
1011 1993 1114 2025 neque
1132 1993 1216 2015 6111111
1242 1993 1346 2025 partes
1363 1985 1587 2018 contrahentes
1605 1995 1641 2017 ea
1659 1986 1698 2017 de
1714 1995 1747 2017 re
1768 1987 1802 2018 in

934 2025 1069 2057 arbitros
1093 2023 1195 2057 solent
1221 2034 1292 2057 com
1318 2026 1500 2066 romittere,
1525 2035 1561 2059 ut
1579 2027 1723 2068 equidem
1747 2037 1803 2069 par

935 2065 1034 2105 ess'et,
1056 2076 1117 2106 ne,
1142 2073 1178 2097 ut
1201 2065 1261 2105 fit,
1299 2067 1407 2099 oedera
1430 2077 1625 2109 exponamus
1652 2069 1803 2101 ludibrio.

936 2108 1197 2152 Quotusquisque
1221 2108 1363 2149 alioquin
1381 2107 1446 2148 611,
1490 2110 1521 2141 31
1540 2119 1605 2142 11011
1617 2109 1802 2143 1066161311]-

936 2150 1161 2191 terpretabitur
1177 2171 1189 2188 ,
1218 2158 1255 2181 ut
1276 2159 1294 2180 e
1316 2159 1349 2181 re
1377 2149 1428 2182 sua
1448 2160 1466 2182 e
1491 2150 1510 2182 ’6
1536 2152 1723 2193 putaverit?
1747 2151 1803 2193 qui

935 2201 998 2223 non
1014 2191 1121 2224 fallaci
1136 2191 1399 2232 interpretatione
1416 2192 1506 2234 113613
1528 2192 1681 2226 eluserit?
1705 2193 1803 2226 Vete-

936 2242 985 2264 res
1005 2232 1113 2265 Graeci
1133 2233 1163 2264 6(
1178 2232 1336 2271 Romani,
1357 2234 1452 2265 etiam
1479 2234 1511 2266 in
1538 2235 1676 2276 negotiis
1699 2234 1802 2276 publi-

938 2274 984 2306 cis
995 2299 1004 2314 ,
1027 2274 1181 2315 judicium
1196 2274 1236 2305 de
1252 2274 1355 2306 causae
1369 2274 1490 2315 justitia
1506 2277 1558 2308 vel
1576 2275 1729 2317 iniustitia
1744 2275 1800 2308 sae-

937 2324 977 2357 pe
999 2316 1068 2348 aliis
1093 2314 1318 2357 permiserunt,
1343 2324 1379 2348 ut
1403 2317 1539 2358 probant
1555 2319 1700 2359 exempla
1720 2315 1803 2358 apud

938 2357 1091 2389 Grotium
1112 2359 1141 2389 d.
1166 2356 1207 2389 L.
1232 2356 1273 2389 ΙΙ.
1307 2357 1340 2389 C.
1366 2367 1418 2398 25.
1442 2357 1471 2400 §.
1495 2369 1525 2399 4.
1551 2360 1581 2391 ὅ(
1601 2359 1643 2391 116
1670 2366 1799 2400 0110116-

936 2399 1003 2431 bat.
1048 2398 1109 2431 Sed
1137 2398 1168 2430 id
1198 2407 1282 2429 nunc
1301 2397 1346 2429 est
1369 2399 1451 2438 Juris
1467 2399 1621 2431 Gentium
1640 2398 1801 2440 abrogati,

938 2441 968 2473 ὅ(
988 2440 1060 2472 inde
1083 2439 1225 2471 omnium
1253 2438 1416 2478 pastorum
1442 2439 1536 2472 hodie
1555 2440 1625 2472 fere
1641 2441 1732 2473 inane
1746 2448 1803 2471 no-

936 2491 1018 2514 men.
1059 2481 1169 2522 -Atque
1199 2480 1267 2511 haee
1289 2480 1415 2520 quidem
1439 2481 1478 2513 de
1502 2480 1675 2514 foederibus
1691 2506 1701 2522 ,
1733 2481 1802 2522 qui-

935 2523 994 2555 bus
1012 2530 1085 2554 ante
1099 2522 1219 2554 bellum
1235 2521 1353 2552 auxilia
1367 2522 1513 2563 promissa
1531 2522 1621 2563 sunt,
1644 2533 1716 2555 nam
1735 2522 1801 2554 bel-

935 2564 969 2596 lo
985 2564 1046 2604 jam
1066 2571 1199 2600 exorto,
1223 2561 1243 2593 fi
1259 2571 1310 2593 me
1325 2563 1447 2603 audias,
1472 2567 1574 2596 neutri
1591 2566 1694 2597 amico
1713 2563 1802 2596 auxi·

935 2606 978 2637 lia
1002 2605 1086 2637 16616
1108 2605 1161 2636 vel
1186 2604 1437 2644 promittuntur,
1463 2606 1514 2637 vel
1536 2607 1726 2644 mittuntur,
1748 2604 1803 2646 qui

934 2645 1114 2688 promiserit
1140 2645 1192 2678 vel
1210 2643 1330 2678 miserit
1348 2647 1459 2686 alteri,
1483 2648 1611 2680 alterius
1629 2647 1802 2680 amicitiam

934 2687 1079 2720 violabit.

979 2729 1044 2769 Hi,
1070 2730 1125 2771 qui
1148 2729 1203 2763 sub
1232 2733 1371 2765 tuitione
1394 2731 1467 2765 sunt
1492 2731 1511 2773 (
1519 2733 1565 2763 die
1585 2731 1672 2762 onder
1691 2731 1799 2761 contri-

938 2772 1014 2804 butte
1032 2770 1152 2814 fitcen)
1173 2773 1373 2806 constituunt
1399 2774 1494 2805 etiam
1525 2783 1621 2814 genus
1645 2771 1802 2813 quoddam

938 2814 1179 2852 intermedium,
1200 2824 1271 2847 nam
1293 2825 1334 2847 ex
1355 2824 1465 2847 natura
1488 2814 1632 2846 tuitionis
1647 2822 1711 2844 non
1725 2821 1801 2844 con-

938 2855 1110 2888 fiderantur
1125 2863 1272 2897 tanquam
1289 2856 1413 2895 hostes,
1426 2865 1527 2896 neque
1543 2855 1636 2886 etiam
1654 2862 1803 2895 tanquam

941 2896 1082 2936 subditi,
1116 2906 1189 2928 cum
1224 2898 1263 2929 ad
1291 2899 1386 2930 alium
1410 2897 1587 2937 Principem
1612 2895 1800 2936 pertineant.

942 2937 1074 2970 Poffunt
1083 2938 1179 2980 igitur
1193 2938 1281 2971 suum
1292 2939 1468 2979 Principem
1478 2959 1489 2975 ,
1504 2938 1646 2977 quamvis
1661 2936 1804 2968 nostrum

942 2979 1081 3020 hostem,
1105 2981 1233 3020 juvare,
1256 2980 1307 3012 sed
1325 2989 1389 3012 non
1404 2978 1495 3010 armis
1510 2978 1665 3018 virisque,
1691 2977 1805 3018 quibus

943 3029 1056 3053 contra
1076 3031 1134 3053 nos
1151 3021 1269 3053 bellum
1295 3028 1392 3062 gerat.
1428 3018 1632 3061 Quapropter
1650 3019 1806 3051 Ordinum

944 3062 1148 3094 Generalium
1165 3062 1340 3094 ConfiIiarii
1362 3070 1408 3100 17.
1431 3060 1529 3091 Mart.
1551 3063 1640 3101 1641.
1659 3060 1732 3107 (3)
1749 3071 1804 3100 op-

946 3104 1027 3135 timo
1052 3104 1119 3143 jure
1141 3103 1328 3141 edixerunt,
1351 3110 1392 3131 ne
1440 3101 1469 3132 ui
1496 3110 1536 3132 ex
1560 3102 1722 3133 territorio
1748 3102 1810 3134 Lu-

946 3143 1161 3185 xemburgenfi
1181 3144 1211 3176 ὅ(
1235 3142 1417 3176 Namurcen
1430 3152 1441 3174 1
1463 3142 1635 3176 militarent
1655 3142 1732 3185 Regi
1742 3143 1810 3216 ΓΗί-

1757 3193 1807 3226 9²³⁴·

1027 3276 1060 3310 D
1069 3276 1087 3308 d
