2008 3436
175 100 271 148 188
594 92 1533 142 DEDICATIO.

169 194 385 254 Zelandi,
423 208 469 243 ut
494 194 709 243 nonnullis
731 193 908 261 quidem
934 193 1132 251 videtur,
1170 192 1272 252 scis,
1309 193 1410 261 quid
1433 193 1488 242 de
1506 192 1583 242 illis
1615 192 1672 243 ibi
1693 192 1939 248 dixeritTa-
1986 222 1997 262 ν,

168 270 303 323 citUS,
341 264 428 314 esse
460 266 667 314 nimirum
695 263 861 324 similes
889 262 1099 321 Batavis,
1134 263 1216 328 71ss
1248 264 1363 329 quod
1391 268 1478 329 ipso
1510 263 1647 312 adhuc
1681 276 1826 315 terrae
1831 268 1948 329 strae:
1982 263 2002 291 '³

150 337 254 399 fhlo
278 333 332 387 ἐξ
354 336 451 391 coelo
477 338 618 383 acrius
646 337 901 387 animantur.
975 333 1050 381 Tu
1069 332 1148 381 hac
1167 349 1284 398 parte
1312 352 1402 382 non
1443 334 1697 390 Mattiacus,
1733 335 1801 383 vel
1825 335 1947 386 Mat<

170 407 268 456 tiaci
297 424 387 454 non
428 404 622 453 Zelandi.
698 403 841 468 Majus
867 403 999 469 igitur
1018 402 1064 451 &
1099 401 1270 468 dignius
1295 421 1486 463 nomen,
1524 403 1642 470 quod
1671 403 1772 453 huic
1799 404 1945 472 Operi·
1990 407 1991 410 ’

170 476 476 532 inscriberem,
515 492 604 522 non
639 471 931 529 succurrebat,
971 490 1062 520 non
1092 476 1210 538 quod
1250 491 1304 520 ex
1336 491 1386 522 ea
1418 474 1692 539 inscriptione
1719 474 1945 524 Fortunae
1990 497 1994 513 ι

172 562 297 595 meae
327 545 537 603 blandiar,
577 543 643 591 vel
667 545 965 591 auffiioritatem
990 541 1130 606 Operi
1156 543 1415 601 conciliem,
1451 562 1552 592 cum
1576 543 1681 592 nihil
1705 542 1785 603 fit,
1821 545 1940 611 quod

170 616 278 664 ultra
313 629 540 679 expetam,
578 613 626 661 &
659 613 795 677 probe
827 613 983 669 stiam,
1021 611 1152 676 Opus
1179 629 1234 659 ex
1267 612 1358 677 ipso
1391 612 1544 678 Opere
1566 613 1674 662 stare
1696 613 1765 661 vel
1788 611 1940 663 cadere

175 700 405 748 oportere,
443 682 512 730 sed
539 681 656 749 quod
681 682 813 730 velim
833 698 998 729 nomen
1028 698 1179 729 meum
1204 682 1374 745 publice
1393 681 1587 747 profiteri
1612 684 1722 731 inter
1744 700 1845 742 e05,
1868 683 1940 750 qui

171 756 383 802 virtutum
407 767 575 799 tuarum
611 749 879 815 majestatem
905 750 1093 798 comiter
1113 749 1355 800 observant.

242 824 285 871 Si
315 820 720 886 circumspiciendus
742 819 847 869 eflet
870 820 1059 878 amicus,
1099 837 1286 886 ecquem
1308 820 1412 868 Tibi
1441 818 1724 885 praeferam?
1762 838 1863 869 nam
1887 839 1941 870 ex

173 910 263 959 quo
299 908 372 939 me
394 890 579 938 amicitia
613 905 685 937 tua
711 889 910 957 dignatus
940 907 1012 947 es,
1051 904 1116 936 tot
1144 891 1191 938 &
1226 904 1340 937 tanta
1370 890 1460 953 ejus
1486 905 1742 955 argumenta
1769 883 1952 940 voluists

173 960 365 1018 exstare,
404 974 450 1007 ut
476 960 668 1026 ingratus
700 958 808 1017 sim,
846 957 924 1008 nifi
954 957 1129 1024 publico
1151 957 1404 1007 testimonio
1427 959 1467 1007 id
1492 959 1739 1024 agnostam.
1814 959 1942 1009 Ami·
2004 967 2006 999 ἵ

173 1032 271 1079 citia
310 1028 478 1087 nostra,
518 1044 684 1094 patere,
724 1044 770 1076 ut
797 1027 965 1086 dicam,
1002 1044 1077 1093 per
1111 1027 1320 1092 plurimos
1366 1046 1501 1077 annos
1534 1028 1674 1086 stetit,
1718 1029 1767 1079 &
1805 1029 1943 1078 adhuc
2006 1062 2007 1088 ;

175 1100 283 1157 stat,
321 1100 487 1164 integra
506 1098 554 1149 &
573 1098 752 1155 illibata,
789 1115 877 1145 non
897 1097 1091 1145 tralatitia
1117 1096 1182 1145 illa
1202 1097 1462 1156 urbanitate,
1499 1114 1609 1163 quae
1628 1098 1863 1147 verborum
1883 1099 1946 1148 le·
2005 1110 2008 1158 ζ

175 1170 362 1218 nociniis
391 1165 622 1216 absolvitur
641 1205 655 1227 ,
692 1167 739 1216 &
772 1165 894 1232 saepe
918 1166 1051 1224 fallit,
1089 1183 1192 1213 cum
1215 1166 1265 1214 ad
1296 1183 1388 1214 rem
1412 1165 1541 1230 ipsam
1573 1181 1833 1231 perventum
1855 1167 1945 1225 est,
2006 1204 2008 1233 4

174 1238 246 1287 sed
267 1237 357 1286 fine
380 1237 507 1296 dolo,
543 1236 633 1285 fine
657 1235 807 1284 fraude
828 1237 873 1284 &
896 1235 1016 1283 fuco.
1090 1235 1247 1282 Animi
1276 1235 1442 1282 candidi
1475 1236 1521 1283 &
1544 1252 1646 1282 vere
1676 1235 1858 1285 Zelandi
1880 1236 1944 1286 est

175 1322 322 1373 aperte
351 1324 509 1372 agere,
548 1323 630 1354 nec
663 1303 838 1352 subdole
868 1303 1047 1351 latebras
1081 1319 1310 1369 quaerere,
1347 1303 1501 1369 quibus
1529 1303 1703 1351 abdatur
1735 1306 1947 1364 amicitia,

175 1376 306 1426 semel
333 1375 446 1424 bona
469 1372 557 1422 fide
581 1374 810 1422 contracta.
860 1372 962 1421 Scio
972 1408 986 1430 ,
1023 1372 1214 1439 qui2Viri
1241 1373 1372 1420 etiam
1405 1372 1586 1438 egregie
1610 1371 1774 1421 cordati
1800 1373 1946 1424 haberi

176 1446 355 1503 volunt,
387 1443 435 1493 &
457 1458 607 1495 tamen
632 1442 698 1491 his
718 1440 894 1491 latebris
912 1441 953 1489 se
976 1456 1095 1489 totos
1122 1441 1379 1500 involvunt,
1416 1443 1489 1508 qui
1523 1442 1664 1490 verbis
1694 1441 1958 1492 demulcent.

175 1515 368 1571 amico5,
391 1513 487 1573 sed,
510 1513 581 1562 ubi
607 1513 715 1561 ratio
739 1511 954 1576 amicitiae
977 1510 1189 1559 reddenda
1207 1509 1293 1569 est,
1330 1510 1485 1560 solidae
1508 1513 1567 1560 rei
1591 1511 1694 1560 nihil
1714 1514 1955 1580 quicquam-

176 1582 402 1650 praestant.
476 1582 552 1630 Tu
579 1580 757 1631 sollicite
777 1581 970 1646 primum
1001 1582 1192 1648 quaeriS,
1227 1598 1308 1639 an,
1345 1581 1419 1648 qui
1451 1581 1684 1629 amicitiam
1708 1596 1827 1631 tuam
1853 1599 1955 1632 amo·

175 1655 326 1711 biunt,
363 1653 458 1701 satis
490 1651 596 1701 Tibi
630 1651 856 1700 videantur
887 1650 1036 1717 digni,
1073 1651 1146 1708 &,
1183 1648 1216 1698 fi
1243 1648 1351 1708 fint,
1388 1650 1436 1699 &
1463 1651 1605 1698 donec
1641 1650 1750 1710 sint,
1785 1658 1956 1708 eorum}

175 1722 427 1771 commodis
447 1719 760 1787 promovendis
791 1719 958 1786 prolixe
988 1719 1154 1778 studes,
1191 1736 1272 1767 nec
1292 1720 1342 1768 ab
1365 1718 1477 1779 aliis,
1515 1719 1627 1768 male
1652 1721 1840 1780 feriatis,
1875 1737 1948 1787 pa·

176 1793 276 1840 teris
300 1791 374 1839 Te
402 1790 526 1840 avelli
549 1792 596 1840 &
620 1788 911 1839 transvorsum
942 1790 1023 1856 agi.
1075 1789 1293 1854 Expertus
1324 1789 1504 1856 loquor,
1541 1807 1685 1856 neque
1709 1790 1828 1839 enim
1853 1807 1947 1839 ces-

175 1861 266 1910 sasti
294 1860 402 1909 mihi
434 1861 630 1927 meisque
654 1877 709 1908 ex
731 1858 862 1907 animi
889 1856 1094 1907 sententia
1119 1857 1294 1916 favere,
1331 1876 1386 1906 ex
1412 1876 1501 1925 quo
1531 1859 1572 1906 in
1603 1860 1837 1908 amicitiam
1870 1872 1946 1908 me

177 1946 298 1979 tuam
325 1928 533 1995 recepisti.
607 1930 711 1995 Ego
732 1930 877 1976 vicem
899 1927 1089 1984 reddidi,
1127 1927 1196 1975 sed
1219 1928 1447 1993 exiguam,
1484 1945 1585 1976 nam
1619 1930 1828 1996 exiguum
1858 1927 1959 1987 est,

175 1999 294 2067 quod
317 2000 442 2048 rebus
467 2000 549 2046 tuis
571 2034 584 2056 ,
622 2013 710 2046 tam
733 1998 820 2046 alto
841 1997 943 2046 loco
968 1997 1216 2054 collocatis,
1255 1996 1428 2062 poffiim
1448 1995 1626 2045 adferre.

244 2067 727 2130 Sicircumspiciendus:
761 2064 866 2114 esset
896 2066 1033 2131 Judex
1066 2080 1324 2130 competens
1354 2082 1502 2113 earum
1536 2082 1704 2123 rerum,
1741 2082 1844 2132 quas
1879 2065 1946 2114 his

178 2136 323 2185 Libris
345 2154 456 2202 ago,
496 2136 570 2184 Tu
590 2150 708 2184 certe
728 2134 781 2183 de
809 2135 873 2183 his
898 2135 995 2201 ipsis
1016 2136 1146 2183 etiam
1169 2134 1224 2182 de
1243 2134 1370 2200 plano
1394 2135 1679 2200 pronunciare
1701 2150 1844 2200 potes.
1886 2136 1955 2184 Ut'

177 2206 288 2272 Juris
324 2206 519 2254 Romani
551 2205 773 2269 prudentia
809 2206 1034 2271 proprium
1063 2203 1372 2252 Scaevolarum
1403 2205 1714 2269 patrimonium
1745 2202 1852 2262 fuit,
1879 2203 1955 2252 'fic

178 2275 288 2342 juris
325 2275 483 2323 Publici
520 2271 708 2322 Scientia
744 2273 904 2322 Gentis
943 2290 1041 2323 tuae
1059 2273 1309 2322 hereditaria
1336 2272 1416 2321 dos
1435 2272 1508 2321 est.
1588 2272 1775 2339 Loquor
1808 2272 1863 2322 de
1897 2283 1954 2321 ea‘

178 2344 375 2401 scientia,
414 2361 524 2410 quae
550 2361 639 2392 non
664 2345 706 2393 in
735 2342 948 2391 umbratili
978 2341 1271 2409 professione,
1306 2342 1376 2391 fied
1396 2343 1438 2390 in
1462 2342 1586 2391 rebus
1619 2342 1792 2409 publice
1813 2358 1948 2407 agen-

179 2413 242 2462 dis
264 2411 468 2462 consistit.
544 2413 675 2462 Unde
704 2430 769 2469 ex·
795 2412 947 2461 Gente
977 2429 1047 2461 tua
1078 2412 1328 2479 prodierunt
1360 2412 1599 2470 Consules,
1636 2411 1818 2476 Legati,
1855 2409 1946 2457 Or·

179 2482 332 2532 dinum
371 2481 574 2547 Syndici,
611 2483 659 2533 &
691 2482 765 2550 qui
790 2500 880 2531 non
908 2482 975 2531 alii
996 2482 1048 2530 ad
1083 2481 1419 2547 Rempublicam
1444 2483 1529 2529 nati
1549 2477 1769 2545 facilique?
1808 2477 1940 2526 Hanc

180 2551 393 2617 gloriam,
430 2569 454 2599 a
478 2551 717 2614 Majoribus
738 2552 821 2600 tuis
839 2566 1089 2618 acceptam,
1126 2551 1272 2600 sedulo
1296 2550 1561 2616 propagasti,
1598 2547 1802 2596 omnibus
1823 2545 1946 2595 undi-

181 2638 268 2686 que
311 2618 589 2685 conquisitis,
627 2620 675 2668 &
706 2637 872 2685 magno
900 2640 997 2670 aere
1024 2623 1305 2685 comparatiS,
1343 2636 1453 2685 quae
1482 2617 1553 2665 Te
1595 2616 1645 2665 ad
1687 2616 1946 2682 Rempubli-

181 2707 279 2737 cam
301 2687 676 2737 administrandam
712 2689 889 2737 reddere
920 2689 1093 2754 possunt
1115 2691 1355 2738 dofitioretn
1377 2688 1424 2735 &
1449 2686 1691 2734 meliorem.
1743 2687 1819 2734 An
1844 2684 1947 2752 quid

183 2760 315 2824 igitur
334 2759 375 2805 in
403 2757 469 2805 his
502 2756 644 2804 Libris
665 2756 940 2823 praesterim,
975 2759 1093 2824 quod
1115 2760 1157 2807 in
1180 2757 1406 2805 utilitatem
1433 2755 1715 2820 Reipublicae
1740 2753 1947 2804 redunda-

183 2846 230 2874 re
271 2825 423 2891 possit,
461 2827 523 2874 tui
559 2827 600 2874 in
636 2827 783 2891 primis
809 2827 959 2892 judicii
986 2828 1088 2885 erit,
1126 2828 1218 2876 satis
1249 2826 1365 2873 enim
1390 2841 1548 2890 operae
1573 2826 1760 2889 pretium
1788 2841 1863 2873 me
1880 2836 1947 2872 tu-

184 2894 275 2945 liffe
302 2897 492 2961 putab0,
529 2894 711 2954 fiTibi,
749 2897 981 2963 paucisque
1006 2896 1120 2955 aliis,
1157 2895 1246 2944 Tui
1270 2894 1502 2952 similibus,
1539 2895 1787 2960 placuerim.
1862 2888 1954 2954 Sed?

184 2982 241 3013 ne
274 2964 418 3013 videar
439 2964 512 3012 Te
534 2965 576 3012 in
610 2982 660 3012 os
690 2965 887 3024 laudare,
922 2966 995 3033 qui
1018 2983 1107 3013 non
1139 2982 1262 3013 meus
1291 2963 1352 3012 est
1383 2982 1504 3022 mos,
1542 2981 1721 3013 manum
1751 2963 1806 3012 de
1826 2963 1956 3023 tabu-⁴

183 3033 235 3080 la.
309 3033 442 3093 Vale,
482 3034 562 3082 Vir
595 3032 898 3100 Amplissime,
934 3051 1015 3082 nec
1051 3033 1127 3082 nisi
1159 3033 1269 3081 serus
1303 3034 1345 3081 in
1382 3034 1563 3082 Coelum
1610 3033 1723 3092 redi,
1771 3032 1955 3099 publico*

184 3101 232 3149 &
271 3104 440 3165 privato
479 3101 686 3152 Tuorum
721 3104 853 3153 bono.
928 3103 1084 3170 Hagac
1120 3101 1385 3151 Batavorum
1421 3103 1552 3169 pridie
1586 3101 1764 3152 Calend.
1837 3101 1957 3168 Maji>

185 3183 264 3220 cm
291 3185 401 3221 loce
420 3186 638 3220 xxxvii.
1033 3177 1042 3184 '

1834 3238 1873 3279 A
1902 3238 1942 3279 D
