2008 3436
277 89 562 140 QUAEST.
613 68 839 137 Jua'ts
888 84 1244 130 PRIVATI,
1294 86 1637 128 L1ss.1v.e1x.

57 177 374 211 Amsterdammenses
407 180 491 220 petit
524 177 749 220 reparationem
786 174 890 208 damni
910 196 920 214 ,

54 219 108 252 sed
130 219 281 261 repulsam
309 220 383 252 tulit
412 229 460 252 12.
492 220 564 252 Oct.
599 222 690 259 1706.
720 226 756 249 ut
784 219 814 251 &
840 218 921 259 apud

54 261 208 294 Scabinos
226 272 276 303 23.
302 262 399 293 Mart.
428 266 517 303 1708.
541 261 636 293 Curia
652 269 749 298 vero,
772 260 809 292 ad
828 269 920 299 quam

55 302 267 344 appellaverat
285 327 293 342 ‚
319 302 472 335 damnatis
499 301 757 334 affecuratoribus
774 324 784 339 ,
810 301 916 333 secun-

53 344 128 376 dum
143 344 349 376 ass‘ecuratum
367 345 552 376 sententiam
567 342 647 376 dixit
663 352 713 380 29.
737 342 797 383 Jul.
812 346 916 382 ‘1712

54 385 224 427 Postquam
249 387 470 418 assecuratorcs
492 383 593 416 rursus
618 384 654 415 ad
682 385 831 416 Senatum
862 384 916 415 Su-

54 436 195 469 premum
221 428 458 468 provocass'ent,
480 426 682 465 assecuratus‚
703 435 822 458 moram
851 425 917 457 litis

54 478 216 508 metuens,
243 470 410 511 impetrata
434 468 465 499 in
487 467 567 498 hanc
598 476 662 499 rem
690 468 781 499 venia
797 491 806 506 ‚
832 475 917 499 novo

53 510 161 543 libello
177 511 273 542 etiam
292 510 384 552 petiit
401 509 504 541 usuras
513 508 689 540 alsccuratae
708 509 832 541 summa:
849 507 917 550 post

53 560 115 584 tres
140 551 284 591 menses,
322 560 361 583 ex
395 550 508 592 quibus
535 559 655 582 merces
680 550 745 583 suas
768 550 917 582 habuerat

55 602 114 635 pro
130 593 294 625 derelictis.

99 634 272 680 Quaesitum
294 634 389 676 igitur
406 633 450 665 est
468 634 603 675 primum
623 634 661 665 de
677 644 710 665 re
726 632 804 676 ipsa,
829 633 916 664 dein-

52 675 92 707 de
107 681 146 708 de
162 675 269 707 usuris.
316 675 406 707 Nihil
429 677 530 707 dicam
549 676 587 707 de
608 676 700 708 variis
718 675 891 707 rationibus
907 697 916 712 ‚

51 718 89 749 ab
116 725 247 759 utraque
275 726 365 758 parte
387 717 496 749 adlatis
516 740 526 755 ,
562 727 631 758 qua:
656 718 803 749 Senatum
838 715 918 747 nibil

54 759 221 801 quicquam
246 768 415 790 moverunt
433 782 442 796 ,
465 759 725 798 quemadmodum
743 782 752 797 ‚
778 757 917 797 exempli

51 801 168 842 gratia,
192 799 409 832 assecuratorcs
427 799 607 841 quibusdam
628 810 666 832 ex
681 799 741 831 suis
756 798 920 836 mandasse,

53 850 89 873 ut
106 851 177 873 cum
193 841 367 874 assecurato
382 842 421 872 de
440 843 553 873 damno
565 866 573 880 ‚
598 841 618 874 fi
635 841 776 883 possent,
798 840 920 871 vellent

55 883 241 925 transigere,
261 882 375 914 frustra
403 884 486 914 enim
509 893 547 914 eo
570 891 756 924 argumento
774 882 920 913 utebatur

54 924 241 957 ail'eeuratus
254 948 264 964 ,
288 925 359 965 quia
371 948 380 962 ‚
405 934 439 955 ut
451 926 481 956 ἅ
500 925 529 956 in
547 925 615 956 aliis
632 924 727 956 causis
742 922 918 961 observavi,

56 967 111 998 illa
129 966 273 998 mandata
289 966 407 1006 semper
421 967 568 1007 praeviam
589 965 688 997 causae
705 965 920 1006 cognitionem

53 1007 248 1044 definierant,
270 1017 363 1049 atque
389 1008 431 1038 ita
459 1007 577 1048 semper
602 1008 732 1045 dantur,
759 1005 844 1037 salvo
866 1014 918 1035 cu-

54 1048 195 1090 jusquam
213 1050 291 1090 jure.
337 1048 568 1080 Affecuratores
591 1058 713 1082 autem.
738 1045 806 1089 post
821 1045 920 1077 causa:

55 1091 292 1132 cognitionem,
317 1090 462 1130 putabant
485 1090 513 1121 se
533 1090 645 1121 habere
669 1089 827 1126 rationes,
852 1087 918 1128 qui-

54 1131 114 1163 bus
135 1131 338 1162 assecuratum
369 1131 568 1171 repellerent.
614 1130 717 1162 Prima
743 1133 806 1160 erat
825 1153 834 1167 ‚
869 1139 918 1160 na-

55 1173 121 1203 vim
140 1172 264 1204 solvisse
279 1182 319 1204 cx
341 1173 417 1204 mari
439 1172 585 1204 Baltbico
605 1172 666 1204 sine
682 1173 754 1203 navi
776 1170 920 1208 tutelari,

54 1223 169 1245 contra
191 1223 282 1254 quam
307 1222 519 1251 convenerat,
542 1214 659 1245 nullam
686 1213 780 1254 igitur
797 1212 857 1243 elle
873 1221 917 1242 as-

54 1254 308 1293 securationem,
331 1265 395 1287 non
420 1254 539 1287 servata
566 1255 631 1294 ejus
648 1255 729 1296 lege.
774 1254 833 1286 Sed
850 1262 917 1284 cam

54 1294 266 1329 defenlionem
283 1298 414 1329 Senatus
432 1305 495 1328 non
516 1297 683 1337 probavit,
705 1296 777 1337 quia
799 1293 918 1328 consta-

53 1338 109 1371 bat
125 1347 165 1370 ex
181 1338 275 1370 variis
292 1337 480 1370 testimoniis
499 1338 719 1370 Mercatorum
732 1360 742 1375 ,
768 1337 796 1368 ὅ(
814 1346 852 1368 ex
865 1335 920 1367 usu

56 1378 248 1418 subsecuto,
273 1381 401 1421 perinde
433 1388 510 1411 tunc
539 1379 632 1411 fuiss'e
650 1403 659 1418 ,
685 1379 748 1411 sive
775 1378 890 1409 dixeris
910 1400 919 1415 ,

58 1427 112 1461 ayt
128 1423 161 1453 de
182 1421 259 1453 Sonti
279 1427 336 1452 met
356 1422 489 1462 Convoy,
512 1421 575 1453 sive
593 1427 644 1462 iifl:
664 1421 847 1461 Gotteizbzirg
864 1425 922 1450 mec

59 1463 200 1505 Convoy,
224 1462 436 1503 Gottenbui·gi
464 1463 547 1494 enim
576 1472 651 1494 tunc
679 1470 745 1493 erat
763 1460 855 1493 statio
872 1470 922 1492 na-

54 1514 143 1536 vrum
161 1504 361 1546 Anglicarum
372 1527 381 1542 ,
397 1504 477 1536 &ibi
497 1513 620 1546 quoque
634 1510 719 1535 erant
735 1512 828 1536 naves
844 1510 923 1534 tute-

55 1546 151 1584 lares,
173 1546 344 1578 navarchus
367 1553 471 1577 autem
489 1547 520 1577 vi
543 1546 650 1586 majori
669 1545 838 1585 impeditus
857 1551 923 1575 erat

56 1587 316 1628 Gottenburgum
331 1587 506 1626 adpellere,
522 1589 625 1620 ventis
643 1587 673 1619 &
691 1587 781 1618 undis
794 1585 923 1626 jactatus

57 1630 92 1662 in
107 1628 319 1671 Norwegiam.
367 1628 544 1668 Haeremus,
569 1629 704 1661 unanimi
723 1627 923 1660 omniumSe-

56 1680 203 1703 natorum
233 1669 400 1705 consensu,
427 1671 505 1702 nihil
531 1677 719 1712 peccaverat
736 1668 921 1700 navarchus.

57 1712 119 1745 Sed
136 1722 211 1745 vero
228 1713 299 1744 inde
318 1712 487 1744 Texeliam
500 1713 702 1754 navigaverat
716 1735 724 1747 ,
748 1719 870 1742 mutato
882 1709 923 1741 sic

57 1754 171 1786 itinere
193 1780 202 1793 ‚
224 1754 307 1797 quod
334 1753 433 1794 ipsum
453 1776 461 1790 ,
486 1753 651 1786 secundum
672 1752 894 1784 ass'ecuratorcs
910 1774 921 1788 ‚

56 1795 315 1828 assecurationem
339 1794 496 1827 rescindit.
543 1795 640 1827 Erant
662 1795 846 1832 Senatores,
868 1792 921 1834 qui

57 1838 141 1869 bona
155 1838 216 1871 fide
227 1838 409 1870 dubitabant
421 1860 429 1871 .
444 1847 481 1870 an
492 1837 552 1868 iter
567 1844 722 1869 mutatum
738 1835 801 1866 dici
813 1843 918 1876 queat,

57 1879 81 1913 fi
102 1880 192 1911 navis
216 1879 396 1912 Londinum
418 1879 570 1911 destinata
592 1878 646 1910 sub
663 1877 818 1913 tuitione,
841 1885 914 1907 curn

57 1930 96 1952 ea
113 1920 277 1953 stationem
296 1920 507 1952 Texelensem
528 1919 629 1958 subit,
652 1919 709 1952 rati
730 1928 770 1950 ex
785 1917 919 1950 Norwe-

57 1963 111 2004 gia
133 1964 266 1994 eundem
289 1961 357 1994 fere
382 1962 505 2004 cursum
527 1961 589 1992 ess'e
612 1960 816 1998 servandum,
840 1960 870 1991 ὃς
897 1957 920 1990 fi

59 2004 135 2044 quid
157 2003 332 2043 interesset,
356 2005 437 2036 inter
462 2012 564 2044 partes
584 1998 785 2040 conveniss'e',
808 2001 919 2032 liceret

58 2046 132 2078 navi
149 2045 291 2077 nonnihil
309 2046 467 2076 divertere
484 2053 500 2075 a
513 2043 598 2076 recto
619 2044 749 2082 itinere,
773 2049 799 2074 ze
816 2051 919 2083 mogen

59 2087 220 2126 es‘caleren,
241 2086 316 2128 quin
334 2087 355 2119 ss
378 2088 437 2117 iter
454 2093 609 2118 mutatum
625 2084 678 2124 sit,
704 2093 859 2117 mutatum
876 2092 921 2115 es-

58 2129 91 2161 se
115 2138 155 2161 ex
177 2129 266 2160 causa
290 2128 478 2160 neceflitatis
498 2149 508 2165 ,
532 2135 724 2159 convenerat
750 2127 832 2157 enim
853 2148 862 2161 ,
885 2131 919 2155 ut

59 2171 148 2202 navis
172 2170 228 2202 sub
255 2170 326 2202 navi
355 2169 478 2201 tutelari
499 2168 679 2209 navigaret,
704 2177 739 2199 ut
756 2166 919 2207 navigavit

59 2211 156 2252 usque
171 2211 209 2243 ad
225 2210 412 2249 Texeliam,
433 2211 497 2248 ibi,
522 2210 702 2241 Londinum
718 2208 822 2240 versus
836 2231 844 2243 ,
868 2217 920 2238 cx-

58 2253 196 2295 spectans
222 2253 314 2283 aliam
340 2253 446 2284 navim
475 2252 659 2289 tutelarem,
682 2261 721 2282 ex
743 2249 922 2282 necestitate

59 2303 163 2326 autem
181 2294 303 2326 licitum
319 2292 381 2325 effe
399 2301 520 2325 mutare
535 2293 612 2330 iter,
635 2300 701 2324 rata
719 2292 922 2324 nihilominus

58 2335 304 2372 affecumtione,
318 2333 463 2375 scriptum
483 2332 573 2365 estin
590 2333 618 2375 §.
641 2344 670 2375 7.
694 2334 738 2366 A.
760 2333 922 2365 Addebant

60 2377 107 2409 illi
129 2376 182 2417 ipfi
199 2377 382 2413 Senatores,
400 2376 418 2408 fi
437 2377 489 2408 vel
505 2374 566 2407 fine
576 2375 750 2407 neceffitate
767 2382 920 2405 mutatum

60 2417 170 2450 fuili‘et
199 2418 278 2456 iter,
300 2416 459 2448 subsistere
485 2426 588 2448 tamen
605 2416 862 2448 assecurationem
879 2423 920 2445 ex

59 2461 88 2492 d.
114 2459 143 2500 §.
166 2469 194 2500 7.
218 2459 242 2491 fi
268 2467 331 2490 non
358 2468 398 2489 ex
423 2457 586 2490 assecurati
606 2458 750 2489 mandato
769 2479 778 2495 ,
803 2455 856 2487 sed
879 2465 920 2487 ex

60 2502 152 2543 culpa
166 2509 270 2532 nautae
299 2500 359 2531 iter
383 2508 540 2534 mutetur,
563 2499 594 2531 &
621 2499 739 2531 nullum
760 2498 813 2529 hic
828 2497 921 2528 fuisse

59 2543 222 2574 assecurati
239 2541 415 2572 mandatum
428 2563 438 2578 ‚
463 2542 490 2572 a&
512 2541 551 2573 fic
567 2541 699 2572 omnino
718 2538 779 2577 est,
803 2547 837 2569 nt
854 2539 919 2578 ple-

60 2585 130 2616 nius
146 2584 212 2615 dixi
232 2584 302 2623 Cap.
322 2583 445 2623 praeced.
468 2582 510 2624 ⁹22!ss
545 2582 600 2612 Sed
619 2582 701 2622 quod.
741 2579 921 2612 Movebant

59 2625 225 2662 nonnulli,
248 2633 350 2665 neque
366 2624 416 2655 hie
433 2623 572 2654 mutandi
589 2623 710 2654 itineris
726 2621 798 2654 satis
811 2620 921 2661 justam

60 2665 185 2698 causam
198 2665 310 2704 fuisse,
331 2664 382 2697 sed
399 2664 610 2703 fallebantur,
634 2672 669 2695 ut
688 2663 775 2703 supra
790 2663 851 2703 jam
874 2663 920 2694 in·

61 2708 191 2745 dicavi,
213 2708 243 2739 δε
269 2706 290 2738 fi
314 2716 377 2738 non
405 2706 529 2745 fuiffet,
552 2706 624 2747 quid
644 2705 681 2736 ad
695 2704 920 2742 ass'ecuratum,

60 2750 111 2790 qui
143 2748 223 2780 nihil
244 2747 428 2779 mandavit?
448 2748 625 2781 Movebant
647 2747 762 2784 etiam,
783 2747 811 2777 d.
836 2745 865 2787 ἓ.
888 2755 919 2787 7.

57 2792 210 2823 duntaxat
236 2787 297 2819 effe
320 2789 554 2829 intelligendum
576 2789 615 2820 de
639 2787 785 2819 mandato
799 2788 920 2819 exerci-

58 2834 161 2871 toris,
184 2840 247 2862 non
274 2830 353 2869 ejus,
381 2831 469 2870 qu'us
494 2839 613 2862 merces
640 2829 863 2870 portabantur,
887 2829 918 2860 ἃ

60 2873 104 2906 fic
131 2871 195 2914 ipse
222 2880 345 2913 quoque
367 2871 593 2912 intelligerem,
614 2879 649 2903 ut
676 2870 807 2912 exposui
823 2871 852 2902 d.
874 2869 917 2906 vs.

64 2915 121 2946 Sed
135 2915 218 2956 quod.
241 2913 284 2944 At
301 2910 378 2944 scire
392 2912 488 2943 velim
500 2935 509 2950 ‚
530 2923 586 2944 cur
603 2912 775 2954 exercitori
788 2935 798 2951 ,
818 2911 840 2944 fi
856 2921 918 2944 ma-

60 2956 175 2997 gister,
199 2962 292 2996 quem
309 2951 374 2993 ipse
394 2952 580 2994 praeposuit,
605 2953 637 2985 sc
657 2952 777 2992 inscio,
798 2953 843 2984 ita
857 2963 922 2985 mu-

61 2998 176 3029 taverit
193 3020 200 3028 .
226 2996 351 3027 daretur
373 2993 607 3027 assecurationis
629 2995 710 3026 aetio
725 3018 735 3034 ,
761 2995 792 3026 δε
818 3004 854 3025 ea
877 3004 921 3026 ta-

61 3049 134 3071 men
152 3045 317 3078 negaretur
332 3036 383 3074 ei,
395 3035 485 3075 cujus
502 3045 619 3068 merces
633 3037 785 3068 duntaxat
797 3045 922 3076 portan—

61 3080 138 3112 tur?
159 3079 213 3111 Ne
229 3078 354 3116 dicam,
374 3077 465 3118 plena
482 3076 542 3108 fide
558 3077 611 3108 hic
626 3077 720 3108 etiam
735 3076 921 3118 constitiffe,

102 3203 162 3243 (1)
186 3178 295 3244 Offrv.
318 3202 435 3234 Tumutc.
456 3200 489 3231 T.
509 3201 574 3230 Vll.
595 3209 621 3229 η.
645 3207 727 3235 1542.

1755 98 1823 140 443

962 184 1033 206 eum
1053 198 1062 213 ‚
1096 174 1187 214 cujus
1212 181 1333 206 merces
1356 176 1559 214 portabantur
1577 202 1587 218 ,
1613 180 1826 212 exercitorem

961 225 1086 259 quoque
1100 214 1194 248 fuisse
1216 214 1310 256 ipfius
1331 218 1428 249 navis.
1474 218 1506 250 ld
1530 219 1601 252 satis
1627 230 1826 263 concoquere

961 268 1025 291 non
1044 266 1206 299 poteram,
1226 256 1320 289 fuiffe
1333 256 1512 290 senatorem
1525 283 1534 299 ,
1555 262 1605 302 qui
1621 264 1648 294 ci.
1675 262 1702 303 §.
1727 273 1755 304 7.
1780 263 1826 294 in-

963 300 1123 341 telligebat
1137 299 1177 330 de
1195 306 1337 338 mutato,
1362 308 1464 330 nautae
1484 302 1593 340 culpa,
1616 304 1750 342 itinere,
1776 304 1825 341 dt,

961 351 1034 374 cum
1052 341 1168 373 nullam
1188 341 1254 380 ejus
1277 341 1398 381 culpam
1417 340 1469 371 hic
1490 340 1755 382 deprehenderet,
1778 345 1826 375 ni-

960 383 1129 415 hilominus
1148 390 1259 414 contra
1276 381 1528 414 affecurationem
1550 382 1762 421 respondebat.
1793 385 1828 416 Si

961 432 1126 466 peccatum
1139 423 1236 461 ess'et,
1257 425 1287 456 δε
1305 423 1397 464 culpa
1413 432 1518 454 nautae
1537 423 1729 463 versaretur,
1750 436 1827 457 eon-

963 475 1010 498 tra
1032 476 1124 502 eum,
1148 474 1282 506 cumque
1305 464 1404 497 solum
1429 464 1508 496 salva
1528 464 1611 496 aelio
1627 463 1672 495 est
1687 474 1726 496 ex
1743 469 1770 498 ci.
1795 466 1825 507 §.

961 518 990 549 7.
1028 507 1177 548 obligatis
1206 507 1324 538 interea
1364 506 1627 538 aflet-uiatoribus.
1675 505 1826 547 Quinque

960 550 1126 582 Senatores
1151 548 1392 580 numerabantur
1424 557 1481 588 pro
1514 546 1665 579 sententia
1692 547 1796 578 Curia:
1816 571 1827 586 ,

960 599 1094 631 quatuor
1119 589 1172 621 alii
1202 599 1259 629 pro
1287 588 1449 621 sententiis
1470 588 1826 620 Amsterdammcnfium.

960 633 1068 676 Quum
1085 630 1269 662 obtinuisset
1283 630 1389 662 Curiae
1408 631 1561 662 sententia
1575 654 1584 668 ‚
1609 630 1647 661 de
1664 629 1763 662 usuris
1780 630 1829 661 fe-

959 684 993 706 re
1009 673 1215 704 deliberatum
1235 682 1298 704 non
1315 671 1377 711 est,
1404 681 1474 704 nam
1490 671 1734 704 ass'ecuratorum
1757 681 1825 703 mo-

959 724 1023 747 ram
1046 714 1156 746 definit
1180 714 1209 754 §.
1236 723 1286 754 25.
1314 714 1356 746 A.
1382 712 1452 754 post
1481 721 1543 745 tres
1565 712 1684 746 menses
1701 736 1709 749 .
1738 711 1824 753 post-

961 765 1052 796 quam
1067 765 1161 787 naves
1176 754 1354 797 mercesque
1373 764 1431 795 pro
1447 754 1603 786 derelictis
1620 753 1687 786 sunt
1698 754 1827 793 babitae‚

963 800 993 830 ὅ(
1009 797 1152 829 iicetiam
1171 796 1274 828 usuras
1288 797 1407 828 addixit
1419 798 1565 836 Senatus,
1589 804 1623 827 ut
1642 795 1721 836 saepe
1737 796 1830 834 alias,

963 839 1044 879 saepe
1065 847 1167 870 tamen
1185 838 1214 870 δι
1233 848 1249 869 a
1266 838 1330 870 litex
1344 847 1448 876 mota,
1472 847 1544 869 cum
1565 838 1608 868 ita
1624 838 1732 879 petitae
1748 837 1828 870 fuis-

963 881 1042 914 sent.
1088 880 1254 920 Pei-peram
1272 903 1281 919 ,
1307 880 1379 921 quia
1403 880 1432 911 in
1460 879 1522 910 hoc
1550 888 1737 920 argumento
1759 878 1830 911 Lex

963 932 1083 954 moram
1098 921 1254 953 definivit.
1280 923 1326 953 lta
1344 929 1467 960 autem,
1492 928 1528 952 ut
1545 921 1628 959 dixi,
1651 920 1829 960 judicatum

963 963 1008 996 est
1023 973 1074 1006 30.
1099 964 1168 1003 jun.
1194 971 1282 1004 1719·
1308 963 1382 1004 (1)
1648 964 1651 969 ⁴

1006 1006 1096 1038 Addo
1112 1005 1252 1043 causam,
1275 1005 1371 1046 priori
1389 1014 1451 1038 non
1466 1005 1643 1038 absimilem,
1691 1003 1829 1036 Amstera

962 1048 1043 1079 dami
1062 1052 1110 1080 28.
1132 1046 1211 1087 Aug.
1233 1055 1321 1087 1703.
1334 1046 1415 1078 facta
1424 1047 1468 1079 est
1481 1046 1664 1079 ass'ecuratio
1674 1045 1829 1077 mercium

962 1090 993 1120 in
1023 1089 1090 1119 baee
1116 1088 1232 1119 verba:
1258 1098 1319 1118 <mm
1351 1088 1473 1120 Bremen
1498 1099 1573 1120 πιιαν
1596 1088 1720 1119 Londen
1735 1095 1749 1124 ,¹
1769 1091 1829 1118 met

962 1128 1144 1169 Hiilluiirlscl)
1177 1129 1293 1170 Curivoy
1316 1135 1342 1160 te
1366 1131 1539 1161 verti-ckken
1565 1139 1641 1160 naar
1657 1128 1776 1160 d’Elve
1792 1128 1829 1168 of

961 1172 1021 1214 dcffe
1034 1171 1180 1209 Laudem,
1211 1181 1247 1201 en
1269 1180 1330 1202 van
1353 1173 1427 1202 daur
1449 1176 1506 1202 met
1530 1170 1680 1211 Engelscl)
1705 1170 1739 1210 of
1755 1170 1832 1201 Hol-

960 1214 1078 1254 landstbh
1097 1213 1294 1244 vei-andert'nff
1311 1223 1371 1244 van
1383 1214 1499 1254 Convoy
1514 1218 1568 1253 per
1580 1210 1715 1243 Lvmlen.
1727 1210 1831 1244 Navis

961 1255 1016 1287 sub
1034 1254 1106 1286 navi
1123 1254 1249 1286 tutelari
1268 1238 1460 1288 fiollandica
1471 1255 1598 1295 navigat
1610 1253 1742 1292 Boema,
1764 1252 1831 1284 sive

962 1307 979 1329 c
996 1297 1123 1329 flumine
1140 1295 1264 1337 Visurgi
1282 1296 1387 1328 Albim
1402 1295 1529 1335 versus,
1553 1294 1625 1326 inde
1647 1293 1702 1326 sub
1721 1294 1832 1326 eadem

963 1340 1033 1371 navi
1051 1339 1175 1370 tutelari
1190 1337 1359 1370 Texeliam
1372 1337 1495 1376 versus,
1518 1337 1548 1369 δε
1567 1334 1669 1368 rursus
1686 1336 1758 1367 inde
1775 1335 1833 1367 sub

965 1381 1026 1412 alia
1039 1381 1109 1412 navi
1132 1380 1256 1412 tutelari
1275 1379 1454 1411 Londinum
1474 1377 1599 1415 versus,
1619 1376 1689 1415 sed,
1712 1377 1832 1409 Londi-

965 1432 1041 1455 num
1057 1421 1224 1462 navigaus‚
1248 1421 1277 1453 ὅ(
1296 1421 1328 1452 vi
1346 1421 1466 1460 majore
1481 1418 1602 1451 divulsa
1619 1428 1636 1449 a
1651 1419 1724 1450 navi
1744 1426 1830 1451 tute-

945 1493 947 1495 .
966 1465 1039 1503 lari,
1064 1464 1187 1504 capitur
1204 1473 1220 1494 a
1240 1462 1433 1495 Praedatoria
1453 1460 1590 1493 Gallica,
1632 1459 1833 1493 Assecuratot

965 1505 1119 1538 detrectat
1141 1505 1288 1537 damnum
1310 1503 1477 1541 resarcire,
1491 1503 1570 1543 ‘quia
1594 1510 1634 1533 ex
1663 1501 1734 1543 lege
1757 1500 1832 1534 asse-

966 1547 1156 1585 curationis,
1182 1546 1299 1579 licebat
1316 1545 1444 1587 quidem
1462 1543 1628 1576 deflectere
1643 1543 1680 1574 ad
1701 1542 1831 1583 Albim,

967 1590 1017 1623 sed
1048 1590 1121 1621 inde
1144 1588 1228 1620 tedia
1248 1588 1456 1629 navigandum
1480 1594 1545 1619 erat
1569 1584 1769 1623 Londinum,
1792 1584 1832 1617 li-‘

965 1631 1060 1664 cuiss‘e
1081 1631 1179 1663 etiam
1195 1640 1213 1661 a
1236 1629 1359 1669 Visurgi
1385 1629 1532 1670 navigare
1556 1627 1586 1658 in
1602 1625 1806 1659 Hollandiam
1818 1647 1835 1666 ,s

966 1675 997 1707 &
1013 1674 1054 1706 fic
1070 1672 1250 1706 Londinum
1261 1695 1271 1711 ,
1294 1671 1345 1703 sed
1364 1679 1427 1702 non
1447 1668 1566 1702 licuiffe
1583 1669 1718 1709 primum
1737 1667 1835 1700 desti·

963 1725 1036 1748 nare
1055 1715 1092 1746 ad
1121 1713 1226 1746 Albim
1238 1737 1246 1753 ,
1272 1712 1385 1745 deinde
1407 1712 1439 1743 in
1454 1710 1677 1749 Hollandiam'‚
1706 1709 1736 1742 ἃ
1754 1717 1833 1742 tunc
1852 1714 1854 1723 ¹

963 1756 1143 1790 Londinum
1160 1778 1170 1794 ,
1207 1763 1243 1786 ut
1268 1763 1353 1787 nunc
1377 1753 1563 1786 destinatum
1592 1752 1622 1784 ὅτ.
1648 1751 1834 1792 navigatum

963 1807 1048 1836 erat,
1072 1797 1114 1830 fic
1134 1796 1247 1829 mutari
1273 1797 1303 1829 ἃ
1324 1795 1428 1837 augeri
1453 1795 1535 1833 iter,
1559 1794 1589 1826 &
1605 1793 1699 1824 aucto
1717 1793 1833 1824 itinere

962 1840 1064 1881 augeri
1074 1839 1249 1881 periculum
1258 1863 1267 1878 ,
1283 1838 1313 1870 ὅ(
1322 1838 1558 1870 assecuratorem
1568 1834 1710 1874 liberari,
1724 1843 1833 1876 quem-

962 1881 1127 1914 admodum
1145 1880 1241 1911 etiam
1258 1878 1465 1911 Amsterdami
1480 1877 1605 1918 Judiees
1622 1875 1771 1917 Delegati
1786 1885 1834 1907 as-

962 1924 1173 1956 set-uiatorem
1198 1920 1403 1953 absolverunt
1426 1929 1475 1952 10.
1498 1918 1587 1950 Febr.
1613 1920 1702 1958 1706.
1728 1917 1758 1949 δε
1780 1926 1827 1949 ere

962 1964 1175 2007 appellatione
1199 1962 1323 1995 scabini
1353 1971 1402 1994 12.
1426 1960 1516 1992 Nov.
1544 1968 1633 2000 1707.
1678 1958 1739 1991 Sed
1765 1957 1830 1991 Cu·-

962 2009 1029 2045 ria,
1057 2006 1094 2036 ad
1118 2013 1210 2047 quain
1234 2005 1361 2035 iterum·
1377 2009 1590 2044 provocatum
1606 2008 1689 2039 erat,
1715 2007 1831 2032 utram-

962 2057 1022 2087 que
1040 2047 1224 2080 sententiam
1245 2044 1371 2077 rescidit
1393 2048 1423 2076 6.
1449 2043 1522 2075 Ost.
1548 2051 1639 2083 1710.
1662 2049 1757 2083 atque
1783 2042 1831 2073 ita

962 2089 1131 2123 secundum
1148 2086 1353 2118 affecuratum
1365 2108 1374 2121 .
1398 2085 1451 2127 qui
1471 2093 1591 2116 merces
1607 2083 1674 2117 suas
1691 2083 1763 2114 navi
1773 2083 1832 2116 im-

960 2131 1123 2173 posuerat,
1145 2129 1193 2169 jus
1211 2128 1310 2167 dixit,
1332 2126 1516 2167 adjudicatis
1532 2126 1629 2158 etiam
1649 2124 1746 2157 usuris
1761 2134 1778 2155 a
1794 2124 1832 2156 li·

961 2182 993 2205 te
1011 2180 1106 2204 mota.

1009 2213 1208 2246 Ass'ecurator
1231 2210 1334 2245 rursus
1355 2220 1510 2253 provocat
1533 2210 1571 2242 ad
1596 2209 1743 2242 Senatum
1772 2207 1830 2240 Su»

966 2264 1126 2298 premam,
1152 2254 1182 2285 &
1205 2253 1247 2285 ibi
1275 2254 1379 2295 primo
1404 2252 1588 2293 quaefflmn,
1612 2259 1650 2281 an
1675 2250 1734 2280 iter
1751 2248 1830 2280 ess'et

965 2305 1115 2331 mutatum
1128 2317 1139 2333 ‚
1158 2295 1290 2333 deinde,
1312 2295 1334 2326 fi
1349 2301 1524 2330 mutatum,
1547 2301 1584 2323 an
1600 2291 1631 2322 id
1647 2289 1832 2322 affecuratot

964 2340 991 2371 ri
1014 2336 1174 2380 prodesset.
1220 2337 1382 2368 Mutatum
1402 2334 1462 2366 ell'e
1482 2334 1542 2364 iter
1557 2332 1723 2364 dicendum
1739 2331 1827 2362 vide-

964 2381 1073 2417 batur,
1085 2378 1107 2410 si
1121 2378 1217 2409 verba
1232 2376 1467 2409 affecurationis
1479 2374 1595 2415 spectes
1606 2397 1616 2412 ,
1634 2382 1697 2404 non
1711 2379 1833 2411 autem,

963 2422 984 2454 fi
1000 2428 1138 2452 mentem
1155 2418 1429 2450 contrahentium:
1454 2425 1524 2447 nam
1543 2424 1619 2446 ecce
1633 2413 1828 2445 assecuratus

964 2462 1064 2502 aJebat
1083 2484 1092 2498 ,
1127 2460 1158 2492 ἀ
1181 2467 1302 2491 tantum
1328 2467 1390 2489 non
1417 2457 1508 2498 plene
1532 2455 1685 2496 probabat
1701 2476 1712 2493 ,
1737 2454 1828 2486 Albis

962 2503 1155 2535 mentionem
1179 2510 1242 2532 non
1267 2499 1330 2530 alio
1353 2498 1416 2529 fine
1443 2497 1503 2528 effe
1524 2496 1668 2536 injectam
1688 2518 1697 2531 ,
1734 2503 1828 2535 quarn
1900 2518 1903 2522 .

963 2543 1046 2585 quod
1060 2551 1154 2574 naves
1171 2541 1320 2573 tutelares
1337 2538 1560 2574 Hollandicae,
1582 2535 1742 2577 e·Visurgi
1769 2535 1834 2568 sol-·
1870 2568 1875 2572 ,

962 2593 1091 2622 ventes,
1114 2583 1136 2615 ii
1158 2590 1272 2614 ventus
1296 2581 1421 2619 faveat,
1446 2578 1568 2611 soleant
1595 2577 1721 2619 quidem
1744 2577 1827 2610 recta

963 2624 1167 2658 Hollandiam
1184 2631 1308 2665 petere,
1329 2621 1379 2654 sed
1401 2622 1423 2654 fi
1441 2621 1544 2653 minus
1559 2618 1688 2658 faveat,
1706 2617 1827 2664 semper

963 2667 999 2698 ad
1018 2666 1123 2699 Albim
1140 2665 1317 2703 divertere,
1337 2664 1367 2696 &
1381 2662 1453 2694 inde
1469 2662 1501 2694 in
1523 2660 1724 2693 Hollandiam
1741 2669 1828 2692 naw-

963 2717 1044 2749 gare.
1089 2705 1260 2738 Ass'ecurati
1274 2714 1341 2737 eam
1359 2703 1452 2736 fuiss'e
1475 2710 1612 2734 mentem
1629 2702 1826 2747 palam-con-

964 2750 1062 2781 stabat
1079 2758 1119 2780 ex
1135 2747 1286 2789 epistula,
1305 2755 1364 2787 qua
1380 2743 1637 2777 affecurationem
1654 2742 1722 2773 fier1
1736 2741 1826 2781 juffe-

964 2798 1035 2829 rat,
1056 2790 1106 2823 sed
1131 2799 1194 2821 non
1210 2788 1301 2821 aliam
1323 2795 1447 2827 quoque
1471 2783 1689 2816 assecuratoris
1708 2781 1823 2820 fuisse,

959 2832 1032 2864 inde
1047 2830 1189 2863 constare
1203 2836 1347 2871 poterat,
1371 2826 1456 2868 quod
1472 2824 1632 2869 navigatio
1650 2823 1688 2855 ad
1704 2822 1825 2862 Albim,

959 2873 1015 2905 nifi
1037 2882 1078 2904 ex
1099 2879 1225 2912 recepta
1248 2870 1303 2901 illa
1327 2867 1552 2900 consuetudine
1570 2889 1580 2904 ,
1606 2864 1697 2906 plane
1717 2864 1826 2897 fuisset

960 2915 1101 2951 inutilis,
1126 2920 1226 2953 neque
1251 2911 1335 2943 enim
1354 2918 1474 2941 merces
1493 2914 1579 2939 erant
1595 2905 1820 2951 exportandae‚

964 2963 999 2986 ut
1020 2965 1078 2986 nec
1100 2955 1173 2986 ullae
1198 2952 1321 2984 fuerant
1341 2957 1534 2992 exportatae,
1559 2956 1591 2978 at
1608 2954 1705 2978 vento
1723 2956 1826 2978 minus

964 2996 1117 3034 secundo,
1143 3003 1215 3025 cum
1231 3002 1249 3024 e
1264 2992 1388 3032 Visurgi
1404 2990 1540 3022 solveret
1558 2988 1646 3020 navis
1661 2987 1824 3026 tutelam,

964 3045 1099 3077 receptae
1120 3034 1340 3068 consuetudini
1363 3032 1485 3074 paruit,
1507 3029 1643 3069 alioquin
1669 3029 1761 3061 Albis
1778 3037 1824 3060 re-

964 3079 1083 3112 motior
1098 3076 1145 3109 est
1162 3075 1200 3107 ab
1219 3073 1410 3114 Hollandia,
1433 3081 1524 3115 quam
1540 3070 1695 3116 Visurgis,
1735 3069 1822 3116 Qua·

1727 3135 1731 3139 ⁴
1789 3119 1826 3143 re

1069 3236 1217 3269 Kkk2
