2008 3436
406 76 802 137 CORNELri

174 187 359 219 addixerunt
379 210 389 226 ,
416 194 448 218 nc
467 187 588 228 populus
607 210 615 225 ,
645 184 747 224 inquit
769 182 823 214 ille
846 182 952 223 (16),
981 181 1036 212 illa

173 231 304 260 ικιλίοῑεε
323 231 470 270 praedaque
494 228 640 260 contactus
662 235 808 265 nunquam
821 222 919 264 postea
935 225 972 254 ad
988 233 1037 254 vo-

174 272 318 301 &minnan
343 281 386 301 eus
406 271 563 301 reducendi
584 266 760 308 flecleretrtr.
811 265 883 297 Hac
911 272 976 296 arte
1007 264 1037 309 {Sc

175 312 253 342 olim
273 311 430 344 Hem-icus
450 311 537 342 VllI.
571 308 691 348 Angliae
710 306 796 352 Rex,
815 305 1037 347 potentiffimis

175 352 344 384 Procerum
368 353 450 384 bona
476 349 690 383 Eccicfiastica
713 347 870 379 distribuit
888 369 899 385 ,
922 355 1037 378 novam

173 394 214 424 ita
234 392 343 427 rer'um'
354 394 592 427 conditionem,
614 390 635 422 si
653 398 716 420 non
729 388 902 434 Religionis
922 396 1016 431 novae
1028 410 1037 423 ,

175 435 322 467 utilitatis
343 435 450 467 saltem
467 433 529 465 suae
550 442 647 472 erge,
673 429 872 469 probaturis,
895 428 1038 459 defeniu-

173 478 226 509 ris.
271 477 367 523 Quod
386 475 564 513 exemplum
584 475 613 504 ἅ
631 470 738 510 postea
756 471 787 501 in
807 469 899 510 Regis
917 470 946 500 ἅ
966 468 1039 508 Epi-

173 517 339 559 scoporuin
358 517 447 548 bonis
459 514 681 547 Cromwellius
698 510 845 552 sequutus
857 520 973 542 novam
982 510 1038 540 do-

174 556 378 590 minationem
396 556 533 589 firmavit
555 554 645 595 (17).
848 593 849 596 Ἴ

217 600 295 637 Sed,
322 609 354 630 ut
373 599 408 630 ad
426 596 631 638 quaestionem
646 595 726 635 Juris
748 594 864 635 privati
879 601 1037 631 revertar,

174 651 212 672 ne
228 641 353 681 quidem
372 639 464 670 ausim
491 638 596 669 dicere
610 660 618 672 ,
644 636 842 667 manentibus
864 635 974 666 iisdem
993 634 1037 665 sa-

175 683 255 717 cris.
281 683 365 722 quod
394 680 485 711 semel
510 678 583 710 Deo
607 677 758 709 sacratum
783 676 860 715 est,
880 685 1039 715 nunquam

175 724 211 754 ad
230 723 313 754 usum
333 721 498 762 profanum
517 720 617 751 redire
629 717 735 759 poss'e,
748 718 844 749 etiam
861 717 942 758 apud
959 715 1041 757 ipsos

176 763 384 802 Pontifici033
409 761 460 794 fac
481 762 565 793 enim
591 761 628 791 ad
655 768 776 791 certum
802 758 888 790 usum
907 757 967 788 effe
995 756 1038 802 sa-

175 807 313 842 eratum,
337 814 389 836 aut
412 803 467 835 sub
485 802 687 838 conditione,
703 810 774 841 quae
790 799 910 831 defecit
922 822 931 837 ,
956 806 991 829 ut
1009 808 1040 829 in

174 847 230 878 illo
247 845 348 884 fatto,
372 847 411 877 de
429 855 492 887 quo
511 844 641 876 Senatus
657 843 821 883 Supremus
838 839 989 881 judicavit
1007 839 1037 870 d.

177 897 226 918 22.
255 887 327 928 Apr.
357 897 444 927 1597.
474 884 612 926 expresse
638 884 680 915 ibi
706 883 857 923 adjectum
884 889 975 919 erat,
1005 887 1040 912 ut

174 938 246 969 :iuer
263 929 316 960 ille
332 927 502 960 heredibus
520 927 646 957 cederet
657 947 668 963 ,
689 925 710 956 fi
728 923 895 962 sacrificia,
920 923 963 954 ibi
976 931 1039 953 me-

176 962 314 1009 morata,
339 969 498 1001 cessarent.
546 966 786 1011 Quidnipasto,
809 964 915 1006 quidni
930 964 1042 995 ultima

176 1012 342 1043 voluntate
358 1011 468 1042 liceret
486 1017 617 1047 cavere,
645 1015 680 1038 ut
695 1006 899 1043 conditione,
916 1004 973 1037 sub
982 1013 1041 1044 qua

174 1053 250 1091 quid
269 1052 486 1084 consecratum
509 1049 575 1087 est,
598 1058 662 1080 non
686 1048 823 1086 servata,
846 1046 952 1077 redeat
973 1054 1040 1083 res,

175 1094 213 1124 de
236 1103 295 1134 qua
316 1095 436 1135 agitur,
458 1092 539 1124 unde
561 1089 700 1131 profecta
724 1088 798 1120 est‘?
821 1087 853 1118 id
876 1087 972 1118 licere
996 1086 1040 1118 in-

177 1136 298 1176 telliges
317 1145 356 1166 ex
376 1135 406 1166 C.
419 1144 449 1174 4.
471 1131 623 1165 Decrezal.
641 1131 674 1161 de
695 1130 810 1161 Condit.
827 1127 922 1168 apposl
950 1128 1041 1165 Cum,

177 1176 242 1214 ait,
272 1177 363 1207 alicui
388 1173 525 1213 Ecclefiae
546 1170 667 1213 poffiffio
687 1171 818 1211 quaelibet
835 1192 844 1208 ‚
875 1167 1042 1208 interpofita

178 1219 362 1257 conditione,
387 1219 530 1251 donatur,
554 1224 572 1244 ιι
600 1215 734 1242 donatore
758 1212 862 1241 donum
883 1208 981 1249 postea
997 1219 1040 1239 re-

177 1261 277 1290 vocari
295 1269 351 1290 non
363 1257 478 1298 potest,
501 1255 558 1293 nifi
568 1253 650 1292 forie
675 1252 729 1282 tali
744 1249 786 1289 fit
804 1251 967 1281 condicione
985 1250 1041 1280 col-

178 1301 291 1338 latum,
315 1301 385 1341 quod
411 1309 444 1328 eci
470 1296 613 1336 cefflmte,
642 1294 743 1324 debeat
768 1292 911 1323 revocari.
957 1289 1043 1322 Defi-

177 1342 281 1373 ciente
294 1339 477 1371 conditionc
487 1337 620 1368 deficere
639 1333 732 1376 ipsam
750 1332 1041 1370 consecrationem,

177 1381 295 1413 etiamsi
315 1381 533 1412 auctoritatem
550 1376 628 1419 juris
646 1384 710 1408 non
727 1375 855 1408 haberet
864 1396 876 1413 ,
893 1373 1043 1406 summam

176 1423 330 1455 rationem
354 1422 457 1454 habet.

219 1464 272 1495 Sic
293 1463 404 1495 videor
427 1462 500 1495 satis
528 1460 671 1504 proba'ss'e
686 1484 695 1499 ‚
727 1459 807 1492 nihil
836 1457 935 1490 causae
960 1456 1042 1503 esse,

177 1515 232 1537 cur
247 1515 264 1536 a
280 1505 403 1545 regula,
421 1513 488 1546 quae
507 1513 572 1535 non
586 1502 785 1543 capientibus
801 1499 908 1532 reliCta
926 1499 1044 1545 add1cit

178 1546 363 1584 heredibus,
389 1546 585 1587 excipiamus
602 1552 660 1582 ea,
683 1552 754 1585 quae
771 1549 900 1582 propter
918 1540 1043 1586 religio-

178 1597 250 1620 nem
272 1610 283 1626 ,
314 1587 435 1629 legibus
462 1587 693 1628 improbatam,
732 1592 844 1624 capere
867 1591 940 1628 non·
955 1582 1044 1613 licet.

176 1629 221 1661 Et
251 1637 373 1662 tantum
402 1627 511 1666 abest,
542 1635 578 1659 ut
601 1626 655 1667 Jus
682 1623 962 1670 Romanumthtuic
992 1631 1044 1669 ως-

178 1670 319 1712 ceptioni
337 1670 556 1702 austeritatem
572 1667 729 1709 praebeat‚
754 1674 789 1698 ut
803 1665 991 1706 Paplnianus
1000 1673 1046 1695 vr-

177 1712 285 1743 deatur
311 1720 422 1743 contra
445 1709 633 1752 respondisse
657 1709 689 1740 in
708 1709 728 1740 l.
746 1716 796 1749 35.
820 1707 859 1748 ff.
884 1707 918 1738 de
940 1706 1043 1737 Liber.

179 1752 255 1793 caus]
281 1762 350 1784 nam
371 1752 475 1785 servos
498 1753 534 1784 ad
553 1751 660 1791 templi
685 1749 877 1787 custodiam,
903 1747 987 1788 quod
1004 1756 1044 1778 ae-

178 1794 298 1825 dificari
324 1793 420 1825 Titio
446 1794 548 1827 voluit
567 1817 576 1832 ,
608 1792 779 1824 destinatos
797 1812 808 1828 ,
843 1789 963 1821 heredis
983 1788 1045 1819 effe

180 1835 313 1874 scribit3
346 1835 490 1868 destinati
515 1834 640 1877 quidem
669 1839 757 1873 erant
788 1831 871 1863 servi
897 1831 934 1861 ad
957 1830 1045 1876 pium

180 1876 268 1909 usum
281 1901 290 1916 ‚
316 1875 367 1907 sed
385 1878 504 1918 templo
524 1886 587 1908 non
609 1873 788 1912 exstruero,
811 1872 848 1904 ad
871 1871 1045 1904 custodiam

182 1919 308 1950 alterius
334 1919 443 1959 templi
474 1919 613 1950 aliumve
635 1916 722 1957 pium
743 1913 832 1946 usum
855 1913 960 1946 servos
984 1922 1048 1944 non

181 1959 317 1998 addicit,
341 1968 372 1990 at
392 1960 513 1991 heredis
532 1959 594 1991 esse
611 1955 809 1999 pronunciat.
844 1954 1048 1987 Tantundem

180 2001 338 2038 dicerem,
363 2000 383 2032 si
403 2002 454 2033 vel
472 2001 625 2041 templum
643 1997 749 2031 fuisset
761 1996 951 2028 aedificatum
963 2018 974 2034 ‚
997 1995 1049 2027 sed

182 2039 287 2082 postea
302 2041 446 2074 exustum
455 2065 466 2080 ‚
489 2051 541 2074 aut
557 2051 613 2082 per
635 2049 751 2071 novam
768 2038 955 2079 religionem
974 2037 1048 2069 abo-

184 2082 288 2114 litum.
330 2082 422 2127 ‘Quin
439 2105 450 2120 ,
473 2083 494 2114 fi
511 2083 563 2122 Jus
582 2081 720 2113 Patrium
741 2078 960 2117 consulamus,
980 2088 1048 2111 earn

183 2123 408 2163 exceptionem
436 2124 528 2164 plane
562 2123 683 2154 refutat
717 2119 864 2153 Edicrum
894 2119 1050 2152 Ordinum

184 2164 365 2196 Hollandiae
390 2174 420 2203 4.
448 2165 527 2204 Maj.
557 2168 647 2203 1655.
680 2161 765 2204 quod
791 2159 880 2202 supra
907 2161 1049 2193 dicebam

184 2204 347 2239 heredibus
366 2205 563 2245 adjudicare,
586 2214 657 2244 quae
673 2204 892 2243 relinquuntur
905 2202 971 2242 his,
995 2202 1048 2244 qui

185 2256 240 2288 per
257 2246 440 2286 religionem
456 2247 589 2278 vetitam
606 2255 715 2286 capere
731 2252 794 2276 non
813 2242 951 2284 possunt.

228 2287 273 2318 Ea
302 2286 453 2318 sententia
476 2288 570 2319 etiam
596 2287 647 2319 alii
674 2286 716 2318 ufi
744 2286 834 2324 sunt,
858 2294 930 2316 nam
952 2293 1048 2326 quum

186 2327 309 2368 Jesuitis
325 2327 434 2360 domus
449 2328 587 2368 quaedam
605 2328 700 2360 Silvae
717 2325 816 2358 Ducis
832 2326 935 2366 legata
950 2326 1047 2365 esset,

189 2368 335 2410 quamdiu
356 2369 394 2401 iis
417 2370 531 2401 ibidem
558 2369 619 2401 esse
645 2369 755 2401 liceret
772 2389 783 2406 ,
817 2366 860 2399 fin
884 2375 989 2400 autem
1005 2377 1042 2399 ea

176 108 248 143 4:³1)
896 105 1003 131 VAN

1077 82 1682 132 BYNKERSHOEK

1078 183 1162 215 Urbs
1180 183 1217 215 ad
1234 183 1369 215 Ordines
1386 182 1542 214 Foederati
1560 182 1659 224 Belgii
1674 180 1868 224 perveniret,
1892 180 1936 219 a't.

1080 234 1139 263 que
1165 226 1208 255 ita
1235 225 1272 256 iis
1301 224 1417 255 ibidem
1436 224 1498 254 ess‘e
1520 233 1582 255 non
1605 225 1713 255 liceret
1732 247 1742 261 ‚
1771 225 1881 258 domus
1899 229 1935 260 ad

1080 266 1241 307 Cognatos
1258 274 1487 302 reverteretur,
1498 265 1668 304 judicatum
1690 265 1828 297 referunt
1837 267 1851 307 (
1861 270 1915 310 18)
1924 293 1935 311 ‚

1080 316 1149 339 cum
1173 316 1239 338 eam
1265 306 1382 338 Urbem
1407 306 1542 338 Ordines
1566 306 1788 346 occupall'ent,
1811 307 1937 343 domum

1081 349 1117 380 ad
1135 347 1297 388 Cognatos
1314 348 1438 378 reverti.
1472 347 1530 378 Sed
1547 356 1617 378 cuin
1640 347 1755 379 reditus
1771 348 1846 379 ess'et
1863 358 1935 382 eon*-

1081 388 1206 421 stitutus
1233 388 1332 419 Altari
1352 389 1475 419 cuidam
1500 388 1536 418 ad
1559 387 1706 426 Missam,
1731 389 1778 427 ἀ,
1803 389 1823 421 ii
1844 390 1936 424 Miffa

1081 431 1123 463 ibi
1147 435 1210 460 non
1243 429 1480 468 celebraretur,
1521 429 1571 460 alii
1601 428 1698 460 Alturi
1721 453 1730 467 ‚
1761 429 1938 470 responsum

1080 471 1125 504 est
1147 469 1247 510 (19),
1272 471 1346 501 loco
1364 471 1395 502 in
1413 470 1566 502 Ordinum
1583 468 1785 502 Generalium
1808 473 1938 512 potcsta-

1081 522 1144 545 tem
1161 510 1309 548 redacto,
1332 521 1395 542 non
1413 511 1498 551 posse
1521 511 1656 542 reditum
1682 511 1744 542 aiio
1761 511 1939 554 transferri,

1081 554 1171 596 quia,
1198 551 1240 582 ob
1269 552 1467 593 Religionem
1486 561 1659 588 mutatam,
1683 552 1744 590 jam
1767 553 1941 594 publicatus

1081 603 1158 627 erat.
1204 592 1301 637 Quod
1321 594 1444 634 probo,
1467 593 1488 624 si
1514 594 1544 624 in
1563 593 1668 624 eadem
1689 592 1771 624 Urbe
1789 603 1940 637 occupata

1082 636 1266 668 celebranda
1279 634 1387 665 fuisset
1404 634 1518 674 Missa,
1540 634 1624 674 quod
1647 643 1710 666 non
1731 633 1800 666 satis
1820 645 1940 677 expres-

1084 678 1149 709 sum
1168 676 1230 715 est,
1255 675 1295 707 fic
1319 676 1402 707 enim
1426 675 1494 715 iure
1513 675 1660 706 Victoriae
1685 676 1777 708 etiam
1797 677 1886 710 Sacra
1902 680 1940 711 ad
1990 673 1991 676 ¹

1083 719 1244 750 Victorem
1262 739 1272 754 ,
1305 717 1363 747 alia
1389 717 1542 757 religione
1570 724 1707 748 utentem
1726 740 1734 754 ,
1766 719 1940 760 pertinent,

1084 759 1135 792 sed
1158 759 1255 799 magis
1280 756 1486 796 subsisterem,
1513 757 1553 795 fi,
1577 758 1606 789 <St
1632 758 1662 789 in
1689 757 1778 790 aliam
1804 758 1942 799 Urbem,

1083 801 1137 832 ubi
1161 799 1289 833 Mill'am
1312 799 1467 831 celebrare
1494 799 1589 838 lieet,
1614 798 1781 832 transferre
1804 799 1879 833 ess’et
1897 806 1941 834 iri-

1082 851 1215 884 tegrum.
1299 879 1303 883 ι

1126 882 1250 916 Fiseum
1276 883 1403 915 excludi
1429 883 1467 914 ab
1492 882 1558 922 his,
1582 892 1651 924 quae
1675 883 1783 915 liberis
1798 883 1940 916 adulteri-

1083 927 1154 963 nis,
1181 925 1262 956 ultra
1285 925 1430 957 alimenta
1446 947 1455 960 ‚
1488 924 1595 956 relicta
1618 924 1707 960 sunt,
1741 934 1803 956 non
1827 926 1942 965 patitur

1083 966 1240 1000 Zelandiae
1260 966 1385 1007 quidam
1406 964 1486 996 Fisci
1512 975 1660 1006 patronus
1686 966 1784 1007 (20),
1809 965 1860 997 sed
1882 967 1943 998 ani-

1082 1009 1262 1046 madverte,
1286 1008 1317 1038 in
1333 1016 1393 1048 qua
1413 1005 1515 1047 specie
1532 1008 1561 1038 id
1579 1008 1751 1039 contendat
1763 1031 1771 1046 ,
1797 1006 1818 1039 fi
1833 1017 1944 1048 nempe

1085 1048 1211 1090 cognati
1229 1049 1366 1089 proximi
1388 1049 1469 1079 intra
1486 1048 1565 1080 duos
1581 1048 1699 1080 menses
1723 1048 1776 1080 fibi
1797 1057 1858 1080 non
1878 1051 1946 1082 vin-

1084 1089 1259 1122 dicaverint
1281 1099 1334 1128 ea,
1366 1098 1433 1129 quae
1458 1089 1639 1121 adulterinis
1663 1090 1767 1122 reuera
1789 1089 1858 1122 sunt
1873 1112 1884 1128 ,
1913 1091 1946 1123 in

1085 1132 1164 1163 hanc
1182 1140 1246 1162 rem
1265 1130 1354 1169 usus,
1379 1139 1417 1161 an
1437 1129 1547 1161 abusus
1571 1131 1591 1162 l.
1611 1139 1638 1162 1.
1663 1131 1696 1162 C.
1713 1132 1747 1162 de
1772 1131 1886 1163 Natur.
1909 1132 1947 1162 li-

1086 1174 1143 1203 ber.
1168 1179 1263 1211 utque
1281 1172 1358 1202 adeo
1383 1171 1412 1202 dt
1431 1170 1591 1210 Cognatos
1605 1172 1778 1212 praetulerit
1795 1172 1901 1211 lost-o,
1926 1172 1948 1205 ss

1085 1213 1151 1252 jure
1167 1210 1223 1242 suo
1243 1212 1289 1242 uti
1308 1211 1429 1248 velint,
1451 1211 1473 1242 fi
1490 1212 1611 1250 nolint,
1638 1222 1712 1244 tunc
1723 1213 1947 1246 demumFisco

1086 1254 1194 1285 locum
1222 1250 1326 1283 faciat.
1380 1251 1439 1284 Sed
1463 1261 1503 1283 ne
1523 1251 1565 1283 fic
1584 1253 1707 1293 quidem
1733 1263 1800 1285 eam
1827 1254 1948 1286 senten-

1087 1294 1164 1326 tiam
1185 1292 1277 1325 aufim
1292 1291 1397 1324 facere
1412 1302 1532 1331 meam,
1555 1292 1606 1325 sed
1624 1295 1752 1326 remotis
1774 1297 1947 1336 proximio-

1087 1335 1173 1367 ribus
1202 1335 1388 1365 remotiores
1423 1333 1585 1375 Cognatos
1610 1334 1786 1368 admiserim
1804 1359 1814 1375 ,
1856 1344 1890 1367 ut
1916 1337 1947 1370 in

1086 1377 1173 1408 omni
1193 1375 1317 1416 specie,
1340 1385 1380 1407 ex
1403 1384 1463 1417 qua
1490 1375 1616 1408 heredes
1636 1377 1792 1417 proximi,
1816 1385 1851 1410 ut
1870 1377 1946 1409 indi-

1085 1418 1138 1460 gni
1156 1439 1168 1456 ,
1198 1417 1403 1458 repelluntur.
1448 1416 1519 1457 Jure
1545 1416 1690 1449 Romano
1711 1418 1854 1459 indignus
1880 1417 1949 1458 est,

1086 1459 1140 1500 ‘qui
1158 1458 1189 1490 id
1206 1459 1292 1499 egit,
1314 1467 1349 1489 ut
1363 1467 1418 1499 per
1438 1458 1659 1498 negligentiam
1677 1459 1706 1491 ὅ(
1724 1460 1848 1501 culpam
1863 1458 1948 1494 suam

1086 1500 1217 1538 mulier,
1241 1509 1259 1531 a
1282 1509 1341 1541 qua
1365 1500 1452 1531 heres
1468 1498 1628 1531 institutus
1645 1508 1732 1540 erat,
1756 1508 1948 1541 moreretur,

1087 1542 1188 1574 multo
1205 1541 1301 1582 igitur
1318 1541 1414 1582 magis
1434 1540 1578 1581 indignus
1598 1541 1675 1580 erit,
1699 1542 1751 1582 qui
1765 1551 1858 1582 opem
1873 1551 1949 1574 con-

1087 1583 1188 1616 filium
1206 1582 1358 1624 praebuit,
1384 1589 1419 1613 ut
1438 1581 1568 1620 Titius,
1590 1582 1679 1622 cujus
1702 1583 1791 1615 heres
1813 1582 1875 1623 est,
1897 1592 1949 1615 oc-

1088 1624 1267 1662 cideretur,
1291 1623 1398 1655 occiso
1416 1624 1499 1656 enim
1518 1622 1634 1662 Titio,
1661 1634 1701 1656 ne
1725 1634 1762 1656 ue
1783 1624 1872 1664 ejus,
1896 1633 1948 1656 nea

1088 1675 1149 1707 que
1167 1666 1232 1706 ejus
1249 1664 1501 1697 descendentium
1521 1664 1663 1697 heredem
1680 1675 1697 1696 e
1722 1665 1741 1696 'e
1772 1665 1948 1707 offe,aper-

1088 1715 1119 1739 te
1145 1715 1273 1740 cautum
1296 1706 1341 1739 est
1357 1706 1389 1748 ἓ.
1407 1709 1458 1738 26.
1484 1707 1554 1747 Cap.
1578 1706 1617 1739 ΙΙ.
1640 1706 1704 1739 LL.
1760 1707 1857 1739 eland.
1889 1706 1949 1738 Ζοο

1088 1749 1147 1781 wie
1171 1749 1321 1791 handadig
1343 1749 1368 1779 is
1390 1757 1459 1779 over
1480 1749 1597 1779 iemand
1614 1771 1624 1787 ,
1657 1749 1704 1779 die
1725 1749 1789 1780 doot
1811 1746 1948 1791 gestagen

1089 1800 1147 1832 κγ,
1172 1790 1206 1830 of
1226 1791 1299 1821 raud
1323 1789 1357 1830 of
1377 1791 1447 1821 ducit
1465 1791 1539 1821 daar
1555 1795 1596 1821 toe
1612 1799 1757 1832 gegeeven
1774 1790 1870 1830 heeft,
1895 1790 1949 1821 dar

1088 1843 1125 1874 κγ
1140 1832 1220 1863 zelve
1237 1831 1428 1873 erfgenamen
1451 1831 1490 1872 af
1502 1841 1580 1872 zyn,
1602 1833 1648 1862 die
1670 1831 1766 1862 zellen
1784 1831 1828 1862 als
1851 1831 1948 1874 erfge·

1088 1883 1194 1905 namen
1216 1881 1290 1915 geen
1310 1873 1370 1904 deel
1387 1874 1493 1905 hebben
1514 1874 1546 1903 in
1561 1874 1609 1903 des
1623 1872 1741 1904 Dooden
1761 1873 1866 1915 goede,
1889 1881 1950 1914 neg

1089 1917 1135 1947 die
1151 1924 1259 1957 geene,
1284 1915 1330 1945 die
1346 1924 1407 1945 van
1424 1915 1529 1946 heuren
1544 1914 1610 1955 lyve
1626 1915 1762 1956 gekomen
1787 1923 1854 1956 ayn.
1896 1913 1950 1946 Sic

1089 1957 1208 1997 ubique
1225 1955 1359 1997 legitur,
1383 1955 1432 1988 sed
1450 1965 1507 1997 pro
1523 1957 1575 1986 dat
1589 1965 1625 1996 κγ
1641 1956 1740 1994 zelve,
1764 1955 1894 1987 omnino
1907 1955 1950 1986 le*

1091 1998 1225 2040 gendum
1247 1997 1314 2035 est,
1338 1998 1411 2028 daar
1428 2007 1465 2038 κγ
1487 1997 1568 2027 zelve
1593 1998 1652 2029 ἃς.
1697 1997 1758 2028 Rcs
1775 1995 1837 2038 ipsa
1853 1996 1950 2028 ctiam

1091 2039 1221 2070 aliarum
1255 2037 1408 2070 Gentium
1431 2038 1565 2070 Statutis
1597 2046 1750 2077 cavetur,
1783 2039 1813 2070 dc
1837 2046 1877 2068 ex
1903 2037 1952 2070 his

1092 2089 1164 2112 nata
1186 2079 1230 2111 est
1256 2079 1392 2120 vulgaris
1414 2079 1577 2120 Belgarum
1596 2079 1764 2120 paroemia,
1790 2087 1880 2120 quam
1897 2087 1950 2110 ex·

1091 2121 1190 2162 plicat
1205 2120 1382 2152 Matthaeus
1398 2120 1547 2154 Paroemia
1556 2120 1611 2152 Vl.
1637 2121 1688 2162 qui
1705 2117 1770 2161 ipse
1785 2119 1950 2158 observat,

1092 2162 1224 2195 statutis
1250 2162 1410 2193 nonnullis
1434 2162 1621 2193 nominatim
1635 2161 1756 2199 inseri,
1778 2160 1860 2201 quod
1876 2169 1951 2198 ,ex-

1092 2202 1180 2235 cluso
1205 2203 1299 2234 hodie
1327 2202 1437 2241 Fisco‚
1461 2202 1645 2244 generaliter
1661 2202 1870 2243 recipiendum
1886 2201 1951 2240 est,

1092 2244 1205 2276 herede
1231 2244 1390 2277 homicida
1412 2252 1556 2281 remoto,
1580 2244 1758 2286 propiorem
1786 2243 1881 2285 gradu
1899 2243 1952 2274 de·

1091 2285 1203 2317 functo
1221 2284 1385 2316 succedere
1401 2309 1410 2325 ,
1435 2285 1457 2317 fi
1481 2294 1595 2325 nempe
1614 2295 1652 2319 ex
1674 2283 1856 2317 testamento
1874 2283 1952 2316 nulli

1090 2326 1150 2359 sint
1166 2327 1325 2367 conjuncti
1341 2328 1394 2360 vel
1412 2325 1578 2359 substituti.

820 2466 1176 2505 CAPUT
1274 2462 1321 2503 X.

191 2557 228 2593 Si
264 2559 422 2605 Conjtiges
454 2569 560 2595 mutuo
598 2545 784 2606 testamento
807 2557 847 2604 se
880 2561 1020 2595 invicem
1052 2560 1179 2596 heredes
1201 2560 1352 2605 scribant
1378 2569 1448 2595 cum
1469 2559 1562 2605 plena
1583 2553 1740 2602 potestate
1762 2555 1952 2597 alienandi,

233 2605 295 2652 sed
321 2619 358 2642 ea
385 2610 472 2653 lege,
498 2618 531 2642 ut
557 2611 658 2650 bonci,
683 2620 748 2653 qtiae
766 2607 931 2654 superstes
957 2611 1166 2656 relinqueret,
1195 2608 1264 2656 Post
1288 2611 1357 2655 ejus
1383 2615 1511 2643 mortem
1535 2608 1619 2640 inter
1644 2606 1806 2651 utriusque
1830 2605 1955 2639 heredes

242 2658 340 2700 aequis
372 2659 520 2703 partibus
554 2658 741 2692 dividantur
762 2683 771 2698 ‚
802 2668 845 2691 an
877 2657 1071 2694 hereditates
1095 2657 1137 2698 ἐπ”
1161 2660 1293 2704 legata,
1325 2658 1449 2702 aliaque
1475 2656 1583 2694 lucra,
1609 2664 1675 2698 quae
1689 2652 1876 2700 superstes,
1891 2651 1957 2699 sua

247 2707 344 2749 ipius
384 2704 538 2753 industria
560 2733 570 2750 ,
610 2704 810 2751 acquisivit,
841 2714 901 2751 pro
928 2704 1057 2754 semgffe
1094 2709 1194 2743 etiam
1226 2707 1338 2742 cedant
1369 2704 1533 2740 heredibus
1560 2703 1713 2749 Conjugis
1737 2705 1880 2750 primum
1905 2702 1957 2736 de-

235 2753 302 2799 fun
308 2754 368 2788 CN?

198 2852 282 2930 U
297 2849 328 2881 su
347 2851 534 2892 quotidiano
558 2859 719 2892 receptum
737 2850 804 2888 est,
827 2850 998 2892 praesertim
1015 2853 1059 2886 in-

310 2901 356 2921 ter
385 2892 577 2925 honestiores
605 2894 708 2931 cives,
733 2892 786 2932 qui
813 2892 894 2924 salva
919 2902 1060 2926 commu-

198 2943 292 2965 nione
312 2933 466 2966 bonorum
491 2935 614 2975 nuptias
637 2941 882 2973 contraxerunt,
907 2942 964 2974 ut,
988 2935 1008 2967 fi
1024 2937 1059 2968 li-

197 2975 287 3006 beros
310 2983 374 3006 non
402 2974 554 3013 habeant,
579 2977 608 3008 dt
630 2975 762 3007 habendi
789 2974 857 3015 spes
884 2977 987 3009 omnis
1007 2977 1058 3009 de-

235 3105 316 3141 (io)
337 3108 488 3137 Gratianus
510 3109 538 3135 in
558 3107 636 3135 Petro
658 3107 785 3137 Medicoeo
805 3117 833 3146 p.
856 3116 922 3142 109.

236 3144 313 3178 (17)
335 3146 460 3174 Aitzema
482 3147 516 3174 L.
540 3146 675 3175 xxxiii.
697 3156 724 3182 p.
746 3150 809 3181 981.
833 3147 858 3176 &
877 3151 944 3183 982.

238 3182 313 3218 (ιδ)
336 3181 426 3219 Consti.
452 3184 485 3213 B.
511 3182 582 3213 Tem.
603 3186 626 3214 1.
650 3184 740 3224 Corfil.
764 3186 825 3216 186.

1104 2851 1286 2889 conaverit,
1300 2850 1330 2882 se
1349 2850 1484 2882 invicem
1501 2848 1634 2886 heredes
1650 2847 1801 2885 scribant,
1818 2856 1854 2878 ca
1870 2846 1956 2887 lege,

1103 2905 1137 2926 ut
1154 2892 1222 2935 post
1240 2900 1373 2923 mortem
1394 2890 1562 2932 superstitis
1574 2912 1582 2926 ‚
1595 2899 1661 2929 quae
1677 2895 1716 2920 ex
1734 2889 1894 2927 utriusque
1911 2897 1958 2928 pa-

1103 2934 1252 2967 trimonio
1272 2932 1471 2972 supererunt,
1495 2933 1588 2963 etium
1604 2932 1685 2961 inter
1700 2929 1858 2968 utriusque
1875 2929 1958 2959 here-

1102 2977 1156 3009 des
1171 2985 1228 3017 pro
1245 2972 1364 3006 semisse
1381 2973 1560 3006 dividantur
1571 2994 1582 3011 ‚
1605 2971 1705 3002 addita
1727 2969 1958 3011 prohibitione,

1900 3018 1938 3043 ne
1945 3030 1958 3048 ,

1142 3101 1221 3145 (19)
1242 3106 1268 3135 d.
1287 3105 1377 3145 Confil.
1400 3108 1462 3136 186.

1142 3147 1222 3185 (20)
1247 3144 1338 3184 Cmfil.
1358 3143 1433 3175 Hori.
1454 3144 1506 3175 111.·
1525 3142 1617 3182 Corfil.
1637 3149 1684 3178 91.
1702 3134 1757 3180 pell
1776 3148 1804 3170 n.
1821 3142 1869 3175 23.
