2008 3436
410 109 809 147 CORNELII

155 186 324 222 Raevardus
341 192 397 229 iis,
421 201 501 232 quos
518 192 602 230 dixi,
629 191 708 223 locis
724 200 764 221 ex
781 188 892 223 Nonio
910 188 940 219 in
958 197 1018 219 mu-

152 240 201 259 nes
223 229 435 274 Florentium
464 233 629 265 lectionem
653 232 826 263 defendunt
847 254 856 270 ,
895 229 943 261 sed
964 229 1018 275 ille

153 279 251 300 ⁷1212'N6'5
269 279 494 314 Interpretatur
522 275 729 314 consentienter
744 275 780 303 all
799 283 851 310 eu,
870 281 929 312 qua?
946 280 1018 300 ainz—

151 312 178 340 sl
196 311 309 355 velint,
332 325 400 356 quae
421 316 605 356 lignilicatio
624 315 661 346 ab
679 315 738 345 lioc
760 315 834 344 loco
850 313 949 343 aliena
961 310 1015 349 est,

153 352 182 382 ot
206 351 401 395 testimonia,
427 366 495 397 quze
523 356 648 388 Nonius
664 354 764 386 adfert
779 377 789 393 ,
811 363 874 385 non
894 351 964 383 sunt
980 353 1019 382 de

152 394 233 423 ”bimi
244 416 255 431 ,
279 395 327 428 sed
345 397 382 428 dc
404 397 537 436 munifico
556 408 613 438 pro
634 395 748 427 liberali
765 406 780 426 a
802 404 936 430 munere,
959 402 1019 432 qua

151 436 255 472 domiin
271 460 281 476 ,
310 448 373 469 non
398 448 458 479 qua
481 449 549 469 onus
562 438 724 479 significat.
770 436 913 467 Plautum
934 434 1018 464 addit

152 475 324 511 Raevardus
335 502 345 517 ,
370 480 399 511 ἅ
420 488 492 511 ante
509 489 579 510 eum
598 478 745 517 Cujacius
763 478 799 507 ad
823 476 1019 515 Papinianum

152 517 183 547 in
209 517 237 548 h.
262 519 282 551 l.
305 525 333 555 8.
359 520 387 561 §.
417 531 441 552 1.
468 520 668 561 respicientes
695 518 731 549 ad
752 518 820 548 liaec
836 527 876 547 ex
896 515 1018 555 Prologo

152 557 348 593 Blercatoris:

194 599 271 633 Dico
290 602 350 645 ejus
363 609 416 643 pro
434 603 545 633 meritis
558 607 677 643 gratum
695 610 737 630 nie
754 598 908 633 &munem
916 599 995 639 fore.

152 640 211 672 Sed
223 664 232 679 ‚
273 643 294 675 fi
324 654 374 674 nie
399 644 522 681 audias,
562 651 620 673 nec
636 643 731 671 munis
746 641 785 671 ini
805 639 849 671 est
867 650 884 670 a
904 648 1019 671 nzunere

152 691 210 722 pro
230 692 333 722 onere,
357 683 407 715 sed
429 694 445 714 a
470 692 598 714 munere
618 692 675 723 pro
696 684 784 719 dono,
810 682 915 712 eadem
932 681 1020 721 figni-

151 722 322 762 ficatione,
352 735 412 765 qua
427 723 580 764 munificus
603 723 683 763 apud
700 722 865 760 Nonium,
887 722 916 753 ἃ
939 721 1020 762 apud

152 763 299 796 Tullium
339 765 378 796 L.
404 764 443 796 11.
476 767 509 796 cle
546 763 631 805 offis.
669 764 702 795 C.
727 768 772 797 18.
819 762 871 794 Ne
890 764 1020 800 dlcam,

150 803 252 837 Plauti
285 806 452 837 lectionem
475 806 537 837 effe
560 806 704 843 dubiam,
731 814 802 835 cum
824 804 910 835 Libri
934 804 992 835 1int
1008 827 1020 842 ,

150 845 201 886 qui
218 847 387 878 exhibeant
412 858 581 886 memorem,
609 856 671 877 non
691 856 814 876 onmem.
859 846 964 885 Magis
981 845 1018 875 ad

148 896 214 919 reni
239 887 283 920 est
309 889 398 919 locus
423 888 523 928 Festi,
558 897 649 929 quem
670 886 818 927 Cujacius
836 885 986 917 indicavit
1006 909 1015 924 ,

151 928 181 959 &
196 929 321 960 Voiiius
338 930 368 961 in
386 929 513 970 Etymol.
536 930 658 971 plenius
675 928 804 960 extulit.
849 928 952 959 Verba
963 926 1016 958 Fe-

150 970 206 1002 sti:
233 970 358 1002 lisanam
371 970 543 1013 sognificczre
569 976 678 1002 certum
695 968 735 1010 est
754 968 901 1010 officiosum
913 991 922 1007 ,
944 969 1018 999 unde

152 1022 166 1042 e
183 1013 326 1043 contrario
340 1013 477 1043 immunis
492 1014 601 1043 dicitnr
610 1032 621 1050 9
650 1013 698 1053 qni
724 1011 803 1042 nihilo
815 1012 960 1053 fungitur
978 1009 1020 1049 of-

149 1052 229 1092 ficio.
285 1052 424 1085 Dubites
443 1077 453 1093 ,
488 1064 526 1086 an
548 1055 642 1085 mimis
663 1054 714 1084 hic
735 1052 890 1086 dicatura
907 1061 1020 1083 munere

159 120 226 151 262
886 119 943 144 VA
969 117 993 142 N

756 1148 1113 1189 CAPUT

1067 106 1672 145 BYNKERSHOEK

1061 197 1118 229 pro
1134 197 1216 220 onere
1226 198 1283 226 ,an
1297 198 1313 219 a
1331 199 1445 219 munere
1457 199 1515 230 pro
1536 188 1649 229 officio?
1660 188 1708 219 sed
1727 189 1798 230 quia
1813 199 1923 225 munus.

1061 229 1187 269 proprie
1217 229 1280 267 est,
1311 230 1395 270 quod
1417 230 1582 261 neeess'aric
1605 230 1728 261 obimus
1751 231 1772 261 l.
1792 241 1864 272 214.
1881 234 1922 274 ff.

1061 271 1093 300 de
1117 271 1160 302 V.
1185 272 1213 302 S.
1242 271 1385 311 &magis
1405 281 1475 302 cum
1505 281 1600 302 onere
1618 274 1647 302 oc
1664 270 1807 311 sumptu,
1832 282 1924 313 quarn

1062 320 1134 341 cum
1155 312 1275 343 honore
1300 312 1502 350 conjunctum
1528 312 1571 342 eli
1606 312 1625 341 l.
1656 321 1701 352 14.
1726 313 1753 354 ᾗ.
1780 322 1806 344 1.
1824 314 1865 354 ff.
1889 317 1923 347 de

1062 351 1184 384 Μιιηεν.
1210 353 1245 388 &³
1266 355 1363 384 honor.
1390 353 1460 393 plus
1479 352 1570 384 semel
1593 352 1660 384 haec
1680 362 1923 393 reciprocantur.

1063 392 1171 425 Festus
1191 403 1276 425 certe
1291 404 1405 424 munem
1422 394 1556 435 opponit
1573 394 1600 425 ei
1613 416 1623 431 ,
1647 394 1698 434 qui
1717 396 1851 426 immunis
1868 398 1923 431 est,

1061 435 1113 465 Sic
1138 434 1182 466 est
1204 436 1234 466 in
1260 433 1416 475 personis,
1452 436 1481 467 &
1504 435 1545 467 fic
1562 444 1688 476 quoquc
1712 435 1757 467 est
1774 437 1805 468 in
1821 438 1923 472 rebus.

1062 474 1161 515 igitur
1180 475 1313 517 officiam
1331 476 1411 516 apud
1436 476 1558 508 Festum
1584 485 1646 508 non
1667 475 1729 516 cst,
1754 479 1806 518 qui
1824 477 1923 512 studet

1062 516 1246 548 humanitati
1276 518 1304 548 ὅ(
1331 517 1490 549 beneficiis
1515 516 1693 556 reddendis,
1720 517 1769 549 scd
1787 519 1839 560 qui
1855 520 1922 552 offi-

1062 557 1114 588 cio
1137 558 1266 597 publico
1289 557 1446 589 obnoxius
1468 558 1530 598 est,
1557 567 1591 590 ut
1611 557 1745 599 officiolils
1762 560 1922 594 dicebatur

1061 597 1115 629 ille
1128 620 1138 635 ,
1161 599 1212 638 qui
1230 599 1261 629 in
1280 597 1393 630 balneo
1415 599 1599 632 vestimenta
1615 600 1755 632 servabat
1774 601 1854 642 apud
1866 601 1922 634 Pe-

1062 640 1200 670 tronium
1226 640 1257 669 C.
1276 648 1326 675 92.
1352 639 1489 680 Apparet
1507 641 1537 672 id
1551 651 1590 672 ex
1613 641 1832 681 oppositione,
1851 652 1924 676 cum

1062 680 1217 711 iiizmzmem
1237 680 1479 720 interpretatur,
1503 684 1552 723 qui
1572 683 1650 713 nullo
1661 682 1808 725 fungitur
1822 681 1921 724 officio.

1062 719 1124 752 His
1145 720 1291 752 omnibus
1311 721 1392 752 addo
1413 721 1538 754 Glossas
1555 723 1740 763 Philoxeni,
1764 725 1795 756 in
1811 726 1925 766 quibus

1061 763 1189 792 municas
1212 759 1256 792 est
1282 771 1421 799 amnem.
1468 763 1596 795 Scilicet
1621 774 1637 795 a
1662 767 1756 795 mimis
1773 765 1818 797 est
1829 768 1922 798 muni-

1062 808 1124 842 tas,
1149 812 1184 834 ut
1200 803 1236 834 ab
1251 805 1386 834 immunis
1400 806 1578 836 immunitas.
1622 807 1759 843 Λωτεςᾳλι
1779 816 1841 838 non
1857 815 1924 839 tan·

1062 851 1129 875 tum
1144 843 1189 875 est
1207 843 1308 875 vitinus
1326 844 1389 876 five
1407 855 1475 875 onus
1487 846 1656 886 publicum,
1681 845 1730 877 sed
1746 847 1775 878 ὃς
1787 846 1850 888 ipsa
1851 848 1922 888 fiab-

1054 885 1143 927 jeciio
1156 906 1166 923 ,
1186 885 1445 925 quemadmodum
1464 887 1545 926 apud
1565 886 1697 918 Latinos
1713 889 1850 920 munitas.
1873 889 1924 921 Sic

1063 925 1134 958 satis
1150 926 1370 967 praesti'timus,
1396 927 1425 958 111
1447 927 1559 967 fallor,
1581 937 1693 960 vocem
1711 930 1806 960 munis
1823 929 1853 961 ὅ(
1869 929 1925 961 La-

1063 968 1158 999 tinam
1176 967 1255 1007 else,
1281 968 1310 1000 <St
1330 970 1361 999 in
1383 967 1436 999 usu
1453 967 1545 1000 fuisse
1560 992 1570 1007 ‚
1595 970 1624 1001 δε
1639 979 1674 1001 ea
1692 970 1817 1011 quidem
1836 969 1925 1011 figni-

1062 1008 1233 1092 {icati0§ne,
1267 1019 1327 1051 qua
1356 1010 1497 1041 occurrit
1523 1010 1602 1051 apud
1623 1009 1826 1053 Papinianum
1843 1011 1875 1044 in
1894 1013 1922 1045 d.

1077 1075 1084 1081 .
1107 1055 1135 1084 8.
1183 1074 1189 1081 .
1218 1060 1243 1082 1.

1208 1149 1335 1186 XII.

257 1240 330 1276 Non
349 1239 480 1287 semper
506 1240 572 1288 post
599 1243 686 1277 litem
713 1239 920 1285 contestatam
946 1242 1056 1275 honam
1075 1238 1173 1284 fidem
1197 1236 1370 1284 ptffiſjbris
1396 1240 1515 1273 mutari
1541 1241 1573 1274 in
1600 1242 1739 1285 malam,
1765 1240 1818 1276 de-

419 1289 521 1337 fensa
547 1295 691 1326 eunomia
716 1292 862 1324 Romana
887 1291 920 1323 in
958 1292 996 1323 L.
1028 1292 1083 1333 36.
1112 1286 1141 1334 §
1169 1299 1202 1330 4.
1229 1286 1266 1320 ff.
1296 1288 1340 1321 de
1366 1287 1526 1322 Heredit.
1552 1290 1652 1334 petit.

250 1394 262 1416 t
278 1385 309 1417 in
326 1387 394 1418 aliis
412 1387 492 1427 Juris
516 1387 676 1425 articulis,
702 1387 743 1418 sic
771 1386 801 1417 &
821 1386 852 1417 in
869 1384 1024 1417 heredita-

165 1387 185 1464 ¹
224 1387 236 1461 J
271 1428 311 1459 tis
342 1428 499 1469 petitione
550 1429 695 1459 lui-imum
722 1426 870 1465 interest,
891 1436 961 1458 reus
977 1428 1022 1457 vi-

156 1469 224 1501 stus
239 1468 343 1507 bona,
366 1479 403 1500 an
424 1469 503 1500 mala
518 1438 578 1500 f-i'de
594 1469 773 1509 poll'ederit.
823 1468 855 1499 ln
876 1466 943 1509 ipso
960 1467 1023 1499 SC-

158 1517 214 1549 to,
226 1510 309 1550 quod
326 1510 365 1540 de
383 1509 565 1542 hereditatis
584 1510 740 1551 petitione
761 1508 805 1541 est
822 1510 883 1541 inl.
894 1508 1021 1550 20.§.6.

150 1551 190 1593 ff.
209 1552 241 1582 (le
260 1550 370 1582 Hered.
385 1553 471 1591 petit.
484 1551 572 1583 malae
590 1551 661 1583 fidei
682 1550 865 1592 possessores
873 1550 1023 1581 definiun-

156 1602 226 1630 tur,
244 1591 552 1633 qzliborzairzvafiffirzt
563 1615 573 1630 ‚
584 1603 649 1623 cuin
656 1593 772 1633 scirent
780 1594 817 1623 ad
825 1591 860 1633 se
868 1602 925 1622 non
932 1593 1025 1631 perti-

153 1644 234 1672 nere,
247 1636 276 1664 ἃ
286 1633 376 1664 bonae
385 1633 457 1665 fidei
466 1633 650 1675 poss‘ess'ores
658 1636 724 1675 ,qui
733 1636 767 1673 se
777 1634 891 1664 heredes
900 1633 950 1673 effe
961 1634 1022 1663 exi-

147 1674 295 1717 stimant,
318 1675 391 1714 vel,
422 1683 458 1706 ut
480 1685 555 1707 mox
573 1674 713 1721 sequitur
730 1675 761 1706 in
784 1675 896 1715 Capite
914 1673 1021 1715 penul-

157 1717 236 1748 timo
252 1715 351 1754 SCti,
374 1718 423 1757 qui
433 1714 528 1759 justas
547 1724 647 1757 cantas
669 1715 828 1756 hahuz'ffem
839 1738 851 1754 ,
874 1725 960 1757 quare
978 1717 1022 1746 ho-

154 1769 193 1789 na
219 1758 256 1789 ad
273 1757 307 1798 stt
329 1760 477 1797 pertinere
500 1757 717 1799 exzstc'mciffl’nt.
771 1757 815 1788 Ut
832 1757 927 1798 igitur
944 1757 1023 1788 mala

154 1799 230 1832 fides
255 1799 369 1839 pendet
395 1809 411 1830 a
434 1798 582 1838 scientia,
617 1799 660 1831 fic
681 1800 763 1830 bona
781 1798 857 1830 fides
876 1798 913 1830 ab
933 1799 1021 1838 igno-

154 1841 254 1872 rantia
279 1840 322 1871 rei
342 1863 350 1879 ‚
382 1848 474 1881 quam
490 1841 559 1881 quis
574 1839 705 1881 possidet
718 1862 729 1878 ,
753 1840 872 1871 alienae.
916 1839 1023 1871 Nemo

156 1882 221 1920 est,
242 1881 294 1922 qui
311 1881 373 1912 hoc
389 1880 524 1919 nesciat,
543 1881 572 1913 ὅ(
589 1881 630 1913 fic
646 1882 757 1923 injure
773 1880 833 1911 ess‘e
853 1881 947 1912 etiam
959 1880 1020 1912 Au-

154 1923 295 1964 yutlinus
316 1922 536 1954 animadvertit
553 1922 652 1953 Lioro
672 1924 705 1953 de
720 1921 792 1953 Fide
811 1921 846 1956 ἐξ
867 1921 1022 1962 Operibus.

154 1949 274 1996 Rursus
296 1963 350 1994 illa
379 1963 509 1995 scientia
535 1963 587 1995 vel
614 1963 789 2004 ignorantia
813 1962 880 1994 fere
908 1963 1023 2004 pendet

153 2016 171 2037 a
191 2005 311 2036 secreto
337 2005 431 2036 animi
450 2029 460 2045 ,
489 2013 562 2035 cum
586 2005 715 2036 difficile
733 2004 770 2036 fit
788 2006 940 2045 probatu,
965 2003 1023 2035 Ti-

154 2048 254 2083 tium,
276 2052 373 2086 puta,
394 2045 534 2085 scivifl'e,
558 2046 641 2086 quod
660 2045 723 2087 ipse
737 2046 781 2076 ait
799 2044 829 2076 se
847 2045 1023 2083 nescivisse,

154 2087 210 2119 nisi
234 2095 269 2117 ea
294 2095 477 2127 argumenta
501 2089 648 2125 exstent,
673 2097 712 2118 ex
727 2086 839 2127 quibus
863 2085 1023 2117 scientiam

155 2126 318 2170 prael'umit
332 2128 442 2168 judex.
488 2127 564 2160 Non
582 2127 779 2169 praesumitur
794 2127 962 2158 scientiain
973 2136 1024 2165 eo,

156 2170 211 2210 qui
228 2175 311 2199 errat
323 2191 332 2207 ‚
357 2169 408 2200 vel
424 2169 455 2200 in
469 2167 572 2207 facto,
598 2169 649 2200 vel
670 2169 701 2200 in
721 2169 807 2208 jure3
833 2168 864 2199 111
882 2167 967 2200 facio
975 2178 1021 2199 er-

155 2219 225 2248 rat,
248 2209 301 2249 qui
320 2208 407 2241 forte
422 2217 513 2251 putat
532 2209 561 2241 se
577 2210 756 2251 proximum
776 2208 913 2241 defuncti
932 2219 1021 2250 agna-

155 2259 224 2283 tum
240 2249 322 2289 esse,
346 2260 418 2282 cum
436 2251 514 2282 alius
534 2251 707 2291 praecedat3
729 2251 760 2282 in
775 2250 858 2289 jure,
884 2251 935 2291 qui
956 2251 1022 2282 for-

154 2301 187 2324 te
212 2293 399 2323 testamento
423 2291 454 2323 se
477 2291 619 2323 defendit
637 2315 646 2330 ,
681 2301 753 2323 cum
772 2292 884 2322 inutile
898 2291 934 2323 lit
954 2315 963 2330 ,
988 2300 1023 2322 ut

155 2334 224 2365 haec
239 2333 380 2374 explicat
397 2333 549 2375 Ulpianus
571 2334 604 2365 in
627 2333 649 2364 l.
668 2343 717 2373 25.
743 2332 770 2374 §.
792 2336 823 2364 6.
842 2332 883 2374 ff.
906 2334 939 2364 cle
961 2332 1024 2364 He-

153 2377 241 2406 rediz.
262 2377 349 2415 petit.

197 2415 322 2447 Merito
342 2416 453 2447 malam
471 2415 564 2448 fidem
583 2426 600 2447 a
624 2415 707 2448 bona
723 2416 866 2448 distinxit
885 2414 1022 2455 sctum,

156 2465 230 2488 cum
260 2457 292 2487 in
319 2464 456 2497 utroque
484 2457 653 2498 poss'effore
677 2457 956 2499 Jurisprudentiam
979 2458 1024 2488 di-

156 2497 323 2535 stinxerit,
345 2497 466 2529 censuit
493 2499 593 2537 enim,
624 2499 713 2530 malae
732 2499 803 2531 fidei
822 2497 1023 2541 possell'ores,

157 2537 271 2577 etiamsi
293 2544 361 2569 ante
391 2539 472 2570 litem
490 2539 677 2581 contestatam
698 2540 851 2581 fecerint,
897 2541 1025 2570 nominas

150 2579 321 2622 pofflclerent
340 2602 352 2618 ,
381 2581 500 2620 perinde
529 2583 754 2612 condemnandos
774 2604 785 2619 ,
815 2549 894 2623 qauz
907 2579 1020 2622 poffide-

153 2627 241 2661 rent,
265 2622 356 2652 bonae
379 2620 448 2652 fidei
477 2629 580 2653 autem
606 2621 789 2663 poss'ess'ores
804 2632 888 2668 usque
904 2632 933 2653 eo
951 2623 1023 2653 dun-

157 2668 261 2702 taxat,
286 2672 337 2703 quo
351 2662 547 2702 locupletiores
560 2673 597 2693 ex
613 2674 647 2694 ea
664 2673 693 2693 re
704 2663 786 2702 facili
805 2663 928 2703 efflentci.
939 2663 959 2694 l.
971 2673 1020 2694 20.

155 2703 185 2745 ᾗ.
204 2707 234 2735 6.
263 2703 336 2735 Eod.
382 2702 545 2748 Quicquid
564 2704 660 2744 igitur
680 2704 770 2734 malae
788 2704 858 2735 fidei
875 2703 1024 2744 polsess'or

155 2744 289 2786 possedit
306 2768 315 2784 ,
348 2744 378 2776 ὅς
404 2754 445 2775 ex
470 2744 642 2776 hereditate
667 2743 817 2784 possidere
831 2745 935 2782 dedit,
960 2745 1023 2776 five

155 2786 252 2825 dolo,
275 2786 337 2818 five
356 2785 468 2826 culpa,
493 2785 555 2817 five
573 2784 663 2824 casu,
689 2785 719 2816 id
734 2794 827 2816 omne
843 2785 956 2816 victori
976 2795 1020 2816 re-

155 2827 284 2866 stituet,
316 2827 410 2858 bonae
433 2826 505 2858 fidei
529 2826 680 2867 possessor
694 2848 706 2864 ,
735 2827 787 2866 qui
808 2826 926 2866 semper
945 2825 1022 2857 dolo

156 2877 260 2907 caret,
285 2868 316 2899 in
333 2877 366 2899 re
384 2866 436 2899 sua
452 2866 482 2899 se
497 2866 611 2899 versari
635 2875 737 2906 ratus,
762 2867 841 2899 nihil
858 2867 1000 2898 reitituet
1012 2889 1023 2904 ,

157 2908 212 2940 nisi
230 2917 381 2949 quantum
395 2918 434 2940 ex
446 2918 481 2940 ea
490 2918 522 2939 re
537 2908 636 2940 faetus
652 2908 695 2939 est
715 2908 917 2949 locupletior.
942 2907 1022 2939 Haee

157 2948 201 2979 est
223 2950 322 2989 prima
335 2948 512 2981 differentia
530 2950 610 2981 inter
627 2956 794 2988 utrumque
811 2947 1020 2990 poss'ess'orem.

157 2989 265 3020 Altera
285 2991 328 3022 est
341 3013 351 3030 ,
376 2990 460 3032 quod
476 2990 564 3022 malae
584 2990 655 3022 fidei
679 2989 863 3031 poss‘ess'ores
878 2999 941 3021 non
959 2997 1023 3020 tan-

160 3037 226 3060 tum
243 3031 407 3063 restituant
430 3030 570 3070 fructus,
603 3041 682 3072 quos
711 3040 918 3072 perceperunt
935 3055 943 3069 ‚
974 3029 1023 3061 sed

158 3079 224 3108 quos
239 3074 382 3110 percipere
401 3074 557 3104 debuerunt
581 3072 601 3103 l.
621 3082 672 3112 25.
697 3072 724 3114 ἕ.
745 3082 776 3112 4.
797 3072 835 3113 ff.
855 3073 887 3103 do
910 3071 1021 3105 Hei-etl.

152 3111 240 3149 petiz.
269 3114 359 3144 bonae
390 3113 460 3144 fidei
493 3112 675 3154 poll'ess'ores
704 3115 762 3145 hos
784 3121 905 3144 tantuin
938 3113 1020 3144 relli-

161 3157 272 3187 tuunt,
295 3152 373 3191 qnasi
393 3160 550 3195 augmenta
579 3154 769 3191 hereditatis,
796 3162 848 3194 per
867 3164 933 3194 qnos
948 3155 1022 3185 locu-

155 3189 460 3233 pletioressctclisilin
477 3195 497 3225 l.
513 3205 566 3234 40.
589 3195 616 3235 ξ).
645 3205 670 3227 1.
686 3195 727 3236 ff.
754 3194 827 3226 Eoo.
874 3196 953 3239 Qum
972 3197 1021 3234 ju-

1066 1382 1273 1424 risprudentia
1289 1382 1381 1414 habet
1394 1383 1548 1417 rationem
1559 1385 1658 1424 ‚male
1673 1383 1741 1417 fere
1757 1384 1929 1427 neglectam

1066 1425 1160 1456 hodie
1175 1426 1205 1457 in
1222 1425 1363 1465 judiciis:
1388 1425 1493 1458 videas
1516 1436 1598 1458 enim
1622 1427 1852 1468 pragmaticos,
1877 1426 1929 1459 he-

1066 1466 1230 1497 reditatem
1252 1474 1413 1512 petentes,
1445 1467 1622 1508 promiscue
1651 1475 1760 1499 contra
1785 1468 1930 1509 quemvis

1065 1507 1287 1548 poffessorem,
1311 1515 1404 1538 etiam
1423 1509 1554 1549 optimae
1574 1509 1644 1541 fidei
1654 1528 1666 1547 ,-
1687 1509 1878 1540 contendere
1891 1508 1930 1540 ad

1065 1548 1206 1588 fructus,
1239 1550 1289 1590 qui
1312 1550 1426 1589 percipi
1437 1555 1615 1589 potuerant,
1639 1551 1669 1582 ἃ
1684 1550 1790 1582 videas
1806 1550 1930 1590 Judices

1066 1591 1098 1622 in
1115 1590 1272 1631 plerisque
1290 1589 1517 1623 Tribunalibus
1528 1614 1540 1630 ,
1562 1601 1619 1623 nec
1636 1592 1674 1623 de
1691 1590 1794 1630 bona,
1816 1600 1875 1622 nec
1890 1590 1930 1622 de

1065 1633 1146 1663 mala
1171 1631 1231 1663 fide
1255 1629 1412 1662 sollicitos
1427 1655 1437 1671 ,
1471 1633 1528 1664 hos
1556 1641 1665 1665 omnes
1679 1631 1833 1664 addicere.
1876 1631 1930 1664 Sic

1064 1672 1151 1704 vibia
1165 1681 1270 1703 varam
1284 1670 1432 1713 sequitur.

1107 1714 1137 1745 Si
1163 1723 1199 1744 ea
1222 1713 1304 1744 inter
1326 1720 1493 1756 utrumque
1514 1714 1715 1756 possess‘orem
1732 1714 1770 1747 fit
1785 1713 1929 1747 differen-

1066 1755 1128 1794 tia,
1152 1753 1229 1786 scire
1247 1753 1364 1794 refert,
1399 1765 1464 1796 quo
1480 1765 1664 1796 argumento
1682 1756 1878 1788 aeiiimandus
1895 1754 1933 1788 fit

1065 1797 1156 1828 bonae
1181 1796 1232 1827 vel
1257 1796 1346 1827 malae
1376 1794 1437 1828 fide
1451 1797 1609 1838 poss'essor.
1655 1797 1698 1829 Et
1716 1797 1841 1839 quidem
1859 1804 1934 1828 ante

1067 1838 1157 1869 litem
1181 1837 1388 1868 contestatam
1410 1838 1492 1870 bona
1519 1838 1579 1870 fide
1595 1837 1745 1879 poffidet‚
1770 1838 1824 1879 qui
1837 1843 1931 1878 putat

1066 1878 1097 1910 se
1121 1878 1264 1909 heredem
1292 1877 1352 1909 effe
1384 1878 1405 1910 Ζ.
1427 1888 1474 1911 11.
1502 1885 1549 1921 pr.
1575 1880 1615 1922 ff.
1649 1881 1682 1911 cle
1710 1878 1820 1911 Herod.
1837 1880 1928 1918 petit.

1067 1919 1118 1951 sed
1134 1920 1186 1961 qui
1207 1920 1440 1960 interrogatus,
1469 1929 1525 1952 cur
1540 1921 1709 1962 poffideat,
1732 1918 1786 1952 res
1803 1919 1900 1951 ondet
1918 1941 1930 1958 ‚

1066 1961 1139 2002 quia
1162 1960 1299 2002 poffideo
1315 1983 1325 1999 ,
1356 1970 1396 1992 ne
1422 1962 1575 1994 mentiens
1595 1962 1718 2003 quidem
1742 1960 1773 1992 se
1808 1960 1932 1992 eredem

1065 2001 1146 2040 ess'e,
1169 2002 1250 2033 mala
1272 2002 1332 2033 fide
1355 2002 1486 2042 poffidet
1504 2026 1517 2042 ,
1546 2004 1575 2034 ὃ(
1590 2002 1698 2044 praedo
1714 2002 1756 2033 est
1777 2003 1807 2033 d.
1831 2002 1852 2033 l.
1880 2009 1930 2033 11.

1067 2043 1095 2085 §.
1122 2052 1149 2074 1.
1172 2042 1210 2077 δ’
1228 2043 1249 2074 l.
1273 2052 1318 2074 12.
1339 2043 1380 2084 ff.
1404 2043 1477 2075 Eod.
1512 2044 1555 2075 At
1570 2044 1643 2084 quid
1662 2043 1731 2085 post
1749 2043 1838 2075 litem
1855 2051 1930 2074 con-
1952 2075 1953 2078 ,

1067 2084 1236 2116 testatam?
1258 2084 1410 2124 Ulpianus
1438 2085 1469 2116 in
1489 2085 1510 2116 l.
1532 2093 1582 2124 25.
1607 2084 1635 2126 §.
1654 2094 1682 2125 7.
1702 2081 1743 2126 ff.
1768 2083 1843 2116 Eod.
1863 2083 1930 2121 ait,

1065 2125 1185 2158 SCtum
1211 2124 1353 2164 adjecisse
1370 2148 1382 2164 ,
1411 2135 1438 2157 si
1471 2134 1567 2157 ANTE
1598 2134 1710 2157 LITEM
1737 2132 1931 2157 cou'rns‘rA-

1066 2175 1142 2198 TAM
1171 2175 1346 2198 FECEMNT
1362 2189 1374 2205 ,
1408 2169 1485 2208 ‘quia
1504 2165 1568 2207 post
1593 2167 1674 2197 litem
1698 2164 1887 2206 contestatam
1903 2173 1931 2195 o-

1065 2217 1145 2239 mnes
1162 2208 1309 2247 incipi-unt
1326 2209 1407 2239 malae
1423 2208 1495 2248 fidei
1511 2207 1666 2249 poffeffores
1685 2207 1756 2249 effe,
1777 2208 1930 2248 quinimo,

1066 2249 1191 2289 inquit,
1215 2245 1277 2288 post
1298 2248 1518 2287 controverstam
1541 2256 1666 2286 motam,
1686 2259 1725 2280 ex
1745 2258 1784 2280 eo
1802 2247 1886 2280 enirn
1901 2256 1929 2278 ο-

1066 2300 1144 2320 mnes
1165 2289 1319 2330 possessores
1342 2296 1429 2330 pares
1452 2289 1502 2331 effe
1528 2290 1563 2325 <⁶9⁹
1579 2288 1658 2331 quast
1665 2291 1811 2331 praedones
1826 2288 1928 2320 teneri.

1067 2331 1109 2363 Et
1128 2339 1204 2361 ecce
1219 2332 1374 2363 rationem
1385 2355 1397 2370 ,
1420 2334 1504 2372 caepit
1520 2333 1597 2363 enim
1608 2332 1687 2372 scire
1701 2341 1760 2362 rem
1776 2329 1854 2370 adse
1871 2338 1928 2360 non

1064 2374 1259 2413 pertinentem
1272 2371 1404 2414 poffidere
1412 2373 1445 2413 J&
1463 2375 1506 2413 is,
1531 2374 1579 2414 qui
1596 2372 1809 2412 interpellatur.
1854 2369 1930 2402 sola

1067 2414 1310 2445 denunciatione
1324 2414 1405 2445 effici
1417 2436 1428 2452 ,
1453 2423 1488 2446 ut
1506 2414 1578 2455 quis
1590 2413 1678 2444 malae
1697 2412 1768 2444 fidei
1782 2409 1931 2452 possess'or

1066 2455 1121 2493 fit,
1155 2454 1218 2496 iple
1241 2454 1295 2486 ille
1322 2454 1475 2496 Ulpianus
1491 2454 1629 2495 explicat
1648 2453 1678 2485 in
1702 2453 1723 2484 l.
1748 2461 1797 2484 20.
1822 2450 1850 2492 §.
1880 2460 1931 2483 11.

1061 2496 1102 2537 ff.
1124 2495 1198 2527 Eod.
1231 2503 1315 2527 ratus
1331 2518 1341 2533 ,
1378 2496 1491 2527 malam
1513 2495 1605 2527 fidem
1637 2493 1796 2535 incipere,
1818 2502 1853 2524 ex

1067 2538 1130 2578 quis
1138 2537 1200 2578 scit
1216 2537 1276 2578 ase
1288 2538 1361 2577 peti.
1406 2536 1465 2568 Sed
1484 2536 1548 2576 eJ'us
1567 2535 1697 2566 rationis
1717 2535 1869 2565 rationem
1898 2541 1930 2564 e-

1064 2578 1172 2610 lidero.
1217 2578 1303 2624 Quid
1325 2577 1436 2609 enim?
1459 2575 1651 2608 conscientia
1677 2575 1721 2607 rei
1741 2575 1849 2607 alienae
1867 2573 1931 2607 effi-

1064 2619 1110 2650 cit
1142 2619 1230 2650 malae
1262 2619 1333 2650 fidei
1363 2617 1573 2659 poss'ess'orem.
1619 2616 1733 2655 Κοξὶε,
1766 2614 1817 2647 sed
1839 2625 1876 2647 an
1900 2614 1932 2646 &

1065 2659 1258 2691 conscientia
1274 2660 1316 2690 rei
1329 2682 1339 2697 ,
1361 2667 1433 2690 ante
1453 2658 1604 2698 judicium
1621 2657 1673 2689 vel
1692 2657 1722 2689 in
1740 2657 1860 2697 judicio
1879 2664 1932 2697 pe-

1067 2701 1163 2732 titae?
1200 2700 1344 2741 intelligo
1373 2710 1412 2732 cx
1443 2701 1498 2731 lite
1524 2698 1697 2730 contestata
1717 2720 1727 2736 ,
1753 2697 1828 2738 quid
1845 2697 1932 2729 ustor

1066 2750 1172 2783 petat,
1204 2741 1349 2782 intelligo
1372 2749 1499 2782 quoque
1528 2749 1567 2770 ex
1592 2740 1856 2777 denunciatione,
1879 2736 1932 2769 sed

1064 2783 1138 2823 quid
1165 2782 1185 2814 ii
1212 2786 1292 2813 laona
1319 2782 1377 2814 lide
1406 2780 1644 2812 contradicam?
1668 2779 1759 2812 filent
1778 2779 1945 2820 1111611)Γῦ-

1067 2831 1133 2861 tes,
1163 2824 1304 2854 contenti
1335 2824 1476 2860 docere,
1510 2822 1579 2863 post
1610 2821 1696 2853 litem
1725 2820 1932 2852 contestatam

1067 2866 1157 2895 bonae
1185 2864 1255 2896 fidei
1283 2864 1482 2904 postessorem
1500 2870 1619 2894 mutare
1635 2860 1816 2903 personam,
1838 2861 1869 2894 ἀ
1885 2861 1932 2893 in-

1067 2906 1171 2936 cidere
1194 2905 1225 2935 in
1244 2905 1355 2936 malam
1374 2904 1478 2936 fidem.

1109 2943 1271 2986 Ego'vero
1288 2955 1394 2986 putem
1405 2968 1417 2984 ,
1439 2954 1505 2976 eam
1530 2944 1667 2986 regulam
1695 2942 1755 2975 esse
1774 2942 1930 2984 explican-

1066 2987 1135 3018 dam
1153 2996 1191 3018 ex
1213 2985 1265 3017 ul'u
1281 2988 1343 3019 fori
1366 2986 1520 3025 Romani,
1546 2995 1610 3026 quo
1636 2985 1776 3026 placuit,
1795 2984 1931 3015 actorem

1067 3035 1216 3068 oportere
1237 3037 1291 3059 reo
1301 3049 1312 3065 ,
1344 3036 1415 3059 ante
1431 3029 1520 3059 litem
1539 3026 1763 3064 contestatam,
1788 3034 1852 3057 non
1868 3033 1932 3056 tan-

1068 3077 1133 3099 tum
1150 3069 1303 3101 actionem
1325 3069 1437 3107 edere,
1461 3078 1495 3100 ut
1513 3066 1589 3099 sciat
1609 3076 1699 3105 reus,
1723 3074 1828 3098 utrum
1845 3065 1929 3097 cede-

1067 3118 1117 3147 re,
1146 3119 1183 3140 an
1212 3110 1402 3142 contendere
1432 3110 1513 3141 ultra
1538 3109 1649 3140 debeat
1673 3108 1693 3138 l.
1723 3116 1750 3138 1.
1771 3114 1817 3148 pr.
1836 3105 1876 3148 ff.
1897 3107 1930 3138 de

1068 3150 1181 3181 Etleml.
1207 3148 1256 3183 sed
1277 3154 1306 3183 tit
1325 3151 1416 3182 edere
1435 3149 1852 3188 omniainstrumenta‚quae
1861 3147 1930 3188 quis

1066 3191 1145 3233 apud
1167 3190 1303 3230 judicem
1328 3192 1469 3223 editurus
1497 3191 1542 3224 cst
1563 3190 1584 3221 l.
1606 3199 1632 3222 1.
1657 3190 1685 3230 §.
1704 3199 1735 3232 3.
1761 3189 1833 3220 Eod.
1873 3188 1929 3259 ἐκ

1895 3238 1930 3260 ac
