2008 3436
170 81 241 123 236
440 71 842 112 CORNELII

164 158 236 198 quia
265 157 308 188 ibi
337 157 510 196 convenit,
534 157 556 190 fi
582 157 652 198 quis
681 156 800 197 aliquid
829 164 940 188 contra
965 165 1034 188 eam

163 200 276 230 Pacem
297 199 499 230 commififfet
512 222 522 237 ,
546 198 646 232 solum
669 207 761 237 eum,
786 199 837 240 qui
855 197 1032 235 commisit,

161 240 353 281 puniendum
379 240 462 280 effe,
487 250 523 272 ac
539 240 588 281 jus
606 250 642 271 ea
657 240 697 271 de
711 249 744 270 re
761 240 879 272 dictum
896 239 933 271 iri
951 240 1034 271 intra

162 289 285 312 certum
312 289 453 323 tempus,
480 284 509 314 d.
528 282 557 322 ᾗ.
587 285 634 314 16.
682 280 873 320 raefinitum,
897 280 948 313 sed
969 289 1033 312 non

163 332 226 353 tam
246 322 342 354 facile
355 347 364 359 ,
390 323 411 355 si
432 324 506 364 quid
526 291 681 364 ejusmodpi
710 322 849 357 incidat.
873 321 959 354 faCto
980 331 1033 352 ex-

162 365 320 405 plicatur,
350 375 441 407 quaxn
467 365 683 397 conventione
712 363 902 405 exprimitur
920 386 929 403 ,
960 363 1035 404 quid

164 406 247 437 enim
272 405 294 437 fi
322 416 387 439 non
409 407 577 445 puniatur,
603 405 656 436 vel
684 414 743 442 ea,
775 414 845 446 quae
874 405 907 436 vi
933 405 1037 436 ablata

165 446 235 478 sunt
248 470 256 486 ‚
282 457 344 480 non
363 447 591 480 restituantur?
614 446 818 486 Repressalias
836 455 913 478 tunc
930 445 1034 477 succe-

164 489 237 519 dere
255 489 362 529 posse,
388 489 452 531 ipsa
476 487 735 526 contrahentium
763 496 850 520 mens
870 487 915 520 est
938 487 968 518 in
988 485 1033 518 se-

163 531 273 571 quenti
293 530 320 572 §.
342 541 392 572 24.
419 530 470 562 ubi
487 553 496 568 ,
520 537 555 560 ut
569 529 630 569 jam
648 538 686 561 ex
711 528 803 568 osui,
826 527 1036 571 praescribunt

164 571 313 611 modum,
340 582 433 613 quem
464 572 495 603 in
519 570 678 602 couceden
704 570 728 602 is
752 569 952 612 Repressaliis
975 569 1034 600 ser-

164 613 230 643 vari
249 614 372 645 volunt.
420 612 494 645 Post
517 621 586 643 uam
605 619 710 642 autem
732 611 931 653 Repreffaliae
949 611 1034 642 inva-

164 654 267 693 luere,
295 655 325 686 δι
353 655 419 693 hae,
442 655 471 686 &
512 661 603 685 ecuta
621 662 698 684 mox
718 653 799 686 bella
819 676 829 691 ,
861 651 927 685 sola
951 661 1036 684 nunc

165 694 237 727 i'unt
254 695 389 727 remedia
404 695 588 735 Principum
601 719 609 733 ,
634 695 688 735 qui
707 693 753 726 sui
770 695 847 735 J'uris
873 694 944 727 sunt
958 718 966 730 ,
991 694 1036 725 in-

165 735 259 777 Justas
282 737 450 769 coercendi
477 746 606 775 manus,
639 736 763 777 judiciis
788 736 872 768 enim
898 735 1034 777 experiri

168 788 233 809 non
258 777 407 818 poss‘unt,
438 779 468 810 δι
494 778 629 809 aliorum
653 777 835 819 Principum
860 777 981 818 judicio
1005 775 1037 808 se

166 818 371 860 submittere,
403 830 469 852 non
488 819 574 850 aliud
597 818 642 851 est
660 841 669 856 ,
701 828 790 850 certe
814 818 877 850 effe
901 826 1036 860 putant,

170 870 262 902 quam
277 860 475 901 Majestatem
497 860 581 892 suam
600 861 735 902 turpiter
773 859 949 892 rostituere.

214 902 420 944 Repress'alias
438 902 612 934 concedere
632 901 727 934 solius
769 902 898 943 rincipis
913 901 974 933 esse
988 901 1036 932 vi-

167 943 276 982 detur,
301 944 461 987 egreditur
474 944 558 975 enim
571 953 605 974 ea
621 953 669 976 res
685 944 858 985 legitimam
873 942 1036 984 Magistra-

169 993 219 1017 tus
240 986 447 1025 potestatem,
471 986 500 1017 ὅ(
521 984 562 1017 fic
578 995 662 1017 nunc
682 985 798 1026 ubique
814 983 972 1024 servatur,
991 993 1037 1015 et-

168 1027 231 1057 iam
249 1027 279 1057 in
300 1026 424 1065 Gallia,
448 1027 502 1059 ubi
517 1026 595 1058 olim
610 1026 870 1068 Repressaliarum
886 1026 1038 1067 diploma-

170 1076 202 1098 ta
225 1068 262 1099 ab
291 1068 360 1109 ipsis
394 1068 499 1101 Curiis
529 1068 747 1108 Superioribus
781 1067 1040 1109 impetrabantur.

171 1108 207 1140 In
231 1108 341 1151 Belgio
364 1120 461 1151 quum
488 1109 616 1151 singulae
640 1109 717 1141 olim
750 1109 852 1141 Urbes
878 1108 929 1140 sua
956 1109 1040 1140 bella

170 1150 337 1191 gesserint,
362 1151 456 1183 etiam
474 1150 602 1192 singulae
619 1150 823 1192 Repreffalias
838 1150 1039 1182 exercebant.

168 1191 282 1224 Exstat
302 1193 431 1233 antiqua
450 1192 795 1224 Amsterdammenlium
811 1193 864 1224 lex
886 1192 964 1232 (5),
981 1200 1041 1232 qua

167 1234 352 1265 continetur
372 1257 382 1272 ,
412 1234 434 1267 fi
457 1234 506 1266 cui
535 1234 599 1265 civi
624 1232 915 1265 Amsterdammenfi
951 1240 1043 1264 extra

169 1274 326 1316 Principis
361 1275 405 1307 sui
430 1275 598 1316 Imperium
623 1275 770 1306 damnum
801 1275 946 1313 daretur,
977 1273 1042 1305 five

167 1326 281 1355 manu,
305 1316 368 1348 five
393 1317 508 1355 etiam,
532 1316 618 1357 quod
642 1315 799 1347 observari
823 1316 941 1354 velim,
964 1315 1042 1355 inju-

169 1356 219 1389 sto
234 1358 372 1398 judicio,
398 1357 461 1389 five
481 1357 638 1397 querelam
655 1355 739 1388 suam
758 1356 897 1389 deferret
912 1356 949 1388 ad
970 1356 1042 1388 Ma-

168 1398 333 1440 gistratum
354 1397 711 1437 Amsterdammensem,
734 1399 787 1439 qui
805 1409 840 1430 ea
863 1399 903 1430 de
923 1408 957 1430 re
971 1396 1043 1429 scri-

168 1442 258 1472 beret
282 1440 319 1471 ad
338 1439 561 1482 Magistratum
585 1440 669 1478 loci,
699 1439 752 1472 ubi
770 1441 918 1472 damnum
934 1440 1043 1472 datum

169 1481 237 1520 est,
258 1482 288 1513 ἃ
305 1481 347 1521 fi,
372 1490 505 1524 accepto
529 1481 700 1523 responso,
723 1482 820 1514 etiam
841 1490 917 1514 tunc
940 1481 1043 1523 Magi-

168 1523 280 1556 stratus
304 1523 611 1556 Amsterdammenlis
630 1524 785 1564 judicaret
797 1548 808 1564 ,
833 1524 978 1565 injuriam
999 1523 1042 1554 ci-

169 1566 202 1596 vi
222 1564 277 1596 suo
296 1564 358 1596 ess'e
377 1564 512 1605 factam,
537 1575 573 1597 ea
598 1566 627 1596 ei
645 1565 759 1606 judicis
778 1565 968 1598 auctoritate
994 1573 1040 1595 re-

169 1605 339 1638 firmetur
359 1606 398 1638 ab
421 1607 490 1648 ipsis
510 1607 594 1640 illius
617 1607 774 1648 Principis
799 1607 930 1640 subditis
945 1629 956 1645 ,
988 1615 1040 1637 eo-

169 1657 282 1679 rumve
308 1649 418 1687 bonis,
445 1649 499 1690 qui
527 1658 640 1689 quaeve
669 1649 702 1680 in
727 1649 888 1680 territorio
910 1647 1043 1680 Amster-

168 1689 337 1721 dammenfi
354 1690 670 1731 deprehenderentur.
717 1690 774 1722 Ait
792 1690 863 1730 lex,
883 1689 948 1729 five
965 1689 1044 1731 inju-

163 1729 210 1772 sto
229 1731 364 1773 judicio,
389 1740 424 1763 ut
445 1731 486 1764 sie
509 1741 574 1763 non
599 1731 734 1763 sufficiat
760 1732 808 1772 J'us
831 1731 962 1770 dixisse,
986 1730 1042 1762 nifi

169 1772 256 1804 refte
272 1772 393 1804 dicatur
404 1795 414 1811 ,
435 1773 474 1804 de
489 1783 552 1814 quo
569 1772 632 1814 ipse
647 1773 852 1814 Magistratus
869 1774 1041 1814 judicaret,

170 1824 240 1845 nam
266 1814 400 1845 aliorum
423 1814 544 1855 judicio
568 1824 603 1846 ca
626 1825 673 1847 res
699 1815 841 1847 submitti
863 1824 927 1847 non
948 1813 1040 1846 solet.

170 1855 264 1887 Paua
284 1854 441 1888 Gentium
465 1855 649 1896 simpliciter
669 1856 756 1896 ajunt
769 1879 780 1895 ,
803 1866 869 1888 non
891 1856 953 1888 esse
969 1855 1043 1888 dan-

172 1896 226 1928 das
242 1896 446 1937 Reprell'alias
469 1897 525 1929 nili
548 1899 580 1929 ob
597 1898 773 1940 denegatam
794 1896 964 1941 justitiam,
991 1896 1043 1929 sed

173 1939 203 1970 dc
223 1937 374 1978 justitiam
398 1939 542 1980 denegari
565 1939 746 1980 Principes,
775 1949 909 1980 quorum
938 1949 975 1970 ea
998 1948 1046 1971 res

171 1978 243 2016 est,
270 1978 367 2011 facile
389 1980 698 2021 interpretabuntur,
722 1981 744 2013 fi
768 1990 929 2022 perperam
946 1979 1046 2011 fuerit

172 2021 345 2061 judicatum
363 2045 373 2059 ‚
403 2022 432 2053 ὃς
458 2031 622 2062 perperam
646 2022 822 2062 judicatum
853 2021 1045 2061 censebunt,

174 2062 324 2102 quicquid
343 2061 396 2093 fibi
417 2072 481 2094 non
503 2064 620 2103 placet.
668 2063 792 2095 Interea
811 2064 926 2101 vides,
947 2072 1046 2094 meras

174 2102 236 2134 effe
253 2102 476 2143 Reprcffalias,
499 2114 573 2144 quas
593 2104 646 2135 lex
661 2103 970 2136 Amsterdammenfis
992 2103 1044 2134 cle-

175 2143 298 2176 scribit.
344 2143 458 2185 Reperi
480 2145 510 2176 δε
529 2145 588 2176 alia
604 2146 769 2185 complura
785 2145 1045 2186 Repreffaliarum

175 2185 341 2226 exempla,
365 2185 402 2216 ab
423 2185 562 2218 Urbibus
586 2186 616 2218 &
633 2186 766 2227 Oppidis
786 2187 937 2220 exercita.
984 2186 1046 2218 Sed

175 2225 306 2267 vestigia
324 2226 392 2257 haec
412 2226 483 2258 sunt
498 2227 634 2267 antiquae
659 2227 894 2260 Hollandorum
919 2227 1045 2259 liberta-

177 2269 235 2306 tis,
260 2268 384 2309 quando
404 2278 536 2310 quaeque
554 2268 709 2300 Ordinum
730 2269 869 2301 membra
887 2269 985 2310 magis
1000 2268 1047 2300 sui

176 2310 255 2349 juris
272 2317 378 2348 erant,
404 2319 494 2350 quam
524 2319 608 2342 nunc
632 2310 687 2352 ipsi
708 2310 862 2343 Ordines:
886 2310 941 2352 ipfi
963 2310 1047 2342 enirn

178 2351 315 2383 Ordines
335 2349 522 2391 singularum
548 2351 808 2391 provinciarum,
833 2351 978 2393 quamvis
1001 2349 1048 2382 sui

179 2393 256 2432 juris
270 2392 384 2432 quique
394 2416 402 2431 ,
414 2393 509 2424 etiam
519 2393 588 2433 post
598 2392 713 2425 Foedus
724 2393 954 2425 Utrechtanum
963 2415 974 2431 ,
984 2402 1049 2424 non

182 2443 287 2464 tamen
305 2434 492 2474 generaliter
512 2436 541 2465 dt
557 2433 735 2475 promiscue
757 2434 961 2475 Repressalias
976 2434 1049 2465 dare

182 2474 323 2516 poss'uut.
337 2473 424 2519 Quin
438 2475 528 2507 nullo
546 2476 637 2516 plane
653 2475 749 2507 modo
760 2475 833 2507 dare
846 2475 933 2516 poss'e
945 2499 955 2515 ,
965 2474 1051 2507 forte

179 2516 250 2556 quis
267 2516 480 2556 dixerit,quia
497 2516 568 2548 sunt
586 2517 659 2549 belli
676 2517 817 2558 quaedam
831 2517 965 2558 species,
984 2516 1050 2548 bel-

181 2557 203 2588 li
221 2565 325 2588 autem
339 2557 534 2588 occasionem
553 2558 693 2597 praebere
704 2558 819 2591 exteris
834 2558 1051 2599 Principibus,

185 2597 314 2638 singulis
339 2597 518 2629 Provinciis
540 2599 729 2630 nominatim
751 2600 915 2634 interdixit
945 2599 973 2641 §.
1002 2609 1051 2640 17.-

906 83 1016 113 vAN

758 2689 1120 2725 CAPUT

1077 70 1691 111 BYNKERSHOEK

1075 153 1105 186 d.
1127 152 1215 185 Foed.

1118 195 1291 234 Attamen,
1313 193 1332 227 fi
1351 204 1401 227 me
1415 195 1521 228 audias
1533 218 1544 234 ‚
1566 206 1605 229 eo
1624 195 1714 236 casu,
1739 206 1802 239 quo
1818 197 1946 242 fingulae'

1076 236 1255 268 Provinciae
1279 237 1362 269 reue
1381 237 1497 269 bellum
1521 247 1653 278 gerunt,
1677 239 1772 270 etiam
1788 242 1871 274 recte
1885 243 1943 275 Re-

1076 278 1232 320 preffalias
1251 278 1454 317 concedunt,
1484 279 1514 310 ἃ
1538 289 1661 311 contra.
1706 280 1826 313 Pendet
1847 284 1942 324 igitur

1077 319 1109 351 id
1125 319 1163 351 ab
1179 328 1219 350 eo
1233 320 1303 360 jure
1316 342 1326 357 ,
1347 320 1386 351 de
1402 329 1466 361 quo
1486 320 1588 360 Capite
1602 323 1734 361 proximo
1754 325 1879 363 prolixe
1897 326 1941 357 di.

1078 360 1249 401 sputabam.
1295 361 1377 407 Quce
1397 361 1440 392 ibi
1462 361 1549 400 dixi,
1573 362 1625 393 hic
1646 372 1711 394 non
1736 373 1866 406 repeto,
1891 366 1943 400 sed

1078 402 1100 435 fi
1120 401 1187 447 liaec
1214 402 1251 433 ad
1271 402 1474 443 Repressalias
1502 403 1670 435 transferre
1697 414 1759 436 non
1786 409 1943 450 graveris,

1078 441 1151 476 satis
1167 452 1311 489 apparet,
1339 454 1445 475 earum
1462 444 1511 484 jus
1536 454 1600 477 non
1621 445 1682 476 css'e
1702 455 1795 486 penes
1817 449 1945 491 singulas
1996 445 1997 452 ¹

1078 484 1262 516 Provmcras
1289 485 1321 516 in
1346 485 1436 517 causa
1462 488 1622 518 communi
1645 486 1801 520 Foedcrati
1822 490 1943 532 Belgii,

1078 535 1179 566 neque
1194 526 1277 557 enim
1299 534 1374 557 tunc
1392 527 1468 558 licet
1488 537 1636 560 exercere
1647 551 1657 567 ,
1681 528 1737 560 nifi
1747 538 1856 563 omnes
1868 532 1941 564 Pro·
1989 554 1992 559 -

1077 567 1194 599 vinciae
1213 566 1438 599 consenserint.

1078 608 1256 640 Provinciae
1277 609 1308 640 in
1329 608 1418 640 causa
1440 608 1510 650 sua,
1535 611 1708 643 dummodo
1725 611 1803 651 justa
1825 612 1881 654 sit,
1900 624 1951 653 res

1079 649 1128 681 cte
1143 658 1331 689 exerceant,
1359 659 1420 681 nec
1443 652 1615 691 rationem,
1646 662 1706 685 nec
1728 654 1945 690 auctoritatem

1079 691 1167 722 novi.
1213 690 1292 722 Belli
1311 690 1432 723 causam
1449 701 1513 725 non
1529 695 1667 734 praebet,
1687 694 1740 736 qui
1765 695 1951 731 nolentibus*
1998 701 1999 723 l

1081 732 1196 764 ceteris
1214 754 1226 770 ,
1257 732 1425 772 injuriam,
1463 734 1586 767 civibus
1614 735 1676 768 suis
1703 736 1824 768 illatam
1842 759 1854 776 ‚
1883 738 1950 780 ipse*

1484 569 1665 615 Quominus
1687 577 1789 602 autem
1819 571 1944 614 singulae
1989 568 1991 578 ²

1990 592 1992 605 s

1998 662 1999 698 l

1998 744 2000 771 r

1079 774 1231 806 vindicat.
1275 774 1413 815 Singulis
1437 774 1614 808 Provinciis
1636 778 1668 809 id
1686 779 1735 818 'Jus
1760 777 1822 809 esse
1848 779 1951 812 adenis
1998 781 1999 795 ¹

1077 824 1189 862 ptum,
1214 824 1342 857 quaere,
1376 823 1528 857 quantum
1551 825 1666 859 potes,
1690 818 1740 850 sed
1766 828 1831 851 non
1861 821 1951 853 inve-¹
1998 816 2000 821 ’

1079 867 1157 889 mes.

1124 899 1173 932 Ex
1189 898 1237 945 his
1252 909 1337 932 nunc
1353 900 1533 942 intelliges,
1555 898 1668 943 injuste
1693 903 1771 935 olim
1795 903 1958 942 Zelandosr

1082 940 1296 981 contendisse,
1320 940 1351 973 se
1369 951 1427 983 pro
1446 942 1536 974 causa
1563 944 1746 983 communi,
1767 945 1879 977 invitis
1903 955 1953 978 εκ

1082 983 1143 1029 iam
1159 981 1228 1014 aliis
1243 981 1268 1014 F
1269 983 1436 1023 (ederatis,
1460 984 1665 1025 Repressalias
1681 985 1754 1017 dare
1769 985 1855 1027 poffe
1873 987 1959 1029 (6)·,⁹

1084 1022 1304 1069 injuste-etlam
1322 1024 1448 1056 eosdem
1471 1026 1629 1058 Zelandos
1655 1025 1748 1058 fuiss'e
1768 1028 1956 1068 minitatos„

1084 1065 1106 1097 si
1128 1065 1261 1096 Ordines
1278 1064 1450 1098 Generales
1474 1067 1682 1108 Repreffalias
1707 1078 1819 1110 negare
1843 1079 1953 1112 perge-

1084 1114 1156 1138 rent
1170 1105 1365 1139 Americanae
1381 1107 1536 1140 Societati
1554 1109 1700 1140 adversus
1718 1109 1884 1151 Lysitanos
1898 1134 1909 1150 ‚
1922 1111 1958 1143 se

1086 1147 1148 1179 esse
1166 1147 1295 1180 daturos
1316 1148 1383 1190 (7).
1431 1149 1520 1181 Adde
1538 1151 1663 1182 tertium
1682 1151 1890 1184 Zelanuoruiii
1907 1154 1954 1185 in-

1086 1189 1196 1230 juriam
1217 1189 1248 1219 in
1269 1190 1325 1220 hac
1343 1189 1451 1221 causa:
1473 1190 1553 1223 Cum
1570 1191 1650 1232 saepe
1663 1192 1797 1225 Ordines
1813 1193 1912 1226 Gerre.
1921 1204 1954 1225 aa

1086 1233 1132 1263 les
1171 1229 1498 1272 Middelburgensibus
1533 1233 1717 1273 quibusdam
1749 1233 1954 1275 Repress'arias

1086 1270 1245 1313 negass‘ent
1270 1280 1383 1302 contra
1410 1272 1614 1311 Bremenses,
1645 1275 1717 1314 quia
1737 1274 1788 1315 ipsi
1813 1276 1951 1308 Middcl-

1086 1311 1255 1354 burgenses
1283 1311 1336 1344 sua
1358 1312 1494 1353 ipsorum
1520 1323 1606 1345 mora
1630 1314 1742 1353 litem,
1777 1317 1856 1357 apud
1882 1318 1961 1349 Bre-·

1086 1353 1206 1387 menses
1223 1354 1432 1394 pendentem,
1457 1354 1638 1393 trahebant,
1655 1364 1687 1387 at
1711 1365 1749 1387 ue
1767 1357 1810 1388 ita
1825 1357 1956 1398 Repres-

1086 1396 1169 1428 saliis
1187 1396 1277 1428 locus
1303 1396 1442 1428 nondum
1468 1397 1550 1428 ullus
1576 1403 1660 1436 erat,
1685 1397 1695 1406 ⁷
1713 1397 1845 1430 elandiae
1865 1399 1958 1431 Ordi-

1086 1448 1142 1470 nes
1161 1447 1211 1470 21.
1235 1438 1337 1470 Mart.
1365 1441 1454 1478 1659.
1487 1438 1715 1478 decreverunt,
1743 1439 1848 1472 denuo
1868 1446 1964 1482 urge-'

1086 1488 1173 1511 retur
1189 1479 1269 1521 apud
1289 1479 1425 1511 Ordines
1443 1478 1634 1519 Geneiales,
1659 1480 1863 1522 Repreffalias
1887 1483 1962 1514 dare

1087 1521 1229 1560 vellent,
1254 1530 1290 1551 en
1318 1522 1369 1553 dat
1393 1523 1430 1562 by
1453 1521 1581 1562 provifie
1608 1522 1740 1554 verleent
1759 1525 1850 1554 wien
1867 1521 1960 1565 arreffi

1088 1565 1121 1594 in
1147 1564 1181 1594 de
1210 1562 1374 1595 Provincia
1396 1573 1458 1594 ‘van
1482 1562 1615 1596 Zeeland
1639 1570 1673 1605 op
1691 1564 1722 1595 al
1740 1566 1792 1596 dat
1817 1568 1890 1597 daur
1908 1575 1958 1609 ge-

1087 1605 1203 1635 vonden
1230 1605 1344 1644 wierd,
1369 1606 1565 1637 aankomende
1591 1607 1637 1637 die
1663 1616 1724 1638 van
1743 1606 1867 1638 Bremen
1886 1607 1958 1649 (8).

1087 1646 1185 1690 Quod
1204 1645 1369 1678 decretum
1387 1647 1507 1688 duplici
1528 1647 1619 1679 causa
1645 1646 1723 1679 mihi
1750 1647 1875 1680 videtur
1898 1650 1956 1681 ini-

1110 1697 1201 1728 uum,
1226 1687 1341 1727 altera,
1367 1689 1452 1729 quod
1476 1698 1517 1720 ex
1534 1689 1687 1722 sententia
1703 1688 1807 1722 Curiae
1823 1688 1958 1725 Hollan-

1086 1698 1166 1762 {iicae
1198 1729 1254 1771 ipfi
1285 1730 1580 1773 Middelburgenses
1616 1731 1877 1771 litem,‡Bremae
1909 1732 1957 1764 in-

1087 1772 1232 1803 choatam
1252 1771 1316 1810 ibi,
1346 1779 1382 1803 ut
1398 1772 1485 1811 dixi,
1517 1780 1694 1812 traxerant,
1723 1773 1839 1810 altera,
1870 1773 1957 1814 quod

1086 1812 1267 1846 Bremenses
1286 1822 1350 1845 non
1374 1821 1495 1845 tantum
1523 1824 1586 1846 non
1610 1824 1650 1846 ne
1673 1813 1770 1847 assent
1785 1813 1955 1854 iustitiam,

1087 1853 1140 1886 sed
1159 1854 1254 1886 etiam
1274 1854 1386 1886 deinde
1406 1854 1573 1888 secundum
1593 1856 1643 1888 Mi
1667 1855 1883 1897 delburgenscs
1908 1857 1957 1896 jus

1086 1895 1256 1935 dixissent‚
1295 1896 1505 1936 adversariis,
1545 1898 1625 1929 citra
1657 1898 1780 1939 culpam
1811 1897 1957 1930 Bremen-

1088 1937 1165 1970 fium
1182 1961 1192 1977 ‚
1226 1936 1263 1969 ad
1300 1938 1458 1970 Cameram
1496 1937 1674 1980 Spirensem
1710 1939 1953 1979 appellantibus.

1088 1978 1242 2011 Hollandi
1267 1979 1362 2010 etiam
1385 1989 1468 2011 anno
1496 1983 1586 2020 1665.
1611 1978 1732 2011 causam
1756 1988 1958 2011 communem

1089 2019 1147 2052 soli
1173 2019 1372 2051 vindicarunt
1405 2021 1592 2052 auctoritate
1612 2019 1689 2059 sua,
1720 2019 1763 2052 ob
1793 2019 1958 2060 injuriam,

1089 2061 1262 2094 Ordinibus
1276 2059 1482 2093 Generalibus
1502 2062 1619 2102 magis,
1643 2071 1736 2102 quam
1757 2060 1810 2093 fibi
1828 2060 1956 2093 fastam.

1089 2102 1184 2143 Angli
1209 2102 1351 2134 Scribam
1373 2101 1484 2144 Legati
1515 2102 1672 2134 Ordinum
1699 2101 1900 2135 Generalium
1923 2103 1958 2135 in

1089 2143 1203 2185 Anglia
1221 2143 1251 2174 in
1263 2152 1420 2175 carcerem
1440 2143 1652 2184 conjecerant.
1684 2143 1837 2175 Hollandi
1853 2165 1864 2182 ,
1887 2143 1958 2184 jure

1088 2184 1289 2223 retorfionis,
1319 2185 1458 2217 Scribam
1480 2193 1603 2226 quoque
1637 2184 1748 2226 Legati
1775 2184 1903 2226 Anglici
1928 2195 1960 2216 aa

1089 2227 1154 2269 pud
1172 2226 1308 2258 Ordines
1326 2225 1497 2258 Gener-ales
1514 2226 1546 2257 in
1566 2225 1697 2267 publico
1722 2225 1959 2267 apprehendunt:

1092 2269 1123 2300 &
1140 2267 1257 2299 carceri
1278 2268 1458 2308 mancipant
1473 2266 1544 2308 (9).
1588 2266 1654 2298 Alii
1673 2267 1805 2300 aliarum
1825 2267 1961 2299 Proviw

1091 2310 1209 2341 ciarum
1228 2308 1382 2348 Ordines,
1408 2309 1438 2340 δι
1452 2318 1523 2340 cum
1547 2308 1684 2340 maxime
1705 2307 1854 2347 Zelandi,
1879 2307 1962 2340 Hol-

1093 2350 1192 2383 landis
1214 2358 1381 2391 propterea
1397 2349 1570 2391 indignati,
1593 2348 1871 2390 ajebant,fingulis
1880 2347 1956 2379 Pro-

1091 2392 1207 2423 vinciis
1219 2392 1268 2432 jus
1284 2390 1331 2423 fas
1347 2401 1411 2424 non
1431 2391 1490 2423 ess'e
1504 2391 1675 2423 decernere
1689 2391 1729 2422 de
1748 2389 1856 2435 injuria
1868 2411 1878 2427 ,
1898 2389 1958 2433 Or-

1092 2433 1218 2465 dinibus
1239 2431 1446 2465 Generalibus
1464 2431 1564 2472 facta,
1588 2433 1618 2464 id
1644 2441 1682 2463 ue
1702 2430 1771 2472 ipfis
1799 2429 1957 2461 inconIul-

1095 2475 1155 2514 tis,
1177 2475 1206 2506 ἀ
1223 2483 1287 2505 non
1309 2473 1586 2506 consentientibus.
1622 2442 1674 2504 th
1692 2472 1732 2504 fic
1747 2479 1872 2512 quoque
1893 2469 1959 2511 ipse

1094 2517 1258 2557 putarem,
1291 2516 1408 2548 vellem
1436 2515 1555 2552 modo,
1578 2512 1732 2546 Zelandos
1764 2521 1850 2558 meos
1883 2518 1958 2543 tunc

1095 2567 1160 2589 non
1187 2555 1280 2588 fuiss‘e
1299 2557 1498 2589 immemores
1522 2563 1651 2590 eorum,
1682 2562 1751 2594 quae
1778 2563 1811 2585 ¹11
1833 2561 1958 2584 contra-

1094 2599 1171 2630 riam
1188 2597 1374 2630 sententiam
1391 2596 1445 2638 ipfi
1462 2604 1552 2628 antea
1567 2593 1782 2626 defenderant.

1217 2687 1382 2723 XXV.

872 2767 909 2804 V
903 2770 982 2804 ariae
1007 2769 1266 2819 Qgraestiunculae.

185 2858 209 2891 1³.
321 2866 394 2890 uum
420 2856 555 2889 Ordines
579 2854 748 2887 Generalcs
769 2853 994 2897 promisissent,
1019 2854 1049 2886 se

344 2899 460 2930 milites
477 2897 547 2930 suos
560 2897 800 2929 essedimissuros
817 2906 855 2930 ex
871 2895 953 2927 Arce
964 2896 1050 2928 [Δεν-

341 2945 418 2978 οονῑ,
443 2950 512 2980 quae
539 2938 584 2971 cst
599 2939 631 2970 in
646 2937 861 2976 Oost-Frifia,
881 2946 943 2969 non
960 2938 1050 2968 dimi-

185 2982 271 3023 sere,
296 2983 347 3016 scd
365 2982 480 3013 Arcem
500 2988 629 3012 tenuere
653 2988 861 3021 occupatam,
885 2978 943 3009 hac
969 2977 1050 3010 scili-

232 3065 290 3101 (5)
310 3062 480 3100 Handvesten
499 3072 552 3092 van
574 3062 748 3100 Amslerdam-
763 3066 843 3098 1663.
864 3071 893 3100 p.
911 3064 976 3098 283.

225 3103 285 3140 (6)
308 3103 391 3139 Apud
415 3104 543 3130 Aitzeina
565 3103 599 3131 L.
616 3103 705 3131 XLII.
726 3111 754 3140 p.
770 3110 836 3137 455.

226 3142 286 3177 (7)
312 3142 393 3177 Apud
415 3142 537 3168 eundem
558 3141 592 3169 L.
608 3142 714 3171 XXIX.
737 3149 764 3177 p.
778 3148 841 3174 717.

224 3180 284 3216 (8)
307 3179 417 3208 I’rolixe
432 3179 490 3208 haec
507 3179 568 3208 sunt
584 3181 659 3217 apud
675 3179 795 3209 eundem
809 3178 844 3210 L.
855 3178 916 3210 XL.
930 3180 1050 3217 p21083.

1091 2864 1144 2888 cet
1164 2855 1304 2892 ratione,
1328 2862 1368 2884 ne
1386 2851 1516 2894 Hispani
1535 2862 1601 2885 eam
1621 2852 1822 2892 invaderent,
1842 2854 1957 2887 &con-

1094 2907 1141 2929 tra
1162 2896 1193 2928 se
1218 2902 1391 2927 uterentur.
1437 2894 1546 2934 Male,
1570 2895 1600 2926 &
1622 2903 1733 2926 contra
1748 2894 1893 2927 Mauritii
1913 2896 1956 2928 O-

1093 2937 1189 2979 rangii
1203 2960 1213 2975 ,
1237 2934 1439 2968 Oost-Frifiis
1458 2937 1582 2977 quidem
1599 2945 1705 2977 parum
1719 2935 1831 2975 amici,
1856 2937 1885 2968 in
1900 2937 1957 2968 hac

1095 2988 1198 3011 tamen
1217 2977 1307 3010 causa
1327 2976 1476 3015 animost,
1493 2977 1688 3009 sententiam.
1722 2976 1827 3009 Etiam
1851 2977 1882 3009 id
1901 2979 1956 3009 im-

1895 3028 1956 3050 iro-

1093 3061 1120 3091 &
1141 3061 1176 3090 L.
1191 3061 1280 3090 XLII.
1301 3069 1329 3097 p.
1347 3062 1412 3094 278.
1886 3028 1896 3060 ι

1131 3099 1191 3137 (9)
1211 3098 1296 3137 Apud
1312 3099 1441 3132 Aitzeina
1461 3098 1598 3130 L.XLV.
1620 3107 1743 3137 P·10¹7-
1760 3098 1786 3128 δε
1806 3098 1954 3129 L.XI.VI.

1092 3147 1120 3179 p.
1139 3141 1204 3175 167.
