<?xml version="1.0" encoding="UTF-8"?>
<!DOCTYPE html PUBLIC "-//W3C//DTD XHTML 1.0 Transitional//EN"
    "http://www.w3.org/TR/xhtml1/DTD/xhtml1-transitional.dtd">
<html xmlns="http://www.w3.org/1999/xhtml" xml:lang="en" lang="en">
 <head>
  <title>
</title>
<meta http-equiv="Content-Type" content="text/html;charset=utf-8" />
  <meta name='ocr-system' content='tesseract 3.04.00' />
  <meta name='ocr-capabilities' content='ocr_page ocr_carea ocr_par ocr_line ocrx_word'/>
</head>
<body>
  <div class='ocr_page' id='page_1' title='image "./corneliivanbynke00bijn_0686.png"; bbox 0 0 2008 3436; ppageno 0'>
   <div class='ocr_carea' id='block_1_1' title="bbox 190 110 1062 763">
    <p class='ocr_par' dir='ltr' id='par_1_1' title="bbox 190 110 1062 763">
     <span class='ocr_line' id='line_1_1' title="bbox 191 110 824 150; baseline 0 -4"><span class='ocrx_word' id='word_1_1' title='bbox 191 115 258 150; x_wconf 80' lang='lat'><strong>208</strong></span> <span class='ocrx_word' id='word_1_2' title='bbox 426 111 453 148; x_wconf 94' lang='lat' dir='ltr'>C</span> <span class='ocrx_word' id='word_1_3' title='bbox 478 110 511 147; x_wconf 95' lang='lat' dir='ltr'>O</span> <span class='ocrx_word' id='word_1_4' title='bbox 535 110 570 147; x_wconf 81' lang='lat' dir='ltr'>R</span> <span class='ocrx_word' id='word_1_5' title='bbox 596 110 636 148; x_wconf 91' lang='lat' dir='ltr'>N</span> <span class='ocrx_word' id='word_1_6' title='bbox 659 110 689 147; x_wconf 86' lang='lat' dir='ltr'>E</span> <span class='ocrx_word' id='word_1_7' title='bbox 714 111 744 147; x_wconf 96' lang='lat' dir='ltr'>L</span> <span class='ocrx_word' id='word_1_8' title='bbox 767 110 783 146; x_wconf 95' lang='lat'>1</span> <span class='ocrx_word' id='word_1_9' title='bbox 807 110 824 146; x_wconf 82' lang='grc' dir='ltr'>Ι</span> 
     </span>
     <span class='ocr_line' id='line_1_2' title="bbox 190 188 1061 233; baseline -0.001 -12"><span class='ocrx_word' id='word_1_10' title='bbox 190 188 305 231; x_wconf 79' lang='lat' dir='ltr'><strong>stingui</strong></span> <span class='ocrx_word' id='word_1_11' title='bbox 327 214 336 229; x_wconf 88' lang='lat'>‚</span> <span class='ocrx_word' id='word_1_12' title='bbox 377 191 498 224; x_wconf 87' lang='lat' dir='ltr'><strong>videtur</strong></span> <span class='ocrx_word' id='word_1_13' title='bbox 523 191 608 233; x_wconf 86' lang='lat' dir='ltr'><strong>posse</strong></span> <span class='ocrx_word' id='word_1_14' title='bbox 623 203 635 230; x_wconf 55' lang='grc' dir='ltr'><strong>,ε</strong></span> <span class='ocrx_word' id='word_1_15' title='bbox 686 201 785 232; x_wconf 89' lang='lat' dir='ltr'><strong>neque</strong></span> <span class='ocrx_word' id='word_1_16' title='bbox 820 198 925 224; x_wconf 84' lang='lat' dir='ltr'><strong>tamen</strong></span> <span class='ocrx_word' id='word_1_17' title='bbox 965 191 997 222; x_wconf 90' lang='lat' dir='ltr'><strong>in</strong></span> <span class='ocrx_word' id='word_1_18' title='bbox 1032 200 1061 220; x_wconf 89' lang='lat' dir='ltr'><strong>c-</strong></span> 
     </span>
     <span class='ocr_line' id='line_1_3' title="bbox 192 230 1061 273; baseline 0 -11"><span class='ocrx_word' id='word_1_19' title='bbox 192 231 323 269; x_wconf 74' lang='lat' dir='ltr'><strong>jusmodi</strong></span> <span class='ocrx_word' id='word_1_20' title='bbox 353 232 574 273; x_wconf 86' lang='lat' dir='ltr'><strong>quaestio&#39;nibus</strong></span> <span class='ocrx_word' id='word_1_21' title='bbox 606 234 703 265; x_wconf 88' lang='lat' dir='ltr'><strong>ullam</strong></span> <span class='ocrx_word' id='word_1_22' title='bbox 730 233 820 272; x_wconf 68' lang='lat' dir='ltr'><strong>huius</strong></span> <span class='ocrx_word' id='word_1_23' title='bbox 851 230 1061 263; x_wconf 65' lang='lat' dir='ltr'><strong>distinctionis</strong></span> 
     </span>
     <span class='ocr_line' id='line_1_4' title="bbox 192 273 1059 313; baseline -0.001 -9"><span class='ocrx_word' id='word_1_24' title='bbox 192 273 390 306; x_wconf 86' lang='lat' dir='ltr'><strong>mentionem</strong></span> <span class='ocrx_word' id='word_1_25' title='bbox 423 273 537 307; x_wconf 67' lang='lat' dir='ltr'><strong>factam</strong></span> <span class='ocrx_word' id='word_1_26' title='bbox 571 274 667 305; x_wconf 90' lang='lat' dir='ltr'><strong>video</strong></span> <span class='ocrx_word' id='word_1_27' title='bbox 688 297 697 311; x_wconf 91' lang='lat'><strong>‚</strong></span> <span class='ocrx_word' id='word_1_28' title='bbox 731 273 785 304; x_wconf 76' lang='lat' dir='ltr'><strong>vel</strong></span> <span class='ocrx_word' id='word_1_29' title='bbox 814 273 894 313; x_wconf 84' lang='lat' dir='ltr'><strong>apud</strong></span> <span class='ocrx_word' id='word_1_30' title='bbox 922 273 1059 312; x_wconf 92' lang='lat' dir='ltr'><strong>Scripto-</strong></span> 
     </span>
     <span class='ocr_line' id='line_1_5' title="bbox 194 313 1059 355; baseline 0.002 -12"><span class='ocrx_word' id='word_1_31' title='bbox 194 322 245 344; x_wconf 81' lang='lat' dir='ltr'><strong>res</strong></span> <span class='ocrx_word' id='word_1_32' title='bbox 267 313 345 353; x_wconf 86' lang='lat' dir='ltr'><strong>Juris</strong></span> <span class='ocrx_word' id='word_1_33' title='bbox 371 315 488 354; x_wconf 84' lang='lat' dir='ltr'>publici</span> <span class='ocrx_word' id='word_1_34' title='bbox 509 339 519 353; x_wconf 96' lang='lat'><em>‚</em></span> <span class='ocrx_word' id='word_1_35' title='bbox 553 315 606 346; x_wconf 89' lang='lat' dir='ltr'><strong>vel</strong></span> <span class='ocrx_word' id='word_1_36' title='bbox 629 315 709 355; x_wconf 88' lang='lat' dir='ltr'><strong>apud</strong></span> <span class='ocrx_word' id='word_1_37' title='bbox 730 313 849 346; x_wconf 79' lang='lat' dir='ltr'><strong>Gentes</strong></span> <span class='ocrx_word' id='word_1_38' title='bbox 872 313 1059 354; x_wconf 55' lang='lat' dir='ltr'><strong>Euromas,</strong></span> 
     </span>
     <span class='ocr_line' id='line_1_6' title="bbox 193 353 1060 398; baseline -0.001 -13"><span class='ocrx_word' id='word_1_39' title='bbox 193 353 218 398; x_wconf 89' lang='lat' dir='ltr'><strong>s¹.</strong></span> <span class='ocrx_word' id='word_1_40' title='bbox 231 354 342 395; x_wconf 67' lang='lat' dir='ltr'><strong>Belgas</strong></span> <span class='ocrx_word' id='word_1_41' title='bbox 367 355 550 388; x_wconf 87' lang='lat' dir='ltr'><strong>Foederatos</strong></span> <span class='ocrx_word' id='word_1_42' title='bbox 574 356 721 396; x_wconf 82' lang='lat' dir='ltr'>excipias.</span> <span class='ocrx_word' id='word_1_43' title='bbox 768 354 988 387; x_wconf 82' lang='lat' dir='ltr'><strong>Nihilominus</strong></span> <span class='ocrx_word' id='word_1_44' title='bbox 1016 363 1060 385; x_wconf 90' lang='lat' dir='ltr'><strong>ra-</strong></span> 
     </span>
     <span class='ocr_line' id='line_1_7' title="bbox 194 396 1060 435; baseline 0.001 -10"><span class='ocrx_word' id='word_1_45' title='bbox 194 403 242 426; x_wconf 80' lang='lat' dir='ltr'><strong>tio</strong></span> <span class='ocrx_word' id='word_1_46' title='bbox 271 396 350 428; x_wconf 85' lang='lat' dir='ltr'><strong>banc</strong></span> <span class='ocrx_word' id='word_1_47' title='bbox 377 396 610 429; x_wconf 70' lang='lat' dir='ltr'><strong>distinftionem</strong></span> <span class='ocrx_word' id='word_1_48' title='bbox 635 396 740 428; x_wconf 85' lang='lat' dir='ltr'>suadet</span> <span class='ocrx_word' id='word_1_49' title='bbox 763 396 793 427; x_wconf 87' lang='lat'>&amp;</span> <span class='ocrx_word' id='word_1_50' title='bbox 815 396 947 435; x_wconf 86' lang='lat' dir='ltr'><strong>imperat</strong></span> <span class='ocrx_word' id='word_1_51' title='bbox 965 418 975 433; x_wconf 88' lang='lat'>‚</span> <span class='ocrx_word' id='word_1_52' title='bbox 1001 404 1060 426; x_wconf 90' lang='lat' dir='ltr'><strong>nec</strong></span> 
     </span>
     <span class='ocr_line' id='line_1_8' title="bbox 193 435 1062 476; baseline 0 -10"><span class='ocrx_word' id='word_1_53' title='bbox 193 435 232 467; x_wconf 90' lang='lat' dir='ltr'><strong>ab</strong></span> <span class='ocrx_word' id='word_1_54' title='bbox 250 446 286 468; x_wconf 89' lang='lat' dir='ltr'><strong>ea</strong></span> <span class='ocrx_word' id='word_1_55' title='bbox 302 438 420 473; x_wconf 54' lang='lat' dir='ltr'><strong>alienus</strong></span> <span class='ocrx_word' id='word_1_56' title='bbox 442 437 488 469; x_wconf 87' lang='lat' dir='ltr'><strong>est</strong></span> <span class='ocrx_word' id='word_1_57' title='bbox 507 437 575 470; x_wconf 87' lang='lat' dir='ltr'><strong>usus</strong></span> <span class='ocrx_word' id='word_1_58' title='bbox 598 438 630 469; x_wconf 90' lang='lat' dir='ltr'><strong>in</strong></span> <span class='ocrx_word' id='word_1_59' title='bbox 653 437 721 469; x_wconf 82' lang='lat' dir='ltr'><strong>aliis</strong></span> <span class='ocrx_word' id='word_1_60' title='bbox 737 436 814 476; x_wconf 84' lang='lat' dir='ltr'><strong>juris</strong></span> <span class='ocrx_word' id='word_1_61' title='bbox 832 436 984 468; x_wconf 82' lang='lat' dir='ltr'><strong>articulis.</strong></span> <span class='ocrx_word' id='word_1_62' title='bbox 1030 436 1062 467; x_wconf 93' lang='lat' dir='ltr'><strong>Si</strong></span> 
     </span>
     <span class='ocr_line' id='line_1_9' title="bbox 198 476 1062 520; baseline -0.001 -12"><span class='ocrx_word' id='word_1_63' title='bbox 198 476 280 509; x_wconf 88' lang='lat' dir='ltr'><strong>hanc</strong></span> <span class='ocrx_word' id='word_1_64' title='bbox 297 478 479 520; x_wconf 83' lang='lat' dir='ltr'><strong>sequamur,</strong></span> <span class='ocrx_word' id='word_1_65' title='bbox 506 479 602 510; x_wconf 88' lang='lat' dir='ltr'><strong>etiam</strong></span> <span class='ocrx_word' id='word_1_66' title='bbox 620 478 659 509; x_wconf 90' lang='lat' dir='ltr'><strong>de</strong></span> <span class='ocrx_word' id='word_1_67' title='bbox 677 478 772 518; x_wconf 88' lang='lat' dir='ltr'><strong>plano</strong></span> <span class='ocrx_word' id='word_1_68' title='bbox 804 476 991 509; x_wconf 83' lang='lat' dir='ltr'><strong>sententiam</strong></span> <span class='ocrx_word' id='word_1_69' title='bbox 1017 476 1062 508; x_wconf 90' lang='lat' dir='ltr'><strong>di-</strong></span> 
     </span>
     <span class='ocr_line' id='line_1_10' title="bbox 194 516 1061 558; baseline -0.001 -9"><span class='ocrx_word' id='word_1_70' title='bbox 194 527 300 551; x_wconf 86' lang='lat' dir='ltr'><strong>cemus</strong></span> <span class='ocrx_word' id='word_1_71' title='bbox 308 520 346 550; x_wconf 90' lang='lat' dir='ltr'><strong>de</strong></span> <span class='ocrx_word' id='word_1_72' title='bbox 356 520 418 552; x_wconf 90' lang='lat' dir='ltr'><strong>hoc</strong></span> <span class='ocrx_word' id='word_1_73' title='bbox 434 519 520 551; x_wconf 58' lang='lat' dir='ltr'><strong>facto</strong></span> <span class='ocrx_word' id='word_1_74' title='bbox 531 530 538 551; x_wconf 92' lang='lat'>:</span> <span class='ocrx_word' id='word_1_75' title='bbox 550 519 632 551; x_wconf 88' lang='lat' dir='ltr'><strong>Cum</strong></span> <span class='ocrx_word' id='word_1_76' title='bbox 645 518 734 551; x_wconf 87' lang='lat' dir='ltr'><strong>navis</strong></span> <span class='ocrx_word' id='word_1_77' title='bbox 743 517 893 550; x_wconf 88' lang='lat' dir='ltr'><strong>Francica</strong></span> <span class='ocrx_word' id='word_1_78' title='bbox 902 516 1061 558; x_wconf 87' lang='lat' dir='ltr'><strong>perseque-</strong></span> 
     </span>
     <span class='ocr_line' id='line_1_11' title="bbox 195 558 1059 601; baseline -0.001 -10"><span class='ocrx_word' id='word_1_79' title='bbox 195 568 281 592; x_wconf 81' lang='lat' dir='ltr'>retur</span> <span class='ocrx_word' id='word_1_80' title='bbox 298 559 466 601; x_wconf 79' lang='lat' dir='ltr'><strong>Hispanam</strong></span> <span class='ocrx_word' id='word_1_81' title='bbox 484 560 652 597; x_wconf 80' lang='lat' dir='ltr'><strong>hostilem,</strong></span> <span class='ocrx_word' id='word_1_82' title='bbox 678 559 745 591; x_wconf 79' lang='lat' dir='ltr'><strong>haec</strong></span> <span class='ocrx_word' id='word_1_83' title='bbox 766 558 851 600; x_wconf 84' lang='lat' dir='ltr'><strong>fugit</strong></span> <span class='ocrx_word' id='word_1_84' title='bbox 866 560 899 590; x_wconf 80' lang='lat' dir='ltr'><strong>in</strong></span> <span class='ocrx_word' id='word_1_85' title='bbox 925 558 1059 600; x_wconf 71' lang='lat' dir='ltr'><strong>TorInzy,</strong></span> 
     </span>
     <span class='ocr_line' id='line_1_12' title="bbox 195 599 1059 643; baseline -0.001 -11"><span class='ocrx_word' id='word_1_86' title='bbox 195 601 288 641; x_wconf 74' lang='lat' dir='ltr'><strong>enfht</strong></span> <span class='ocrx_word' id='word_1_87' title='bbox 305 602 352 632; x_wconf 79' lang='lat' dir='ltr'><strong>bet</strong></span> <span class='ocrx_word' id='word_1_88' title='bbox 372 608 405 642; x_wconf 83' lang='lat' dir='ltr'><strong>op</strong></span> <span class='ocrx_word' id='word_1_89' title='bbox 414 599 521 641; x_wconf 77' lang='lat' dir='ltr'><strong>strand</strong></span> <span class='ocrx_word' id='word_1_90' title='bbox 532 626 540 636; x_wconf 81' lang='lat'><strong>.</strong></span> <span class='ocrx_word' id='word_1_91' title='bbox 559 611 595 632; x_wconf 85' lang='lat' dir='ltr'><strong>en</strong></span> <span class='ocrx_word' id='word_1_92' title='bbox 612 603 696 643; x_wconf 77' lang='lat' dir='ltr'><strong>bergt</strong></span> <span class='ocrx_word' id='word_1_93' title='bbox 712 609 785 641; x_wconf 68' lang='lat' dir='ltr'><strong>ayne</strong></span> <span class='ocrx_word' id='word_1_94' title='bbox 801 605 918 631; x_wconf 79' lang='lat' dir='ltr'><strong>touwen</strong></span> <span class='ocrx_word' id='word_1_95' title='bbox 929 623 938 639; x_wconf 91' lang='lat'><strong>,</strong></span> <span class='ocrx_word' id='word_1_96' title='bbox 953 600 1059 637; x_wconf 66' lang='lat' dir='ltr'><strong>teikais,</strong></span> 
     </span>
     <span class='ocr_line' id='line_1_13' title="bbox 195 640 1058 683; baseline 0 -10"><span class='ocrx_word' id='word_1_97' title='bbox 195 643 290 673; x_wconf 79' lang='lat' dir='ltr'><strong>zeilen</strong></span> <span class='ocrx_word' id='word_1_98' title='bbox 308 642 368 677; x_wconf 72' lang='lat' dir='ltr'><strong>&amp;C-</strong></span> <span class='ocrx_word' id='word_1_99' title='bbox 394 643 426 672; x_wconf 76' lang='lat' dir='ltr'><strong>in</strong></span> <span class='ocrx_word' id='word_1_100' title='bbox 446 644 479 673; x_wconf 79' lang='lat' dir='ltr'><strong>de</strong></span> <span class='ocrx_word' id='word_1_101' title='bbox 508 642 616 683; x_wconf 65' lang='lat' dir='ltr'><strong>huysen</strong></span> <span class='ocrx_word' id='word_1_102' title='bbox 635 644 685 673; x_wconf 88' lang='lat' dir='ltr'><strong>der</strong></span> <span class='ocrx_word' id='word_1_103' title='bbox 708 642 899 672; x_wconf 82' lang='lat' dir='ltr'><strong>inwoonders.</strong></span> <span class='ocrx_word' id='word_1_104' title='bbox 946 640 1058 673; x_wconf 86' lang='lat' dir='ltr'><strong>Franci</strong></span> 
     </span>
     <span class='ocr_line' id='line_1_14' title="bbox 195 681 1059 723; baseline -0.001 -9"><span class='ocrx_word' id='word_1_105' title='bbox 195 684 330 723; x_wconf 66' lang='lat' dir='ltr'><strong>epibatae</strong></span> <span class='ocrx_word' id='word_1_106' title='bbox 348 682 539 715; x_wconf 87' lang='lat' dir='ltr'><strong>descendunt</strong></span> <span class='ocrx_word' id='word_1_107' title='bbox 566 684 597 715; x_wconf 90' lang='lat' dir='ltr'><strong>in</strong></span> <span class='ocrx_word' id='word_1_108' title='bbox 623 691 736 715; x_wconf 86' lang='lat' dir='ltr'><strong>terram</strong></span> <span class='ocrx_word' id='word_1_109' title='bbox 749 707 757 716; x_wconf 82' lang='lat'><strong>.</strong></span> <span class='ocrx_word' id='word_1_110' title='bbox 782 683 813 714; x_wconf 89' lang='lat'>&amp;</span> <span class='ocrx_word' id='word_1_111' title='bbox 833 681 890 713; x_wconf 88' lang='lat' dir='ltr'><strong>ista</strong></span> <span class='ocrx_word' id='word_1_112' title='bbox 909 683 998 714; x_wconf 86' lang='lat' dir='ltr'><strong>navis</strong></span> <span class='ocrx_word' id='word_1_113' title='bbox 1014 692 1059 714; x_wconf 91' lang='lat' dir='ltr'><strong>ar-</strong></span> 
     </span>
     <span class='ocr_line' id='line_1_15' title="bbox 197 723 1058 763; baseline -0.002 -6"><span class='ocrx_word' id='word_1_114' title='bbox 197 732 352 757; x_wconf 83' lang='lat' dir='ltr'><strong>mamenta</strong></span> <span class='ocrx_word' id='word_1_115' title='bbox 374 733 414 755; x_wconf 84' lang='lat' dir='ltr'><strong>ex</strong></span> <span class='ocrx_word' id='word_1_116' title='bbox 438 724 583 757; x_wconf 78' lang='lat' dir='ltr'><strong>domibus</strong></span> <span class='ocrx_word' id='word_1_117' title='bbox 607 724 670 757; x_wconf 89' lang='lat' dir='ltr'><strong>illis</strong></span> <span class='ocrx_word' id='word_1_118' title='bbox 697 723 868 755; x_wconf 86' lang='lat' dir='ltr'><strong>extrahunt</strong></span> <span class='ocrx_word' id='word_1_119' title='bbox 885 746 897 763; x_wconf 91' lang='lat'><strong>,</strong></span> <span class='ocrx_word' id='word_1_120' title='bbox 928 725 959 757; x_wconf 71' lang='lat' dir='ltr'><strong>&lt;St</strong></span> <span class='ocrx_word' id='word_1_121' title='bbox 983 732 1058 756; x_wconf 90' lang='lat' dir='ltr'><strong>con-</strong></span> 
     </span>
    </p>
   </div>
   <div class='ocr_carea' id='block_1_2' title="bbox 896 119 1007 147">
    <p class='ocr_par' dir='ltr' id='par_1_2' title="bbox 896 119 1007 147">
     <span class='ocr_line' id='line_1_16' title="bbox 896 119 1007 147; baseline 0.009 -1"><span class='ocrx_word' id='word_1_122' title='bbox 896 119 1007 147; x_wconf 72' lang='lat' dir='ltr'><strong>vAN</strong></span> 
     </span>
    </p>
   </div>
   <div class='ocr_carea' id='block_1_3' title="bbox 801 820 1158 858">
    <p class='ocr_par' dir='ltr' id='par_1_3' title="bbox 801 820 1158 858">
     <span class='ocr_line' id='line_1_17' title="bbox 801 820 1158 858; baseline -0.006 0"><span class='ocrx_word' id='word_1_123' title='bbox 801 820 1158 858; x_wconf 89' lang='lat' dir='ltr'>CAPUT</span> 
     </span>
    </p>
   </div>
   <div class='ocr_carea' id='block_1_4' title="bbox 1082 107 1682 145">
    <p class='ocr_par' dir='ltr' id='par_1_4' title="bbox 1082 107 1682 145">
     <span class='ocr_line' id='line_1_18' title="bbox 1082 107 1682 145; baseline -0.002 0"><span class='ocrx_word' id='word_1_124' title='bbox 1082 107 1682 145; x_wconf 81' lang='lat' dir='ltr'>BYNKERSHOEK</span> 
     </span>
    </p>
   </div>
   <div class='ocr_carea' id='block_1_5' title="bbox 1101 188 2000 713">
    <p class='ocr_par' dir='ltr' id='par_1_5' title="bbox 1102 188 2000 548">
     <span class='ocr_line' id='line_1_19' title="bbox 1103 188 2000 235; baseline 0.004 -15"><span class='ocrx_word' id='word_1_125' title='bbox 1103 188 1211 222; x_wconf 89' lang='lat' dir='ltr'><strong>ferunt</strong></span> <span class='ocrx_word' id='word_1_126' title='bbox 1237 190 1268 221; x_wconf 93' lang='lat' dir='ltr'><strong>in</strong></span> <span class='ocrx_word' id='word_1_127' title='bbox 1291 188 1374 221; x_wconf 90' lang='lat' dir='ltr'><strong>suam</strong></span> <span class='ocrx_word' id='word_1_128' title='bbox 1398 198 1519 221; x_wconf 84' lang='lat' dir='ltr'><strong>navem.</strong></span> <span class='ocrx_word' id='word_1_129' title='bbox 1564 189 1649 235; x_wconf 80' lang='lat' dir='ltr'><strong>Quid</strong></span> <span class='ocrx_word' id='word_1_130' title='bbox 1677 188 1791 222; x_wconf 73' lang='lat' dir='ltr'><strong>dices?</strong></span> <span class='ocrx_word' id='word_1_131' title='bbox 1814 199 1850 222; x_wconf 89' lang='lat' dir='ltr'><strong>an</strong></span> <span class='ocrx_word' id='word_1_132' title='bbox 1868 192 1955 226; x_wconf 70' lang='lat' dir='ltr'><strong>Lcuit</strong></span> <span class='ocrx_word' id='word_1_133' title='bbox 1998 207 2000 215; x_wconf 57' lang='lat' dir='ltr'>v</span> 
     </span>
     <span class='ocr_line' id='line_1_20' title="bbox 1103 229 1996 276; baseline 0.006 -15"><span class='ocrx_word' id='word_1_134' title='bbox 1103 229 1231 263; x_wconf 86' lang='lat' dir='ltr'><strong>Francis</strong></span> <span class='ocrx_word' id='word_1_135' title='bbox 1254 230 1431 272; x_wconf 79' lang='lat' dir='ltr'><strong>Anglorum</strong></span> <span class='ocrx_word' id='word_1_136' title='bbox 1455 230 1566 262; x_wconf 87' lang='lat' dir='ltr'><strong>domos</strong></span> <span class='ocrx_word' id='word_1_137' title='bbox 1598 231 1743 276; x_wconf 78' lang='lat' dir='ltr'><strong>aggredi,</strong></span> <span class='ocrx_word' id='word_1_138' title='bbox 1767 232 1797 263; x_wconf 68' lang='grc' dir='ltr'>ἃ</span> <span class='ocrx_word' id='word_1_139' title='bbox 1828 241 1897 273; x_wconf 53' lang='lat' dir='ltr'><strong>quae</strong></span> <span class='ocrx_word' id='word_1_140' title='bbox 1915 235 1956 267; x_wconf 83' lang='lat' dir='ltr'><strong>ibi</strong></span> <span class='ocrx_word' id='word_1_141' title='bbox 1994 249 1996 255; x_wconf 45' lang='lat' dir='ltr'><strong><em>s</em></strong></span> 
     </span>
     <span class='ocr_line' id='line_1_21' title="bbox 1104 269 1955 314; baseline 0.005 -12"><span class='ocrx_word' id='word_1_142' title='bbox 1104 269 1225 303; x_wconf 87' lang='lat' dir='ltr'><strong>servata</strong></span> <span class='ocrx_word' id='word_1_143' title='bbox 1241 281 1350 310; x_wconf 88' lang='lat' dir='ltr'><strong>erant,</strong></span> <span class='ocrx_word' id='word_1_144' title='bbox 1374 270 1498 302; x_wconf 87' lang='lat' dir='ltr'><strong>auferre</strong></span> <span class='ocrx_word' id='word_1_145' title='bbox 1510 271 1526 302; x_wconf 76' lang='lat'><strong>.9</strong></span> <span class='ocrx_word' id='word_1_146' title='bbox 1547 281 1610 303; x_wconf 88' lang='lat' dir='ltr'><strong>non</strong></span> <span class='ocrx_word' id='word_1_147' title='bbox 1635 272 1728 303; x_wconf 83' lang='lat' dir='ltr'><strong>licuit</strong></span> <span class='ocrx_word' id='word_1_148' title='bbox 1745 272 1824 303; x_wconf 85' lang='lat' dir='ltr'><strong>citra</strong></span> <span class='ocrx_word' id='word_1_149' title='bbox 1843 273 1955 314; x_wconf 81' lang='lat' dir='ltr'><strong>Anglo-</strong></span> 
     </span>
     <span class='ocr_line' id='line_1_22' title="bbox 1103 311 1957 354; baseline 0.006 -11"><span class='ocrx_word' id='word_1_150' title='bbox 1103 321 1170 343; x_wconf 86' lang='lat' dir='ltr'><strong>rum</strong></span> <span class='ocrx_word' id='word_1_151' title='bbox 1181 313 1337 353; x_wconf 89' lang='lat' dir='ltr'><strong>injuriam.</strong></span> <span class='ocrx_word' id='word_1_152' title='bbox 1346 312 1480 354; x_wconf 86' lang='lat' dir='ltr'><strong>Optimo</strong></span> <span class='ocrx_word' id='word_1_153' title='bbox 1490 311 1661 352; x_wconf 70' lang='lat' dir='ltr'><strong>igiturjrue</strong></span> <span class='ocrx_word' id='word_1_154' title='bbox 1671 312 1740 344; x_wconf 80' lang='lat' dir='ltr'><strong>Rex</strong></span> <span class='ocrx_word' id='word_1_155' title='bbox 1748 313 1870 354; x_wconf 83' lang='lat' dir='ltr'><strong>Angliae</strong></span> <span class='ocrx_word' id='word_1_156' title='bbox 1879 323 1957 348; x_wconf 85' lang='lat' dir='ltr'><strong>anno</strong></span> 
     </span>
     <span class='ocr_line' id='line_1_23' title="bbox 1105 352 1958 396; baseline 0.002 -12"><span class='ocrx_word' id='word_1_157' title='bbox 1105 354 1196 388; x_wconf 86' lang='lat'><strong>1668.</strong></span> <span class='ocrx_word' id='word_1_158' title='bbox 1222 355 1327 386; x_wconf 91' lang='lat' dir='ltr'><strong>omnia</strong></span> <span class='ocrx_word' id='word_1_159' title='bbox 1346 361 1438 394; x_wconf 86' lang='lat' dir='ltr'><strong>capta</strong></span> <span class='ocrx_word' id='word_1_160' title='bbox 1463 353 1586 385; x_wconf 84' lang='lat' dir='ltr'><strong>restitui</strong></span> <span class='ocrx_word' id='word_1_161' title='bbox 1615 352 1715 393; x_wconf 80' lang='lat' dir='ltr'><strong>juflit,</strong></span> <span class='ocrx_word' id='word_1_162' title='bbox 1742 354 1859 395; x_wconf 87' lang='lat' dir='ltr'><strong>reliqua</strong></span> <span class='ocrx_word' id='word_1_163' title='bbox 1881 355 1958 396; x_wconf 79' lang='lat' dir='ltr'><strong>inju-</strong></span> 
     </span>
     <span class='ocr_line' id='line_1_24' title="bbox 1102 392 1956 435; baseline 0.005 -11"><span class='ocrx_word' id='word_1_164' title='bbox 1102 394 1157 425; x_wconf 85' lang='lat' dir='ltr'><strong>riae</strong></span> <span class='ocrx_word' id='word_1_165' title='bbox 1176 394 1394 435; x_wconf 86' lang='lat' dir='ltr'><strong>persecutione</strong></span> <span class='ocrx_word' id='word_1_166' title='bbox 1409 393 1531 435; x_wconf 84' lang='lat' dir='ltr'><strong>Legato</strong></span> <span class='ocrx_word' id='word_1_167' title='bbox 1548 393 1603 425; x_wconf 85' lang='lat' dir='ltr'><strong>suo</strong></span> <span class='ocrx_word' id='word_1_168' title='bbox 1619 395 1650 425; x_wconf 90' lang='lat' dir='ltr'><strong>in</strong></span> <span class='ocrx_word' id='word_1_169' title='bbox 1660 392 1791 427; x_wconf 85' lang='lat' dir='ltr'><strong>Francia</strong></span> <span class='ocrx_word' id='word_1_170' title='bbox 1805 396 1956 435; x_wconf 78' lang='lat' dir='ltr'><strong>mandata,</strong></span> 
     </span>
     <span class='ocr_line' id='line_1_25' title="bbox 1107 434 1960 478; baseline 0.006 -13"><span class='ocrx_word' id='word_1_171' title='bbox 1107 441 1142 466; x_wconf 92' lang='lat' dir='ltr'><strong>ut</strong></span> <span class='ocrx_word' id='word_1_172' title='bbox 1168 436 1275 468; x_wconf 68' lang='grc' dir='ltr'><strong>ευξὶοι·</strong></span> <span class='ocrx_word' id='word_1_173' title='bbox 1305 434 1350 468; x_wconf 90' lang='lat' dir='ltr'><strong>est</strong></span> <span class='ocrx_word' id='word_1_174' title='bbox 1373 436 1520 467; x_wconf 79' lang='lat' dir='ltr'><strong>Aitzema</strong></span> <span class='ocrx_word' id='word_1_175' title='bbox 1546 436 1611 477; x_wconf 70' lang='lat'><strong>(23</strong></span> <span class='ocrx_word' id='word_1_176' title='bbox 1622 434 1790 476; x_wconf 77' lang='lat' dir='ltr'><strong>).-Narrat</strong></span> <span class='ocrx_word' id='word_1_177' title='bbox 1814 436 1877 478; x_wconf 88' lang='lat' dir='ltr'><strong>ipse</strong></span> <span class='ocrx_word' id='word_1_178' title='bbox 1905 438 1960 470; x_wconf 79' lang='lat' dir='ltr'><strong>ilie</strong></span> 
     </span>
     <span class='ocr_line' id='line_1_26' title="bbox 1106 474 1961 548; baseline 0.005 -41"><span class='ocrx_word' id='word_1_179' title='bbox 1106 474 1203 548; x_wconf 45' lang='grc' dir='ltr'><strong>ΞΜ.)</strong></span> <span class='ocrx_word' id='word_1_180' title='bbox 1234 477 1264 508; x_wconf 86' lang='lat'>&amp;</span> <span class='ocrx_word' id='word_1_181' title='bbox 1286 477 1359 508; x_wconf 87' lang='lat' dir='ltr'><strong>alias</strong></span> <span class='ocrx_word' id='word_1_182' title='bbox 1389 476 1564 518; x_wconf 84' lang='lat' dir='ltr'><strong>Anglorum</strong></span> <span class='ocrx_word' id='word_1_183' title='bbox 1592 477 1734 517; x_wconf 82' lang='lat' dir='ltr'><strong>querelas</strong></span> <span class='ocrx_word' id='word_1_184' title='bbox 1751 478 1790 508; x_wconf 86' lang='lat' dir='ltr'><strong>dc</strong></span> <span class='ocrx_word' id='word_1_185' title='bbox 1807 479 1961 518; x_wconf 84' lang='lat' dir='ltr'><strong>portubus</strong></span> 
     </span>
    </p>

    <p class='ocr_par' dir='ltr' id='par_1_6' title="bbox 1101 517 1962 713">
     <span class='ocr_line' id='line_1_27' title="bbox 1136 517 1961 558; baseline 0.002 -9"><span class='ocrx_word' id='word_1_186' title='bbox 1136 517 1228 557; x_wconf 82' lang='lat' dir='ltr'><strong>ngliae</strong></span> <span class='ocrx_word' id='word_1_187' title='bbox 1244 527 1262 548; x_wconf 90' lang='lat' dir='ltr'><strong>a</strong></span> <span class='ocrx_word' id='word_1_188' title='bbox 1278 517 1408 549; x_wconf 90' lang='lat' dir='ltr'><strong>Francis</strong></span> <span class='ocrx_word' id='word_1_189' title='bbox 1427 518 1576 557; x_wconf 82' lang='lat' dir='ltr'><strong>violatis,</strong></span> <span class='ocrx_word' id='word_1_190' title='bbox 1601 518 1630 551; x_wconf 82' lang='lat'>&amp;</span> <span class='ocrx_word' id='word_1_191' title='bbox 1648 518 1686 549; x_wconf 89' lang='lat' dir='ltr'><strong>de</strong></span> <span class='ocrx_word' id='word_1_192' title='bbox 1703 519 1835 558; x_wconf 85' lang='lat' dir='ltr'><strong>damno,</strong></span> <span class='ocrx_word' id='word_1_193' title='bbox 1859 519 1895 550; x_wconf 80' lang='lat' dir='ltr'><strong>ab</strong></span> <span class='ocrx_word' id='word_1_194' title='bbox 1912 519 1961 552; x_wconf 84' lang='lat' dir='ltr'><strong>his</strong></span> 
     </span>
     <span class='ocr_line' id='line_1_28' title="bbox 1105 557 1960 601; baseline 0.002 -11"><span class='ocrx_word' id='word_1_195' title='bbox 1105 557 1269 598; x_wconf 89' lang='lat' dir='ltr'><strong>restituto,</strong></span> <span class='ocrx_word' id='word_1_196' title='bbox 1287 558 1338 590; x_wconf 92' lang='lat' dir='ltr'><strong>sed</strong></span> <span class='ocrx_word' id='word_1_197' title='bbox 1356 558 1423 589; x_wconf 83' lang='lat' dir='ltr'><strong>haec</strong></span> <span class='ocrx_word' id='word_1_198' title='bbox 1439 561 1545 591; x_wconf 87' lang='lat' dir='ltr'><strong>omnia</strong></span> <span class='ocrx_word' id='word_1_199' title='bbox 1563 569 1625 591; x_wconf 87' lang='lat' dir='ltr'><strong>non</strong></span> <span class='ocrx_word' id='word_1_200' title='bbox 1645 559 1819 601; x_wconf 82' lang='lat' dir='ltr'><strong>exsequor,</strong></span> <span class='ocrx_word' id='word_1_201' title='bbox 1837 562 1907 601; x_wconf 78' lang='lat' dir='ltr'><strong>quia</strong></span> <span class='ocrx_word' id='word_1_202' title='bbox 1921 562 1960 592; x_wconf 85' lang='lat' dir='ltr'><strong>de</strong></span> 
     </span>
     <span class='ocr_line' id='line_1_29' title="bbox 1103 598 1962 642; baseline 0.003 -12"><span class='ocrx_word' id='word_1_203' title='bbox 1103 599 1141 631; x_wconf 92' lang='lat' dir='ltr'><strong>iis</strong></span> <span class='ocrx_word' id='word_1_204' title='bbox 1163 598 1227 640; x_wconf 85' lang='lat' dir='ltr'><strong>ipse</strong></span> <span class='ocrx_word' id='word_1_205' title='bbox 1245 598 1397 640; x_wconf 82' lang='lat' dir='ltr'><strong>judicabis</strong></span> <span class='ocrx_word' id='word_1_206' title='bbox 1418 623 1427 637; x_wconf 94' lang='lat'><strong>,</strong></span> <span class='ocrx_word' id='word_1_207' title='bbox 1453 600 1590 632; x_wconf 88' lang='lat' dir='ltr'><strong>adhibita</strong></span> <span class='ocrx_word' id='word_1_208' title='bbox 1611 601 1811 633; x_wconf 73' lang='lat' dir='ltr'><strong>distinctione</strong></span> <span class='ocrx_word' id='word_1_209' title='bbox 1825 624 1837 640; x_wconf 85' lang='lat'><strong>,</strong></span> <span class='ocrx_word' id='word_1_210' title='bbox 1871 598 1962 642; x_wconf 80' lang='lat' dir='ltr'><strong>quam</strong></span> 
     </span>
     <span class='ocr_line' id='line_1_30' title="bbox 1102 639 1961 712; baseline 0.005 -41"><span class='ocrx_word' id='word_1_211' title='bbox 1102 641 1199 712; x_wconf 48' lang='grc' dir='ltr'><strong>ιῃρέο</strong></span> <span class='ocrx_word' id='word_1_212' title='bbox 1211 639 1358 682; x_wconf 81' lang='lat' dir='ltr'><strong>suggeffi,</strong></span> <span class='ocrx_word' id='word_1_213' title='bbox 1371 639 1393 672; x_wconf 86' lang='lat' dir='ltr'><strong>fi</strong></span> <span class='ocrx_word' id='word_1_214' title='bbox 1408 640 1478 671; x_wconf 82' lang='lat' dir='ltr'><strong>haec</strong></span> <span class='ocrx_word' id='word_1_215' title='bbox 1494 641 1593 673; x_wconf 81' lang='lat' dir='ltr'><strong>&amp;tibi</strong></span> <span class='ocrx_word' id='word_1_216' title='bbox 1609 652 1696 684; x_wconf 84' lang='lat' dir='ltr'><strong>aeque</strong></span> <span class='ocrx_word' id='word_1_217' title='bbox 1710 643 1833 683; x_wconf 79' lang='lat' dir='ltr'><strong>placcat</strong></span> <span class='ocrx_word' id='word_1_218' title='bbox 1843 665 1854 682; x_wconf 91' lang='lat'><strong>,</strong></span> <span class='ocrx_word' id='word_1_219' title='bbox 1869 652 1961 684; x_wconf 67' lang='lat' dir='ltr'><strong>quam</strong></span> 
     </span>
     <span class='ocr_line' id='line_1_31' title="bbox 1101 690 1188 713; baseline -0.011 0"><span class='ocrx_word' id='word_1_220' title='bbox 1101 691 1144 713; x_wconf 84' lang='lat' dir='ltr'><strong>mi</strong></span> <span class='ocrx_word' id='word_1_221' title='bbox 1170 690 1188 712; x_wconf 90' lang='lat'><strong>1.</strong></span> 
     </span>
    </p>
   </div>
   <div class='ocr_carea' id='block_1_6' title="bbox 1259 821 1343 857">
    <p class='ocr_par' dir='ltr' id='par_1_7' title="bbox 1259 821 1343 857">
     <span class='ocr_line' id='line_1_32' title="bbox 1259 821 1343 857; baseline 0 0"><span class='ocrx_word' id='word_1_222' title='bbox 1259 821 1343 857; x_wconf 89' lang='lat' dir='ltr'><strong>IX.</strong></span> 
     </span>
    </p>
   </div>
   <div class='ocr_carea' id='block_1_7' title="bbox 770 910 1381 956">
    <p class='ocr_par' dir='ltr' id='par_1_8' title="bbox 770 910 1381 956">
     <span class='ocr_line' id='line_1_33' title="bbox 770 910 1381 956; baseline 0 -10"><span class='ocrx_word' id='word_1_223' title='bbox 770 910 827 946; x_wconf 86' lang='lat' dir='ltr'><strong>De</strong></span> <span class='ocrx_word' id='word_1_224' title='bbox 851 910 948 946; x_wconf 80' lang='lat' dir='ltr'><strong>Statu</strong></span> <span class='ocrx_word' id='word_1_225' title='bbox 973 910 1050 945; x_wconf 81' lang='lat' dir='ltr'><strong>belli</strong></span> <span class='ocrx_word' id='word_1_226' title='bbox 1074 911 1160 946; x_wconf 78' lang='lat' dir='ltr'><strong>inter</strong></span> <span class='ocrx_word' id='word_1_227' title='bbox 1185 921 1245 945; x_wconf 82' lang='lat' dir='ltr'><strong>non</strong></span> <span class='ocrx_word' id='word_1_228' title='bbox 1269 910 1381 956; x_wconf 77' lang='lat' dir='ltr'><strong>hostes.</strong></span> 
     </span>
    </p>
   </div>
   <div class='ocr_carea' id='block_1_8' title="bbox 197 1005 1077 3029">
    <p class='ocr_par' dir='ltr' id='par_1_9' title="bbox 292 1005 1061 1050">
     <span class='ocr_line' id='line_1_34' title="bbox 292 1005 1061 1050; baseline -0.001 -10"><span class='ocrx_word' id='word_1_229' title='bbox 292 1017 327 1040; x_wconf 82' lang='grc' dir='ltr'><strong>οη</strong></span> <span class='ocrx_word' id='word_1_230' title='bbox 354 1005 442 1049; x_wconf 71' lang='lat' dir='ltr'><strong>hostes</strong></span> <span class='ocrx_word' id='word_1_231' title='bbox 468 1008 594 1050; x_wconf 85' lang='lat' dir='ltr'><strong>appello</strong></span> <span class='ocrx_word' id='word_1_232' title='bbox 611 1031 621 1048; x_wconf 88' lang='lat'>‚</span> <span class='ocrx_word' id='word_1_233' title='bbox 646 1007 699 1049; x_wconf 87' lang='lat' dir='ltr'><strong>qui</strong></span> <span class='ocrx_word' id='word_1_234' title='bbox 719 1015 899 1040; x_wconf 87' lang='lat' dir='ltr'><strong>neutrarum</strong></span> <span class='ocrx_word' id='word_1_235' title='bbox 923 1007 1061 1049; x_wconf 83' lang='lat' dir='ltr'><strong>partium</strong></span> 
     </span>
    </p>

    <p class='ocr_par' dir='ltr' id='par_1_10' title="bbox 197 1047 1075 2030">
     <span class='ocr_line' id='line_1_35' title="bbox 313 1047 1061 1090; baseline 0 -10"><span class='ocrx_word' id='word_1_236' title='bbox 313 1047 394 1088; x_wconf 88' lang='lat' dir='ltr'><strong>sunt,</strong></span> <span class='ocrx_word' id='word_1_237' title='bbox 416 1059 475 1081; x_wconf 90' lang='lat' dir='ltr'><strong>nec</strong></span> <span class='ocrx_word' id='word_1_238' title='bbox 499 1058 540 1081; x_wconf 78' lang='lat' dir='ltr'><strong>ex</strong></span> <span class='ocrx_word' id='word_1_239' title='bbox 566 1048 688 1081; x_wconf 89' lang='lat' dir='ltr'><strong>foedere</strong></span> <span class='ocrx_word' id='word_1_240' title='bbox 709 1048 758 1081; x_wconf 90' lang='lat' dir='ltr'><strong>his</strong></span> <span class='ocrx_word' id='word_1_241' title='bbox 774 1050 879 1081; x_wconf 85' lang='lat' dir='ltr'><strong>illisve</strong></span> <span class='ocrx_word' id='word_1_242' title='bbox 893 1050 1061 1090; x_wconf 90' lang='lat' dir='ltr'><strong>quicquam</strong></span> 
     </span>
     <span class='ocr_line' id='line_1_36' title="bbox 197 1089 1062 1130; baseline -0.001 -8"><span class='ocrx_word' id='word_1_243' title='bbox 197 1091 334 1129; x_wconf 80' lang='lat' dir='ltr'><strong>debent3</strong></span> <span class='ocrx_word' id='word_1_244' title='bbox 355 1090 376 1123; x_wconf 87' lang='lat' dir='ltr'><strong>fi</strong></span> <span class='ocrx_word' id='word_1_245' title='bbox 406 1090 480 1130; x_wconf 86' lang='lat' dir='ltr'><strong>quid</strong></span> <span class='ocrx_word' id='word_1_246' title='bbox 502 1090 638 1122; x_wconf 88' lang='lat' dir='ltr'><strong>debeant</strong></span> <span class='ocrx_word' id='word_1_247' title='bbox 654 1113 664 1129; x_wconf 97' lang='lat'><strong>,</strong></span> <span class='ocrx_word' id='word_1_248' title='bbox 694 1089 855 1124; x_wconf 85' lang='lat' dir='ltr'><strong>Foederati</strong></span> <span class='ocrx_word' id='word_1_249' title='bbox 883 1089 974 1128; x_wconf 91' lang='lat' dir='ltr'><strong>sunt,</strong></span> <span class='ocrx_word' id='word_1_250' title='bbox 997 1099 1062 1122; x_wconf 92' lang='lat' dir='ltr'><strong>non</strong></span> 
     </span>
     <span class='ocr_line' id='line_1_37' title="bbox 197 1130 1062 1174; baseline -0.001 -10"><span class='ocrx_word' id='word_1_251' title='bbox 197 1132 382 1174; x_wconf 80' lang='lat' dir='ltr'><strong>simpliciter</strong></span> <span class='ocrx_word' id='word_1_252' title='bbox 397 1131 502 1163; x_wconf 83' lang='lat' dir='ltr'><strong>amici.</strong></span> <span class='ocrx_word' id='word_1_253' title='bbox 550 1131 588 1165; x_wconf 80' lang='lat' dir='ltr'><strong>In</strong></span> <span class='ocrx_word' id='word_1_254' title='bbox 609 1131 691 1163; x_wconf 79' lang='lat' dir='ltr'><strong>Bello</strong></span> <span class='ocrx_word' id='word_1_255' title='bbox 709 1133 815 1163; x_wconf 83' lang='lat' dir='ltr'><strong>medios</strong></span> <span class='ocrx_word' id='word_1_256' title='bbox 831 1132 914 1163; x_wconf 85' lang='lat' dir='ltr'><strong>dixit</strong></span> <span class='ocrx_word' id='word_1_257' title='bbox 927 1130 1062 1163; x_wconf 87' lang='lat' dir='ltr'><strong>Grotius</strong></span> 
     </span>
     <span class='ocr_line' id='line_1_38' title="bbox 197 1171 1064 1214; baseline -0.002 -9"><span class='ocrx_word' id='word_1_258' title='bbox 197 1173 240 1205; x_wconf 92' lang='lat' dir='ltr'><strong>L.</strong></span> <span class='ocrx_word' id='word_1_259' title='bbox 266 1172 323 1205; x_wconf 90' lang='lat' dir='ltr'><strong>Ill.</strong></span> <span class='ocrx_word' id='word_1_260' title='bbox 347 1174 379 1204; x_wconf 83' lang='lat' dir='ltr'><strong>de</strong></span> <span class='ocrx_word' id='word_1_261' title='bbox 397 1171 474 1213; x_wconf 81' lang='lat' dir='ltr'><strong>Jure</strong></span> <span class='ocrx_word' id='word_1_262' title='bbox 494 1173 529 1205; x_wconf 91' lang='lat' dir='ltr'><strong>B.</strong></span> <span class='ocrx_word' id='word_1_263' title='bbox 557 1172 593 1208; x_wconf 63' lang='lat'><strong>{¹5⁹</strong></span> <span class='ocrx_word' id='word_1_264' title='bbox 614 1173 652 1204; x_wconf 89' lang='lat' dir='ltr'><strong>P.</strong></span> <span class='ocrx_word' id='word_1_265' title='bbox 678 1173 712 1205; x_wconf 93' lang='lat' dir='ltr'><strong>C.</strong></span> <span class='ocrx_word' id='word_1_266' title='bbox 740 1182 786 1214; x_wconf 85' lang='lat'><strong>17.</strong></span> <span class='ocrx_word' id='word_1_267' title='bbox 811 1172 864 1205; x_wconf 92' lang='lat' dir='ltr'><strong>De</strong></span> <span class='ocrx_word' id='word_1_268' title='bbox 883 1173 933 1204; x_wconf 87' lang='lat' dir='ltr'><strong>his</strong></span> <span class='ocrx_word' id='word_1_269' title='bbox 953 1172 1064 1214; x_wconf 85' lang='lat' dir='ltr'><strong>quaeri-</strong></span> 
     </span>
     <span class='ocr_line' id='line_1_39' title="bbox 198 1212 1065 1255; baseline -0.001 -10"><span class='ocrx_word' id='word_1_270' title='bbox 198 1221 251 1245; x_wconf 88' lang='lat' dir='ltr'><strong>tur</strong></span> <span class='ocrx_word' id='word_1_271' title='bbox 266 1237 276 1253; x_wconf 93' lang='lat'><strong>,</strong></span> <span class='ocrx_word' id='word_1_272' title='bbox 305 1213 380 1255; x_wconf 90' lang='lat' dir='ltr'><strong>quid</strong></span> <span class='ocrx_word' id='word_1_273' title='bbox 404 1212 509 1245; x_wconf 89' lang='lat' dir='ltr'><strong>facere</strong></span> <span class='ocrx_word' id='word_1_274' title='bbox 536 1214 591 1247; x_wconf 88' lang='lat' dir='ltr'><strong>vel</strong></span> <span class='ocrx_word' id='word_1_275' title='bbox 618 1224 683 1246; x_wconf 89' lang='lat' dir='ltr'><strong>non</strong></span> <span class='ocrx_word' id='word_1_276' title='bbox 708 1213 816 1246; x_wconf 86' lang='lat' dir='ltr'><strong>facere</strong></span> <span class='ocrx_word' id='word_1_277' title='bbox 838 1213 954 1255; x_wconf 86' lang='lat' dir='ltr'><strong>poffint</strong></span> <span class='ocrx_word' id='word_1_278' title='bbox 982 1214 1065 1244; x_wconf 89' lang='lat' dir='ltr'><strong>inter</strong></span> 
     </span>
     <span class='ocr_line' id='line_1_40' title="bbox 199 1253 1066 1296; baseline -0.002 -10"><span class='ocrx_word' id='word_1_279' title='bbox 199 1255 279 1287; x_wconf 88' lang='lat' dir='ltr'><strong>duos</strong></span> <span class='ocrx_word' id='word_1_280' title='bbox 297 1254 428 1286; x_wconf 77' lang='lat' dir='ltr'><strong>hostes?</strong></span> <span class='ocrx_word' id='word_1_281' title='bbox 453 1255 580 1292; x_wconf 85' lang='lat' dir='ltr'><strong>omnia,</strong></span> <span class='ocrx_word' id='word_1_282' title='bbox 602 1253 689 1285; x_wconf 87' lang='lat' dir='ltr'><strong>forte</strong></span> <span class='ocrx_word' id='word_1_283' title='bbox 706 1255 845 1296; x_wconf 85' lang='lat' dir='ltr'><strong>inquies,</strong></span> <span class='ocrx_word' id='word_1_284' title='bbox 870 1264 939 1295; x_wconf 86' lang='lat' dir='ltr'><strong>quae</strong></span> <span class='ocrx_word' id='word_1_285' title='bbox 955 1262 1066 1295; x_wconf 91' lang='lat' dir='ltr'><strong>potue-</strong></span> 
     </span>
     <span class='ocr_line' id='line_1_41' title="bbox 198 1294 1066 1336; baseline -0.001 -9"><span class='ocrx_word' id='word_1_286' title='bbox 198 1305 274 1328; x_wconf 90' lang='lat' dir='ltr'><strong>runt</strong></span> <span class='ocrx_word' id='word_1_287' title='bbox 282 1320 292 1336; x_wconf 96' lang='lat'><strong>,</strong></span> <span class='ocrx_word' id='word_1_288' title='bbox 305 1306 378 1328; x_wconf 90' lang='lat' dir='ltr'><strong>cum</strong></span> <span class='ocrx_word' id='word_1_289' title='bbox 388 1305 448 1336; x_wconf 87' lang='lat' dir='ltr'><strong>pax</strong></span> <span class='ocrx_word' id='word_1_290' title='bbox 457 1295 534 1327; x_wconf 90' lang='lat' dir='ltr'><strong>esset</strong></span> <span class='ocrx_word' id='word_1_291' title='bbox 544 1296 627 1326; x_wconf 92' lang='lat' dir='ltr'><strong>inter</strong></span> <span class='ocrx_word' id='word_1_292' title='bbox 637 1303 693 1326; x_wconf 89' lang='lat' dir='ltr'><strong>eos</strong></span> <span class='ocrx_word' id='word_1_293' title='bbox 703 1318 714 1334; x_wconf 93' lang='lat'><strong>,</strong></span> <span class='ocrx_word' id='word_1_294' title='bbox 726 1305 806 1336; x_wconf 89' lang='lat' dir='ltr'><strong>quos</strong></span> <span class='ocrx_word' id='word_1_295' title='bbox 818 1295 900 1327; x_wconf 89' lang='lat' dir='ltr'><strong>inter</strong></span> <span class='ocrx_word' id='word_1_296' title='bbox 908 1304 993 1327; x_wconf 91' lang='lat' dir='ltr'><strong>nunc</strong></span> <span class='ocrx_word' id='word_1_297' title='bbox 1002 1294 1066 1326; x_wconf 89' lang='lat' dir='ltr'><strong>bel-</strong></span> 
     </span>
     <span class='ocr_line' id='line_1_42' title="bbox 199 1335 1066 1374; baseline -0.003 -4"><span class='ocrx_word' id='word_1_298' title='bbox 199 1338 266 1370; x_wconf 90' lang='lat' dir='ltr'><strong>lum</strong></span> <span class='ocrx_word' id='word_1_299' title='bbox 301 1336 374 1374; x_wconf 85' lang='lat' dir='ltr'><strong>est,</strong></span> <span class='ocrx_word' id='word_1_300' title='bbox 404 1336 481 1367; x_wconf 89' lang='lat' dir='ltr'><strong>belli</strong></span> <span class='ocrx_word' id='word_1_301' title='bbox 514 1336 600 1367; x_wconf 84' lang='lat' dir='ltr'><strong>enim</strong></span> <span class='ocrx_word' id='word_1_302' title='bbox 628 1336 775 1368; x_wconf 91' lang='lat' dir='ltr'><strong>conditio</strong></span> <span class='ocrx_word' id='word_1_303' title='bbox 801 1345 867 1369; x_wconf 90' lang='lat' dir='ltr'><strong>non</strong></span> <span class='ocrx_word' id='word_1_304' title='bbox 899 1335 1066 1368; x_wconf 88' lang='lat' dir='ltr'><strong>videbatur</strong></span> 
     </span>
     <span class='ocr_line' id='line_1_43' title="bbox 198 1377 1065 1450; baseline -0.002 -40"><span class='ocrx_word' id='word_1_305' title='bbox 198 1377 384 1421; x_wconf 83' lang='lat' dir='ltr'><strong>porrigenda</strong></span> <span class='ocrx_word' id='word_1_306' title='bbox 407 1377 490 1408; x_wconf 90' lang='lat' dir='ltr'><strong>ultra</strong></span> <span class='ocrx_word' id='word_1_307' title='bbox 516 1386 598 1416; x_wconf 89' lang='lat' dir='ltr'><strong>eos,</strong></span> <span class='ocrx_word' id='word_1_308' title='bbox 621 1377 675 1418; x_wconf 91' lang='lat' dir='ltr'><strong>qui</strong></span> <span class='ocrx_word' id='word_1_309' title='bbox 702 1377 840 1410; x_wconf 87' lang='lat' dir='ltr'><strong>invicem</strong></span> <span class='ocrx_word' id='word_1_310' title='bbox 865 1377 986 1409; x_wconf 89' lang='lat' dir='ltr'><strong>bellum</strong></span> <span class='ocrx_word' id='word_1_311' title='bbox 1008 1386 1065 1450; x_wconf 50' lang='grc' dir='ltr'>(ξε-</span> 
     </span>
     <span class='ocr_line' id='line_1_44' title="bbox 198 1418 1066 1459; baseline -0.003 -7"><span class='ocrx_word' id='word_1_312' title='bbox 198 1427 283 1453; x_wconf 87' lang='lat' dir='ltr'><strong>runt.</strong></span> <span class='ocrx_word' id='word_1_313' title='bbox 328 1418 377 1451; x_wconf 90' lang='lat' dir='ltr'><strong>An</strong></span> <span class='ocrx_word' id='word_1_314' title='bbox 397 1441 406 1457; x_wconf 90' lang='lat'><strong>,</strong></span> <span class='ocrx_word' id='word_1_315' title='bbox 437 1418 580 1459; x_wconf 88' lang='lat' dir='ltr'><strong>inquies,</strong></span> <span class='ocrx_word' id='word_1_316' title='bbox 603 1418 687 1450; x_wconf 87' lang='lat' dir='ltr'><strong>ratio</strong></span> <span class='ocrx_word' id='word_1_317' title='bbox 712 1419 853 1451; x_wconf 82' lang='lat' dir='ltr'><strong>admittit</strong></span> <span class='ocrx_word' id='word_1_318' title='bbox 869 1441 880 1459; x_wconf 89' lang='lat'><strong>,</strong></span> <span class='ocrx_word' id='word_1_319' title='bbox 902 1426 939 1450; x_wconf 89' lang='lat' dir='ltr'><strong>ut</strong></span> <span class='ocrx_word' id='word_1_320' title='bbox 961 1418 1004 1450; x_wconf 94' lang='lat' dir='ltr'><strong>ho</strong></span> <span class='ocrx_word' id='word_1_321' title='bbox 1034 1428 1066 1450; x_wconf 89' lang='lat' dir='ltr'><strong>es</strong></span> 
     </span>
     <span class='ocr_line' id='line_1_45' title="bbox 199 1459 1065 1502; baseline -0.002 -9"><span class='ocrx_word' id='word_1_322' title='bbox 199 1461 324 1494; x_wconf 75' lang='lat' dir='ltr'><strong>nostros</strong></span> <span class='ocrx_word' id='word_1_323' title='bbox 347 1460 443 1492; x_wconf 90' lang='lat' dir='ltr'><strong>etiam</strong></span> <span class='ocrx_word' id='word_1_324' title='bbox 471 1459 644 1491; x_wconf 87' lang='lat' dir='ltr'><strong>amicorum</strong></span> <span class='ocrx_word' id='word_1_325' title='bbox 679 1459 783 1491; x_wconf 89' lang='lat' dir='ltr'><strong>hostes</strong></span> <span class='ocrx_word' id='word_1_326' title='bbox 810 1460 872 1492; x_wconf 81' lang='lat' dir='ltr'><strong>effe</strong></span> <span class='ocrx_word' id='word_1_327' title='bbox 889 1459 1065 1502; x_wconf 76' lang='lat' dir='ltr'><strong>putemus?</strong></span> 
     </span>
     <span class='ocr_line' id='line_1_46' title="bbox 200 1500 1067 1545; baseline -0.002 -11"><span class='ocrx_word' id='word_1_328' title='bbox 200 1502 308 1545; x_wconf 87' lang='lat' dir='ltr'><strong>quidni</strong></span> <span class='ocrx_word' id='word_1_329' title='bbox 325 1501 422 1542; x_wconf 84' lang='lat' dir='ltr'><strong>igitur</strong></span> <span class='ocrx_word' id='word_1_330' title='bbox 437 1501 529 1532; x_wconf 86' lang='lat' dir='ltr'><strong>amici</strong></span> <span class='ocrx_word' id='word_1_331' title='bbox 545 1500 642 1533; x_wconf 89' lang='lat' dir='ltr'><strong>nostri</strong></span> <span class='ocrx_word' id='word_1_332' title='bbox 660 1501 697 1532; x_wconf 93' lang='lat' dir='ltr'><strong>ad</strong></span> <span class='ocrx_word' id='word_1_333' title='bbox 714 1501 834 1533; x_wconf 89' lang='lat' dir='ltr'><strong>amicos</strong></span> <span class='ocrx_word' id='word_1_334' title='bbox 852 1501 942 1541; x_wconf 89' lang='lat' dir='ltr'><strong>suos,</strong></span> <span class='ocrx_word' id='word_1_335' title='bbox 960 1510 1067 1542; x_wconf 87' lang='lat' dir='ltr'><strong>quam-</strong></span> 
     </span>
     <span class='ocr_line' id='line_1_47' title="bbox 200 1540 1066 1584; baseline -0.002 -8"><span class='ocrx_word' id='word_1_336' title='bbox 200 1545 250 1576; x_wconf 88' lang='lat' dir='ltr'><strong>vis</strong></span> <span class='ocrx_word' id='word_1_337' title='bbox 267 1541 392 1575; x_wconf 91' lang='lat' dir='ltr'><strong>nostros</strong></span> <span class='ocrx_word' id='word_1_338' title='bbox 409 1541 512 1574; x_wconf 89' lang='lat' dir='ltr'><strong>hostes</strong></span> <span class='ocrx_word' id='word_1_339' title='bbox 522 1551 578 1581; x_wconf 88' lang='lat' dir='ltr'><strong>,ea</strong></span> <span class='ocrx_word' id='word_1_340' title='bbox 595 1540 755 1582; x_wconf 87' lang='lat' dir='ltr'><strong>adferunt,</strong></span> <span class='ocrx_word' id='word_1_341' title='bbox 767 1552 836 1584; x_wconf 85' lang='lat' dir='ltr'><strong>quae</strong></span> <span class='ocrx_word' id='word_1_342' title='bbox 857 1550 930 1576; x_wconf 88' lang='lat' dir='ltr'><strong>ante</strong></span> <span class='ocrx_word' id='word_1_343' title='bbox 946 1543 1066 1575; x_wconf 91' lang='lat' dir='ltr'><strong>adtule-</strong></span> 
     </span>
     <span class='ocr_line' id='line_1_48' title="bbox 199 1583 1071 1626; baseline -0.003 -8"><span class='ocrx_word' id='word_1_344' title='bbox 199 1585 302 1619; x_wconf 76' lang='lat' dir='ltr'><strong>runt?</strong></span> <span class='ocrx_word' id='word_1_345' title='bbox 313 1593 397 1616; x_wconf 90' lang='lat' dir='ltr'><strong>arma</strong></span> <span class='ocrx_word' id='word_1_346' title='bbox 408 1607 417 1623; x_wconf 95' lang='lat'><strong>,</strong></span> <span class='ocrx_word' id='word_1_347' title='bbox 436 1584 545 1623; x_wconf 87' lang='lat' dir='ltr'><strong>viros,</strong></span> <span class='ocrx_word' id='word_1_348' title='bbox 559 1583 837 1625; x_wconf 80' lang='lat' dir='ltr'><strong>reliqua?utilitas</strong></span> <span class='ocrx_word' id='word_1_349' title='bbox 852 1585 999 1626; x_wconf 89' lang='lat' dir='ltr'><strong>equidem</strong></span> <span class='ocrx_word' id='word_1_350' title='bbox 1015 1593 1071 1616; x_wconf 90' lang='lat' dir='ltr'><strong>no-</strong></span> 
     </span>
     <span class='ocr_line' id='line_1_49' title="bbox 200 1624 1071 1666; baseline -0.002 -7"><span class='ocrx_word' id='word_1_351' title='bbox 200 1626 262 1660; x_wconf 90' lang='lat' dir='ltr'><strong>stra</strong></span> <span class='ocrx_word' id='word_1_352' title='bbox 279 1635 343 1658; x_wconf 89' lang='lat' dir='ltr'><strong>non</strong></span> <span class='ocrx_word' id='word_1_353' title='bbox 363 1625 504 1658; x_wconf 84' lang='lat' dir='ltr'><strong>admittit</strong></span> <span class='ocrx_word' id='word_1_354' title='bbox 516 1648 526 1665; x_wconf 93' lang='lat'><strong>,</strong></span> <span class='ocrx_word' id='word_1_355' title='bbox 550 1624 602 1657; x_wconf 91' lang='lat' dir='ltr'><strong>sed</strong></span> <span class='ocrx_word' id='word_1_356' title='bbox 616 1625 654 1656; x_wconf 88' lang='lat' dir='ltr'><strong>de</strong></span> <span class='ocrx_word' id='word_1_357' title='bbox 670 1625 814 1666; x_wconf 87' lang='lat' dir='ltr'><strong>ratione,</strong></span> <span class='ocrx_word' id='word_1_358' title='bbox 838 1635 903 1658; x_wconf 91' lang='lat' dir='ltr'><strong>non</strong></span> <span class='ocrx_word' id='word_1_359' title='bbox 921 1626 960 1657; x_wconf 89' lang='lat' dir='ltr'><strong>de</strong></span> <span class='ocrx_word' id='word_1_360' title='bbox 984 1625 1071 1657; x_wconf 90' lang='lat' dir='ltr'><strong>utili-</strong></span> 
     </span>
     <span class='ocr_line' id='line_1_50' title="bbox 201 1665 1070 1708; baseline -0.002 -8"><span class='ocrx_word' id='word_1_361' title='bbox 201 1676 268 1700; x_wconf 83' lang='lat' dir='ltr'><strong>tate</strong></span> <span class='ocrx_word' id='word_1_362' title='bbox 284 1668 386 1699; x_wconf 89' lang='lat' dir='ltr'><strong>omnis</strong></span> <span class='ocrx_word' id='word_1_363' title='bbox 404 1666 576 1708; x_wconf 87' lang='lat' dir='ltr'><strong>disputatio</strong></span> <span class='ocrx_word' id='word_1_364' title='bbox 586 1666 641 1699; x_wconf 87' lang='lat' dir='ltr'><strong>est.</strong></span> <span class='ocrx_word' id='word_1_365' title='bbox 668 1666 744 1700; x_wconf 88' lang='lat' dir='ltr'><strong>Sola</strong></span> <span class='ocrx_word' id='word_1_366' title='bbox 754 1666 869 1707; x_wconf 86' lang='lat' dir='ltr'><strong>injuria</strong></span> <span class='ocrx_word' id='word_1_367' title='bbox 880 1667 958 1699; x_wconf 89' lang='lat' dir='ltr'><strong>belli</strong></span> <span class='ocrx_word' id='word_1_368' title='bbox 970 1665 1070 1706; x_wconf 90' lang='lat' dir='ltr'><strong>causa,</strong></span> 
     </span>
     <span class='ocr_line' id='line_1_51' title="bbox 201 1707 1072 1751; baseline -0.002 -9"><span class='ocrx_word' id='word_1_369' title='bbox 201 1710 233 1742; x_wconf 86' lang='lat'>&amp;</span> <span class='ocrx_word' id='word_1_370' title='bbox 259 1709 382 1740; x_wconf 88' lang='lat' dir='ltr'><strong>diceres</strong></span> <span class='ocrx_word' id='word_1_371' title='bbox 401 1707 546 1748; x_wconf 83' lang='lat' dir='ltr'><strong>injuriam</strong></span> <span class='ocrx_word' id='word_1_372' title='bbox 575 1717 640 1741; x_wconf 90' lang='lat' dir='ltr'><strong>non</strong></span> <span class='ocrx_word' id='word_1_373' title='bbox 663 1707 767 1751; x_wconf 86' lang='lat' dir='ltr'><strong>egredi</strong></span> <span class='ocrx_word' id='word_1_374' title='bbox 793 1708 958 1750; x_wconf 84' lang='lat' dir='ltr'><strong>personam</strong></span> <span class='ocrx_word' id='word_1_375' title='bbox 985 1708 1072 1748; x_wconf 82' lang='lat' dir='ltr'><strong>eJ‘us,</strong></span> 
     </span>
     <span class='ocr_line' id='line_1_52' title="bbox 201 1747 1072 1793; baseline 0 -11"><span class='ocrx_word' id='word_1_376' title='bbox 201 1751 254 1793; x_wconf 91' lang='lat' dir='ltr'><strong>qui</strong></span> <span class='ocrx_word' id='word_1_377' title='bbox 270 1749 415 1790; x_wconf 84' lang='lat' dir='ltr'><strong>injuriam</strong></span> <span class='ocrx_word' id='word_1_378' title='bbox 431 1747 533 1790; x_wconf 88' lang='lat' dir='ltr'><strong>passus</strong></span> <span class='ocrx_word' id='word_1_379' title='bbox 550 1748 616 1787; x_wconf 90' lang='lat' dir='ltr'><strong>est,</strong></span> <span class='ocrx_word' id='word_1_380' title='bbox 633 1750 710 1788; x_wconf 88' lang='lat' dir='ltr'><strong>nifi,</strong></span> <span class='ocrx_word' id='word_1_381' title='bbox 723 1749 744 1782; x_wconf 88' lang='lat' dir='ltr'><strong>fi</strong></span> <span class='ocrx_word' id='word_1_382' title='bbox 760 1749 911 1792; x_wconf 89' lang='lat' dir='ltr'><strong>Princeps</strong></span> <span class='ocrx_word' id='word_1_383' title='bbox 928 1750 1072 1791; x_wconf 81' lang='lat' dir='ltr'><strong>injuriam</strong></span> 
     </span>
     <span class='ocr_line' id='line_1_53' title="bbox 200 1790 1074 1834; baseline -0.001 -10"><span class='ocrx_word' id='word_1_384' title='bbox 200 1792 363 1834; x_wconf 86' lang='lat' dir='ltr'><strong>patiatur,</strong></span> <span class='ocrx_word' id='word_1_385' title='bbox 384 1790 470 1832; x_wconf 88' lang='lat' dir='ltr'><strong>quod</strong></span> <span class='ocrx_word' id='word_1_386' title='bbox 496 1799 532 1821; x_wconf 90' lang='lat' dir='ltr'><strong>ea</strong></span> <span class='ocrx_word' id='word_1_387' title='bbox 552 1800 678 1832; x_wconf 86' lang='lat' dir='ltr'><strong>quoque</strong></span> <span class='ocrx_word' id='word_1_388' title='bbox 705 1791 867 1832; x_wconf 85' lang='lat' dir='ltr'><strong>pertineat</strong></span> <span class='ocrx_word' id='word_1_389' title='bbox 897 1791 935 1823; x_wconf 90' lang='lat' dir='ltr'><strong>ad</strong></span> <span class='ocrx_word' id='word_1_390' title='bbox 963 1800 1074 1823; x_wconf 88' lang='lat' dir='ltr'><strong>omnes</strong></span> 
     </span>
     <span class='ocr_line' id='line_1_54' title="bbox 201 1831 1075 1874; baseline -0.001 -9"><span class='ocrx_word' id='word_1_391' title='bbox 201 1833 346 1866; x_wconf 90' lang='lat' dir='ltr'><strong>subditos</strong></span> <span class='ocrx_word' id='word_1_392' title='bbox 363 1855 375 1871; x_wconf 86' lang='lat'><strong>,</strong></span> <span class='ocrx_word' id='word_1_393' title='bbox 405 1840 469 1864; x_wconf 89' lang='lat' dir='ltr'><strong>non</strong></span> <span class='ocrx_word' id='word_1_394' title='bbox 494 1840 573 1864; x_wconf 86' lang='lat' dir='ltr'><strong>vero</strong></span> <span class='ocrx_word' id='word_1_395' title='bbox 608 1832 646 1864; x_wconf 84' lang='lat' dir='ltr'><strong>ad</strong></span> <span class='ocrx_word' id='word_1_396' title='bbox 670 1841 725 1865; x_wconf 90' lang='lat' dir='ltr'><strong>eos</strong></span> <span class='ocrx_word' id='word_1_397' title='bbox 743 1854 755 1871; x_wconf 88' lang='lat'><strong>,</strong></span> <span class='ocrx_word' id='word_1_398' title='bbox 788 1833 843 1874; x_wconf 88' lang='lat' dir='ltr'><strong>qui</strong></span> <span class='ocrx_word' id='word_1_399' title='bbox 868 1831 986 1864; x_wconf 88' lang='lat' dir='ltr'><strong>subditi</strong></span> <span class='ocrx_word' id='word_1_400' title='bbox 1008 1842 1075 1865; x_wconf 91' lang='lat' dir='ltr'><strong>non</strong></span> 
     </span>
     <span class='ocr_line' id='line_1_55' title="bbox 202 1872 1074 1915; baseline 0 -9"><span class='ocrx_word' id='word_1_401' title='bbox 202 1873 284 1907; x_wconf 88' lang='lat' dir='ltr'><strong>sunt.</strong></span> <span class='ocrx_word' id='word_1_402' title='bbox 333 1873 440 1915; x_wconf 88' lang='lat' dir='ltr'><strong>Atque</strong></span> <span class='ocrx_word' id='word_1_403' title='bbox 454 1873 526 1905; x_wconf 91' lang='lat' dir='ltr'><strong>inde</strong></span> <span class='ocrx_word' id='word_1_404' title='bbox 541 1872 739 1913; x_wconf 88' lang='lat' dir='ltr'><strong>efficeretur,</strong></span> <span class='ocrx_word' id='word_1_405' title='bbox 763 1874 857 1906; x_wconf 88' lang='lat' dir='ltr'><strong>amici</strong></span> <span class='ocrx_word' id='word_1_406' title='bbox 875 1874 936 1906; x_wconf 87' lang='lat' dir='ltr'><strong>mei</strong></span> <span class='ocrx_word' id='word_1_407' title='bbox 952 1873 1074 1906; x_wconf 89' lang='lat' dir='ltr'><strong>hostem</strong></span> 
     </span>
     <span class='ocr_line' id='line_1_56' title="bbox 202 1913 1074 1957; baseline 0 -10"><span class='ocrx_word' id='word_1_408' title='bbox 202 1925 309 1948; x_wconf 85' lang='lat' dir='ltr'><strong>meum</strong></span> <span class='ocrx_word' id='word_1_409' title='bbox 333 1915 456 1948; x_wconf 84' lang='lat' dir='ltr'><strong>hostem</strong></span> <span class='ocrx_word' id='word_1_410' title='bbox 487 1924 552 1947; x_wconf 89' lang='lat' dir='ltr'><strong>non</strong></span> <span class='ocrx_word' id='word_1_411' title='bbox 578 1913 660 1954; x_wconf 90' lang='lat' dir='ltr'><strong>esse,</strong></span> <span class='ocrx_word' id='word_1_412' title='bbox 691 1922 802 1947; x_wconf 88' lang='lat' dir='ltr'><strong>verum</strong></span> <span class='ocrx_word' id='word_1_413' title='bbox 824 1915 984 1957; x_wconf 86' lang='lat' dir='ltr'><strong>integram</strong></span> <span class='ocrx_word' id='word_1_414' title='bbox 1000 1924 1074 1947; x_wconf 91' lang='lat' dir='ltr'><strong>curn</strong></span> 
     </span>
     <span class='ocr_line' id='line_1_57' title="bbox 203 1955 1074 1999; baseline -0.001 -10"><span class='ocrx_word' id='word_1_415' title='bbox 203 1967 244 1989; x_wconf 89' lang='lat' dir='ltr'><strong>eo</strong></span> <span class='ocrx_word' id='word_1_416' title='bbox 270 1964 396 1989; x_wconf 91' lang='lat' dir='ltr'><strong>omnem</strong></span> <span class='ocrx_word' id='word_1_417' title='bbox 424 1956 596 1988; x_wconf 85' lang='lat' dir='ltr'><strong>amicitiam</strong></span> <span class='ocrx_word' id='word_1_418' title='bbox 619 1955 761 1989; x_wconf 86' lang='lat' dir='ltr'><strong>constare</strong></span> <span class='ocrx_word' id='word_1_419' title='bbox 780 1978 792 1995; x_wconf 91' lang='lat'>‚</span> <span class='ocrx_word' id='word_1_420' title='bbox 822 1957 915 1999; x_wconf 86' lang='lat' dir='ltr'><strong>plane</strong></span> <span class='ocrx_word' id='word_1_421' title='bbox 937 1964 976 1989; x_wconf 77' lang='lat' dir='ltr'><strong>ut</strong></span> <span class='ocrx_word' id='word_1_422' title='bbox 1001 1965 1074 1989; x_wconf 89' lang='lat' dir='ltr'><strong>ante</strong></span> 
     </span>
     <span class='ocr_line' id='line_1_58' title="bbox 202 1997 517 2030; baseline 0 0"><span class='ocrx_word' id='word_1_423' title='bbox 202 1998 324 2030; x_wconf 91' lang='lat' dir='ltr'><strong>bellum</strong></span> <span class='ocrx_word' id='word_1_424' title='bbox 343 1997 517 2030; x_wconf 87' lang='lat' dir='ltr'><strong>constabat.</strong></span> 
     </span>
    </p>

    <p class='ocr_par' dir='ltr' id='par_1_11' title="bbox 204 2038 1077 3029">
     <span class='ocr_line' id='line_1_59' title="bbox 247 2038 1072 2083; baseline 0.002 -13"><span class='ocrx_word' id='word_1_425' title='bbox 247 2038 341 2071; x_wconf 84' lang='lat' dir='ltr'><strong>Hanc</strong></span> <span class='ocrx_word' id='word_1_426' title='bbox 367 2038 539 2071; x_wconf 69' lang='lat' dir='ltr'><strong>doctrinam</strong></span> <span class='ocrx_word' id='word_1_427' title='bbox 565 2040 714 2073; x_wconf 88' lang='lat' dir='ltr'><strong>videntur</strong></span> <span class='ocrx_word' id='word_1_428' title='bbox 743 2040 889 2083; x_wconf 87' lang='lat' dir='ltr'><strong>probass&#39;e</strong></span> <span class='ocrx_word' id='word_1_429' title='bbox 915 2040 1072 2073; x_wconf 88' lang='lat' dir='ltr'><strong>Ordinum</strong></span> 
     </span>
     <span class='ocr_line' id='line_1_60' title="bbox 204 2078 1070 2121; baseline 0.001 -9"><span class='ocrx_word' id='word_1_430' title='bbox 204 2079 411 2113; x_wconf 77' lang='lat' dir='ltr'><strong>Generalium</strong></span> <span class='ocrx_word' id='word_1_431' title='bbox 437 2078 634 2119; x_wconf 81' lang='lat' dir='ltr'><strong>Confiliarii,</strong></span> <span class='ocrx_word' id='word_1_432' title='bbox 658 2091 754 2120; x_wconf 90' lang='lat' dir='ltr'><strong>cum,</strong></span> <span class='ocrx_word' id='word_1_433' title='bbox 777 2082 816 2114; x_wconf 91' lang='lat' dir='ltr'><strong>iis</strong></span> <span class='ocrx_word' id='word_1_434' title='bbox 841 2080 1070 2121; x_wconf 82' lang='lat' dir='ltr'><strong>referentibus,</strong></span> 
     </span>
     <span class='ocr_line' id='line_1_61' title="bbox 206 2119 1072 2163; baseline 0 -9"><span class='ocrx_word' id='word_1_435' title='bbox 206 2121 342 2154; x_wconf 86' lang='lat' dir='ltr'><strong>Ordines</strong></span> <span class='ocrx_word' id='word_1_436' title='bbox 378 2119 552 2153; x_wconf 88' lang='lat' dir='ltr'><strong>Generales</strong></span> <span class='ocrx_word' id='word_1_437' title='bbox 585 2131 615 2163; x_wconf 82' lang='lat'><strong>3.</strong></span> <span class='ocrx_word' id='word_1_438' title='bbox 654 2122 753 2154; x_wconf 89' lang='lat' dir='ltr'><strong>Mart.</strong></span> <span class='ocrx_word' id='word_1_439' title='bbox 788 2125 881 2163; x_wconf 88' lang='lat'><strong>1640.</strong></span> <span class='ocrx_word' id='word_1_440' title='bbox 914 2122 1072 2154; x_wconf 85' lang='lat' dir='ltr'><strong>edixerint</strong></span> 
     </span>
     <span class='ocr_line' id='line_1_62' title="bbox 205 2161 1071 2205; baseline -0.001 -10"><span class='ocrx_word' id='word_1_441' title='bbox 205 2163 225 2204; x_wconf 84' lang='lat'>(</span> <span class='ocrx_word' id='word_1_442' title='bbox 240 2161 308 2204; x_wconf 88' lang='lat'><strong>1),</strong></span> <span class='ocrx_word' id='word_1_443' title='bbox 330 2171 405 2194; x_wconf 78' lang='lat' dir='ltr'><strong>naar</strong></span> <span class='ocrx_word' id='word_1_444' title='bbox 430 2162 487 2194; x_wconf 82' lang='lat' dir='ltr'><strong>alle</strong></span> <span class='ocrx_word' id='word_1_445' title='bbox 509 2163 562 2194; x_wconf 80' lang='lat' dir='ltr'><strong>oud</strong></span> <span class='ocrx_word' id='word_1_446' title='bbox 593 2164 734 2205; x_wconf 83' lang='lat' dir='ltr'><strong>gebruik,</strong></span> <span class='ocrx_word' id='word_1_447' title='bbox 756 2174 792 2196; x_wconf 84' lang='lat' dir='ltr'><strong>en</strong></span> <span class='ocrx_word' id='word_1_448' title='bbox 827 2174 905 2195; x_wconf 77' lang='lat' dir='ltr'><strong>naar</strong></span> <span class='ocrx_word' id='word_1_449' title='bbox 931 2165 965 2195; x_wconf 86' lang='lat' dir='ltr'><strong>de</strong></span> <span class='ocrx_word' id='word_1_450' title='bbox 990 2165 1071 2195; x_wconf 85' lang='lat' dir='ltr'><strong>ordre</strong></span> 
     </span>
     <span class='ocr_line' id='line_1_63' title="bbox 205 2203 1072 2246; baseline 0.002 -11"><span class='ocrx_word' id='word_1_451' title='bbox 205 2214 269 2235; x_wconf 81' lang='lat' dir='ltr'><strong>van</strong></span> <span class='ocrx_word' id='word_1_452' title='bbox 284 2203 490 2243; x_wconf 74' lang='lat' dir='ltr'><strong>neutraliteit,</strong></span> <span class='ocrx_word' id='word_1_453' title='bbox 509 2203 643 2235; x_wconf 90' lang='lat' dir='ltr'><strong>liberum</strong></span> <span class='ocrx_word' id='word_1_454' title='bbox 659 2204 721 2236; x_wconf 81' lang='lat' dir='ltr'><strong>effe</strong></span> <span class='ocrx_word' id='word_1_455' title='bbox 737 2215 802 2237; x_wconf 91' lang='lat' dir='ltr'><strong>non</strong></span> <span class='ocrx_word' id='word_1_456' title='bbox 820 2204 963 2237; x_wconf 89' lang='lat' dir='ltr'><strong>hostibus</strong></span> <span class='ocrx_word' id='word_1_457' title='bbox 975 2205 993 2246; x_wconf 85' lang='lat'><strong>(</strong></span> <span class='ocrx_word' id='word_1_458' title='bbox 1003 2213 1072 2237; x_wconf 78' lang='lat' dir='ltr'><strong>neu-</strong></span> 
     </span>
     <span class='ocr_line' id='line_1_64' title="bbox 207 2244 1072 2286; baseline 0.002 -10"><span class='ocrx_word' id='word_1_459' title='bbox 207 2245 282 2277; x_wconf 79' lang='lat' dir='ltr'><strong>trale</strong></span> <span class='ocrx_word' id='word_1_460' title='bbox 310 2244 462 2286; x_wconf 70' lang='lat' dir='ltr'><strong>Luyden)</strong></span> <span class='ocrx_word' id='word_1_461' title='bbox 482 2245 512 2277; x_wconf 69' lang='grc' dir='ltr'>ἁ</span> <span class='ocrx_word' id='word_1_462' title='bbox 529 2244 622 2276; x_wconf 91' lang='lat' dir='ltr'><strong>nobis</strong></span> <span class='ocrx_word' id='word_1_463' title='bbox 647 2245 678 2277; x_wconf 90' lang='lat'>&amp;</span> <span class='ocrx_word' id='word_1_464' title='bbox 694 2245 774 2278; x_wconf 90' lang='lat' dir='ltr'><strong>hosti</strong></span> <span class='ocrx_word' id='word_1_465' title='bbox 797 2245 925 2286; x_wconf 91' lang='lat' dir='ltr'><strong>nostro,</strong></span> <span class='ocrx_word' id='word_1_466' title='bbox 951 2256 991 2279; x_wconf 88' lang='lat' dir='ltr'><strong>ex</strong></span> <span class='ocrx_word' id='word_1_467' title='bbox 1009 2246 1072 2278; x_wconf 88' lang='lat' dir='ltr'><strong>ani-</strong></span> 
     </span>
     <span class='ocr_line' id='line_1_65' title="bbox 206 2285 1070 2329; baseline 0.001 -11"><span class='ocrx_word' id='word_1_468' title='bbox 206 2287 252 2319; x_wconf 89' lang='lat' dir='ltr'><strong>mi</strong></span> <span class='ocrx_word' id='word_1_469' title='bbox 269 2285 315 2318; x_wconf 90' lang='lat' dir='ltr'><strong>sui</strong></span> <span class='ocrx_word' id='word_1_470' title='bbox 332 2285 485 2318; x_wconf 85' lang='lat' dir='ltr'><strong>sensentia</strong></span> <span class='ocrx_word' id='word_1_471' title='bbox 507 2285 654 2318; x_wconf 86' lang='lat' dir='ltr'><strong>militare.</strong></span> <span class='ocrx_word' id='word_1_472' title='bbox 698 2287 742 2319; x_wconf 93' lang='lat' dir='ltr'><strong>Et</strong></span> <span class='ocrx_word' id='word_1_473' title='bbox 756 2297 850 2329; x_wconf 89' lang='lat' dir='ltr'><strong>quum</strong></span> <span class='ocrx_word' id='word_1_474' title='bbox 865 2286 1000 2329; x_wconf 86' lang='lat' dir='ltr'><strong>Hispani</strong></span> <span class='ocrx_word' id='word_1_475' title='bbox 1019 2297 1070 2329; x_wconf 83' lang='lat'><strong>30.</strong></span> 
     </span>
     <span class='ocr_line' id='line_1_66' title="bbox 206 2326 1071 2370; baseline 0.001 -11"><span class='ocrx_word' id='word_1_476' title='bbox 206 2328 299 2360; x_wconf 86' lang='lat' dir='ltr'><strong>Mart</strong></span> <span class='ocrx_word' id='word_1_477' title='bbox 325 2331 414 2369; x_wconf 79' lang='lat'>1⁶39·</span> <span class='ocrx_word' id='word_1_478' title='bbox 436 2326 623 2366; x_wconf 83' lang='lat' dir='ltr'><strong>edixissent,</strong></span> <span class='ocrx_word' id='word_1_479' title='bbox 645 2327 668 2360; x_wconf 87' lang='lat' dir='ltr'>fi</span> <span class='ocrx_word' id='word_1_480' title='bbox 685 2329 755 2370; x_wconf 91' lang='lat' dir='ltr'><strong>quis</strong></span> <span class='ocrx_word' id='word_1_481' title='bbox 778 2328 960 2361; x_wconf 89' lang='lat' dir='ltr'><strong>Leodienfis</strong></span> <span class='ocrx_word' id='word_1_482' title='bbox 978 2328 1071 2361; x_wconf 89' lang='lat' dir='ltr'><strong>Ordi-</strong></span> 
     </span>
     <span class='ocr_line' id='line_1_67' title="bbox 206 2367 1073 2409; baseline -0.001 -8"><span class='ocrx_word' id='word_1_483' title='bbox 206 2369 301 2401; x_wconf 86' lang='lat' dir='ltr'><strong>nibus</strong></span> <span class='ocrx_word' id='word_1_484' title='bbox 323 2367 531 2400; x_wconf 87' lang='lat' dir='ltr'><strong>Generalibus</strong></span> <span class='ocrx_word' id='word_1_485' title='bbox 555 2368 708 2401; x_wconf 86' lang='lat' dir='ltr'><strong>militaret</strong></span> <span class='ocrx_word' id='word_1_486' title='bbox 724 2393 734 2409; x_wconf 91' lang='lat'>‚</span> <span class='ocrx_word' id='word_1_487' title='bbox 762 2369 844 2402; x_wconf 89' lang='lat' dir='ltr'><strong>intra</strong></span> <span class='ocrx_word' id='word_1_488' title='bbox 865 2369 1004 2403; x_wconf 88' lang='lat' dir='ltr'><strong>mensem</strong></span> <span class='ocrx_word' id='word_1_489' title='bbox 1026 2379 1073 2400; x_wconf 86' lang='lat' dir='ltr'><strong>re-</strong></span> 
     </span>
     <span class='ocr_line' id='line_1_68' title="bbox 207 2409 1075 2451; baseline 0.001 -10"><span class='ocrx_word' id='word_1_490' title='bbox 207 2417 387 2441; x_wconf 85' lang='lat' dir='ltr'><strong>verteretur</strong></span> <span class='ocrx_word' id='word_1_491' title='bbox 406 2432 417 2448; x_wconf 89' lang='lat'><strong>,</strong></span> <span class='ocrx_word' id='word_1_492' title='bbox 446 2409 589 2451; x_wconf 84' lang='lat' dir='ltr'><strong>praestito</strong></span> <span class='ocrx_word' id='word_1_493' title='bbox 614 2410 818 2451; x_wconf 85' lang='lat' dir='ltr'><strong>jurejurando</strong></span> <span class='ocrx_word' id='word_1_494' title='bbox 832 2434 843 2451; x_wconf 90' lang='lat'><strong>,</strong></span> <span class='ocrx_word' id='word_1_495' title='bbox 874 2411 906 2444; x_wconf 92' lang='lat' dir='ltr'><strong>se</strong></span> <span class='ocrx_word' id='word_1_496' title='bbox 927 2420 992 2444; x_wconf 89' lang='lat' dir='ltr'><strong>non</strong></span> <span class='ocrx_word' id='word_1_497' title='bbox 1014 2420 1075 2443; x_wconf 83' lang='lat' dir='ltr'><strong>am-</strong></span> 
     </span>
     <span class='ocr_line' id='line_1_69' title="bbox 208 2450 1075 2492; baseline 0.001 -10"><span class='ocrx_word' id='word_1_498' title='bbox 208 2451 310 2492; x_wconf 66' lang='lat' dir='ltr'><strong>plius,</strong></span> <span class='ocrx_word' id='word_1_499' title='bbox 333 2459 445 2482; x_wconf 88' lang='lat' dir='ltr'><strong>contra</strong></span> <span class='ocrx_word' id='word_1_500' title='bbox 483 2450 643 2492; x_wconf 84' lang='lat' dir='ltr'><strong>Hispanos</strong></span> <span class='ocrx_word' id='word_1_501' title='bbox 677 2459 732 2484; x_wconf 86' lang='lat' dir='ltr'><strong>aut</strong></span> <span class='ocrx_word' id='word_1_502' title='bbox 765 2452 908 2486; x_wconf 90' lang='lat' dir='ltr'><strong>Domum</strong></span> <span class='ocrx_word' id='word_1_503' title='bbox 940 2451 1075 2484; x_wconf 86' lang='lat' dir='ltr'><strong>Austria-</strong></span> 
     </span>
     <span class='ocr_line' id='line_1_70' title="bbox 208 2492 1077 2536; baseline 0.003 -14"><span class='ocrx_word' id='word_1_504' title='bbox 208 2501 278 2524; x_wconf 86' lang='lat' dir='ltr'><strong>cam</strong></span> <span class='ocrx_word' id='word_1_505' title='bbox 294 2492 518 2532; x_wconf 83' lang='lat' dir='ltr'><strong>militaturum,</strong></span> <span class='ocrx_word' id='word_1_506' title='bbox 542 2492 586 2525; x_wconf 88' lang='lat' dir='ltr'><strong>fin</strong></span> <span class='ocrx_word' id='word_1_507' title='bbox 603 2499 705 2525; x_wconf 87' lang='lat' dir='ltr'><strong>autem</strong></span> <span class='ocrx_word' id='word_1_508' title='bbox 715 2515 726 2532; x_wconf 87' lang='lat'><strong>,</strong></span> <span class='ocrx_word' id='word_1_509' title='bbox 748 2495 852 2527; x_wconf 89' lang='lat' dir='ltr'><strong>omnis</strong></span> <span class='ocrx_word' id='word_1_510' title='bbox 867 2494 966 2536; x_wconf 86' lang='lat' dir='ltr'><strong>gratia</strong></span> <span class='ocrx_word' id='word_1_511' title='bbox 981 2494 1009 2525; x_wconf 92' lang='lat' dir='ltr'><strong>ei</strong></span> <span class='ocrx_word' id='word_1_512' title='bbox 1025 2502 1077 2525; x_wconf 88' lang='lat' dir='ltr'><strong>ne-</strong></span> 
     </span>
     <span class='ocr_line' id='line_1_71' title="bbox 209 2533 1072 2577; baseline 0.006 -14"><span class='ocrx_word' id='word_1_513' title='bbox 209 2541 334 2573; x_wconf 85' lang='lat' dir='ltr'><strong>garetur</strong></span> <span class='ocrx_word' id='word_1_514' title='bbox 355 2555 365 2571; x_wconf 92' lang='lat'><strong>,</strong></span> <span class='ocrx_word' id='word_1_515' title='bbox 399 2533 553 2565; x_wconf 86' lang='lat' dir='ltr'><strong>Ordinum</strong></span> <span class='ocrx_word' id='word_1_516' title='bbox 579 2533 783 2568; x_wconf 86' lang='lat' dir='ltr'><strong>Generalium</strong></span> <span class='ocrx_word' id='word_1_517' title='bbox 812 2536 942 2568; x_wconf 82' lang='lat' dir='ltr'><strong>nomine</strong></span> <span class='ocrx_word' id='word_1_518' title='bbox 978 2544 1018 2566; x_wconf 91' lang='lat' dir='ltr'><strong>eo</strong></span> <span class='ocrx_word' id='word_1_519' title='bbox 1043 2546 1072 2577; x_wconf 81' lang='lat'><strong>3.</strong></span> 
     </span>
     <span class='ocr_line' id='line_1_72' title="bbox 209 2572 1075 2615; baseline 0.005 -9"><span class='ocrx_word' id='word_1_520' title='bbox 209 2574 308 2606; x_wconf 85' lang='lat' dir='ltr'><strong>Mart.</strong></span> <span class='ocrx_word' id='word_1_521' title='bbox 337 2576 427 2612; x_wconf 87' lang='lat'>1640.</span> <span class='ocrx_word' id='word_1_522' title='bbox 451 2572 567 2605; x_wconf 67' lang='lat' dir='ltr'><strong>sacrum</strong></span> <span class='ocrx_word' id='word_1_523' title='bbox 586 2573 632 2605; x_wconf 93' lang='lat' dir='ltr'><strong>est</strong></span> <span class='ocrx_word' id='word_1_524' title='bbox 651 2574 750 2607; x_wconf 86' lang='lat' dir='ltr'><strong>fimile</strong></span> <span class='ocrx_word' id='word_1_525' title='bbox 767 2576 912 2608; x_wconf 64' lang='lat' dir='ltr'><strong>Edictum</strong></span> <span class='ocrx_word' id='word_1_526' title='bbox 927 2577 1075 2615; x_wconf 64' lang='grc' dir='ltr'><strong>οἱιττςφεπΊι-</strong></span> 
     </span>
     <span class='ocr_line' id='line_1_73' title="bbox 209 2613 1075 2658; baseline 0.005 -13"><span class='ocrx_word' id='word_1_527' title='bbox 209 2619 271 2651; x_wconf 68' lang='grc' dir='ltr'><strong>,ωἰ,</strong></span> <span class='ocrx_word' id='word_1_528' title='bbox 296 2613 382 2653; x_wconf 73' lang='lat' dir='ltr'><strong>quus</strong></span> <span class='ocrx_word' id='word_1_529' title='bbox 400 2613 443 2645; x_wconf 89' lang='lat' dir='ltr'><strong>fic</strong></span> <span class='ocrx_word' id='word_1_530' title='bbox 460 2614 607 2651; x_wconf 84' lang='lat' dir='ltr'><strong>memini,</strong></span> <span class='ocrx_word' id='word_1_531' title='bbox 630 2615 748 2647; x_wconf 90' lang='lat' dir='ltr'><strong>tamdiu</strong></span> <span class='ocrx_word' id='word_1_532' title='bbox 772 2616 962 2655; x_wconf 80' lang='lat' dir='ltr'><strong>valiturum,</strong></span> <span class='ocrx_word' id='word_1_533' title='bbox 984 2626 1075 2658; x_wconf 86' lang='lat' dir='ltr'><strong>quam</strong></span> 
     </span>
     <span class='ocr_line' id='line_1_74' title="bbox 210 2653 1070 2699; baseline 0.001 -11"><span class='ocrx_word' id='word_1_534' title='bbox 210 2656 331 2688; x_wconf 71' lang='lat' dir='ltr'><strong>valeret</strong></span> <span class='ocrx_word' id='word_1_535' title='bbox 348 2654 427 2686; x_wconf 87' lang='lat' dir='ltr'><strong>illud</strong></span> <span class='ocrx_word' id='word_1_536' title='bbox 442 2653 672 2696; x_wconf 85' lang='lat' dir='ltr'><strong>Hispanicum,</strong></span> <span class='ocrx_word' id='word_1_537' title='bbox 696 2657 779 2696; x_wconf 90' lang='lat' dir='ltr'><strong>quod</strong></span> <span class='ocrx_word' id='word_1_538' title='bbox 803 2657 836 2689; x_wconf 89' lang='lat' dir='ltr'><strong>in</strong></span> <span class='ocrx_word' id='word_1_539' title='bbox 858 2658 886 2688; x_wconf 89' lang='lat' dir='ltr'><strong>d.</strong></span> <span class='ocrx_word' id='word_1_540' title='bbox 904 2657 1018 2690; x_wconf 64' lang='lat' dir='ltr'><strong>Ediflo</strong></span> <span class='ocrx_word' id='word_1_541' title='bbox 1040 2668 1070 2699; x_wconf 83' lang='lat'><strong>3.</strong></span> 
     </span>
     <span class='ocr_line' id='line_1_75' title="bbox 211 2696 1072 2736; baseline 0.001 -7"><span class='ocrx_word' id='word_1_542' title='bbox 211 2697 313 2729; x_wconf 82' lang='lat' dir='ltr'><strong>Mart.</strong></span> <span class='ocrx_word' id='word_1_543' title='bbox 342 2698 432 2736; x_wconf 81' lang='lat'><strong>1640.</strong></span> <span class='ocrx_word' id='word_1_544' title='bbox 456 2703 492 2727; x_wconf 90' lang='lat' dir='ltr'><strong>ut</strong></span> <span class='ocrx_word' id='word_1_545' title='bbox 507 2696 632 2736; x_wconf 88' lang='lat' dir='ltr'><strong>penitus</strong></span> <span class='ocrx_word' id='word_1_546' title='bbox 652 2705 793 2734; x_wconf 87' lang='lat' dir='ltr'><strong>novum,</strong></span> <span class='ocrx_word' id='word_1_547' title='bbox 815 2698 845 2729; x_wconf 73' lang='grc' dir='ltr'><strong>δι</strong></span> <span class='ocrx_word' id='word_1_548' title='bbox 864 2697 903 2728; x_wconf 83' lang='lat' dir='ltr'><strong>ab</strong></span> <span class='ocrx_word' id='word_1_549' title='bbox 919 2699 1004 2729; x_wconf 90' lang='lat' dir='ltr'><strong>omni</strong></span> <span class='ocrx_word' id='word_1_550' title='bbox 1026 2709 1072 2730; x_wconf 88' lang='lat' dir='ltr'><strong>ra-</strong></span> 
     </span>
     <span class='ocr_line' id='line_1_76' title="bbox 209 2736 1072 2777; baseline 0.001 -8"><span class='ocrx_word' id='word_1_551' title='bbox 209 2738 302 2769; x_wconf 87' lang='lat' dir='ltr'><strong>tione</strong></span> <span class='ocrx_word' id='word_1_552' title='bbox 318 2737 453 2769; x_wconf 85' lang='lat' dir='ltr'><strong>alienum</strong></span> <span class='ocrx_word' id='word_1_553' title='bbox 470 2736 662 2776; x_wconf 84' lang='lat' dir='ltr'><strong>traducitur,-</strong></span> <span class='ocrx_word' id='word_1_554' title='bbox 687 2737 734 2770; x_wconf 86' lang='lat' dir='ltr'><strong>his</strong></span> <span class='ocrx_word' id='word_1_555' title='bbox 752 2736 820 2768; x_wconf 86' lang='lat' dir='ltr'><strong>fere</strong></span> <span class='ocrx_word' id='word_1_556' title='bbox 836 2737 1000 2777; x_wconf 85' lang='lat' dir='ltr'><strong>formulis,</strong></span> <span class='ocrx_word' id='word_1_557' title='bbox 1023 2749 1072 2770; x_wconf 82' lang='lat' dir='ltr'><strong>on-</strong></span> 
     </span>
     <span class='ocr_line' id='line_1_77' title="bbox 211 2778 1073 2821; baseline 0.002 -11"><span class='ocrx_word' id='word_1_558' title='bbox 211 2779 327 2820; x_wconf 66' lang='lat' dir='ltr'><strong>redelyk</strong></span> <span class='ocrx_word' id='word_1_559' title='bbox 344 2778 659 2820; x_wconf 71' lang='lat' dir='ltr'><strong>Placaat,zoodanige</strong></span> <span class='ocrx_word' id='word_1_560' title='bbox 675 2779 895 2821; x_wconf 81' lang='lat' dir='ltr'><strong>nieuwigbeicl,</strong></span> <span class='ocrx_word' id='word_1_561' title='bbox 907 2789 943 2811; x_wconf 86' lang='lat' dir='ltr'><strong>en</strong></span> <span class='ocrx_word' id='word_1_562' title='bbox 960 2781 1073 2812; x_wconf 79' lang='lat' dir='ltr'><strong>onrede-</strong></span> 
     </span>
     <span class='ocr_line' id='line_1_78' title="bbox 213 2819 1073 2863; baseline 0.002 -12"><span class='ocrx_word' id='word_1_563' title='bbox 213 2819 490 2861; x_wconf 60' lang='lat' dir='ltr'><strong>lykhez&#39;dffloolange</strong></span> <span class='ocrx_word' id='word_1_564' title='bbox 501 2820 547 2850; x_wconf 84' lang='lat' dir='ltr'><strong>die</strong></span> <span class='ocrx_word' id='word_1_565' title='bbox 555 2821 650 2850; x_wconf 79' lang='lat' dir='ltr'><strong>vande</strong></span> <span class='ocrx_word' id='word_1_566' title='bbox 662 2819 826 2861; x_wconf 61' lang='lat' dir='ltr'><strong>Spaansche</strong></span> <span class='ocrx_word' id='word_1_567' title='bbox 836 2820 992 2863; x_wconf 81' lang='lat' dir='ltr'><strong>Regerz&#39;ng</strong></span> <span class='ocrx_word' id='word_1_568' title='bbox 1001 2823 1033 2853; x_wconf 82' lang='lat' dir='ltr'><strong>in</strong></span> <span class='ocrx_word' id='word_1_569' title='bbox 1041 2823 1073 2853; x_wconf 83' lang='lat' dir='ltr'><strong>de</strong></span> 
     </span>
     <span class='ocr_line' id='line_1_79' title="bbox 211 2861 1072 2903; baseline 0.003 -12"><span class='ocrx_word' id='word_1_570' title='bbox 211 2861 320 2903; x_wconf 57' lang='grc' dir='ltr'><strong>ιυοοῦβ.</strong></span> <span class='ocrx_word' id='word_1_571' title='bbox 342 2861 427 2892; x_wconf 83' lang='lat' dir='ltr'><strong>heure</strong></span> <span class='ocrx_word' id='word_1_572' title='bbox 443 2861 662 2902; x_wconf 74' lang='lat' dir='ltr'><strong>onredelykheid</strong></span> <span class='ocrx_word' id='word_1_573' title='bbox 685 2861 783 2892; x_wconf 73' lang='lat' dir='ltr'><strong>zallen</strong></span> <span class='ocrx_word' id='word_1_574' title='bbox 802 2861 907 2901; x_wconf 73' lang='lat' dir='ltr'><strong>blyven</strong></span> <span class='ocrx_word' id='word_1_575' title='bbox 924 2863 1072 2894; x_wconf 78' lang='lat' dir='ltr'><strong>continue-</strong></span> 
     </span>
     <span class='ocr_line' id='line_1_80' title="bbox 214 2900 1073 2942; baseline 0.005 -10"><span class='ocrx_word' id='word_1_576' title='bbox 214 2913 265 2933; x_wconf 76' lang='lat' dir='ltr'><strong>ren</strong></span> <span class='ocrx_word' id='word_1_577' title='bbox 290 2901 350 2938; x_wconf 59' lang='lat' dir='ltr'><strong>&amp;a</strong></span> <span class='ocrx_word' id='word_1_578' title='bbox 397 2900 474 2933; x_wconf 89' lang='lat' dir='ltr'><strong>Non</strong></span> <span class='ocrx_word' id='word_1_579' title='bbox 497 2901 557 2933; x_wconf 85' lang='lat' dir='ltr'><strong>alia</strong></span> <span class='ocrx_word' id='word_1_580' title='bbox 592 2910 716 2942; x_wconf 88' lang='lat' dir='ltr'><strong>quoque</strong></span> <span class='ocrx_word' id='word_1_581' title='bbox 750 2901 814 2933; x_wconf 87' lang='lat' dir='ltr'><strong>fuit</strong></span> <span class='ocrx_word' id='word_1_582' title='bbox 840 2901 1073 2936; x_wconf 89' lang='lat' dir='ltr'><strong>Hollandorum</strong></span> 
     </span>
     <span class='ocr_line' id='line_1_81' title="bbox 214 2941 1072 2983; baseline 0.002 -8"><span class='ocrx_word' id='word_1_583' title='bbox 214 2942 416 2983; x_wconf 77' lang='lat' dir='ltr'><strong>quorumdam</strong></span> <span class='ocrx_word' id='word_1_584' title='bbox 435 2941 605 2981; x_wconf 86' lang='lat' dir='ltr'><strong>sententia,</strong></span> <span class='ocrx_word' id='word_1_585' title='bbox 617 2942 740 2976; x_wconf 73' lang='lat' dir='ltr'><strong>dictain</strong></span> <span class='ocrx_word' id='word_1_586' title='bbox 758 2942 908 2975; x_wconf 85' lang='lat' dir='ltr'><strong>Comitiis</strong></span> <span class='ocrx_word' id='word_1_587' title='bbox 918 2943 1072 2977; x_wconf 83' lang='lat' dir='ltr'><strong>Ordinum</strong></span> 
     </span>
     <span class='ocr_line' id='line_1_82' title="bbox 214 2982 1069 3029; baseline 0.001 -14"><span class='ocrx_word' id='word_1_588' title='bbox 214 2983 395 3016; x_wconf 70' lang='lat' dir='ltr'><strong>llollandiae</strong></span> <span class='ocrx_word' id='word_1_589' title='bbox 414 2986 463 3015; x_wconf 84' lang='lat'><strong>26.</strong></span> <span class='ocrx_word' id='word_1_590' title='bbox 487 2982 579 3015; x_wconf 86' lang='lat' dir='ltr'><strong>Febr.</strong></span> <span class='ocrx_word' id='word_1_591' title='bbox 605 2986 694 3024; x_wconf 82' lang='lat'><strong>1684.</strong></span> <span class='ocrx_word' id='word_1_592' title='bbox 719 2982 792 3026; x_wconf 85' lang='lat'><strong>(2)</strong></span> <span class='ocrx_word' id='word_1_593' title='bbox 812 2994 883 3018; x_wconf 86' lang='lat' dir='ltr'><strong>cuin</strong></span> <span class='ocrx_word' id='word_1_594' title='bbox 900 2984 1069 3029; x_wconf 75' lang='lat' dir='ltr'><strong>urgebant,</strong></span> 
     </span>
    </p>
   </div>
   <div class='ocr_carea' id='block_1_9' title="bbox 251 3106 769 3222">
    <p class='ocr_par' dir='ltr' id='par_1_12' title="bbox 251 3106 769 3222">
     <span class='ocr_line' id='line_1_83' title="bbox 254 3106 769 3147; baseline 0.017 -14"><span class='ocrx_word' id='word_1_595' title='bbox 254 3106 330 3142; x_wconf 75' lang='lat'><strong>(23)</strong></span> <span class='ocrx_word' id='word_1_596' title='bbox 351 3108 385 3136; x_wconf 88' lang='lat' dir='ltr'><strong>L.</strong></span> <span class='ocrx_word' id='word_1_597' title='bbox 400 3108 532 3138; x_wconf 78' lang='lat' dir='ltr'><strong>XLVIII.</strong></span> <span class='ocrx_word' id='word_1_598' title='bbox 553 3117 580 3146; x_wconf 88' lang='lat' dir='ltr'><strong>p.</strong></span> <span class='ocrx_word' id='word_1_599' title='bbox 601 3117 645 3145; x_wconf 87' lang='lat'><strong>29.</strong></span> <span class='ocrx_word' id='word_1_600' title='bbox 667 3107 704 3146; x_wconf 58' lang='grc' dir='ltr'><strong>δ’)</strong></span> <span class='ocrx_word' id='word_1_601' title='bbox 723 3117 769 3147; x_wconf 83' lang='grc'><strong>30.</strong></span> 
     </span>
     <span class='ocr_line' id='line_1_84' title="bbox 254 3145 534 3180; baseline 0.021 -11"><span class='ocrx_word' id='word_1_602' title='bbox 254 3145 334 3180; x_wconf 73' lang='lat'><strong>(24)</strong></span> <span class='ocrx_word' id='word_1_603' title='bbox 355 3145 455 3174; x_wconf 69' lang='lat' dir='ltr'><strong>Ibidem</strong></span> <span class='ocrx_word' id='word_1_604' title='bbox 476 3148 534 3175; x_wconf 77' lang='lat' dir='ltr'><strong>loci.</strong></span> 
     </span>
     <span class='ocr_line' id='line_1_85' title="bbox 251 3181 605 3222; baseline 0.023 -14"><span class='ocrx_word' id='word_1_605' title='bbox 251 3181 311 3218; x_wconf 71' lang='grc' dir='ltr'><strong>(ι)</strong></span> <span class='ocrx_word' id='word_1_606' title='bbox 334 3181 406 3211; x_wconf 72' lang='lat' dir='ltr'><strong>Flac.</strong></span> <span class='ocrx_word' id='word_1_607' title='bbox 428 3184 464 3212; x_wconf 75' lang='grc' dir='ltr'><strong>ΙΙ.</strong></span> <span class='ocrx_word' id='word_1_608' title='bbox 485 3193 510 3219; x_wconf 64' lang='grc'><strong>4,</strong></span> <span class='ocrx_word' id='word_1_609' title='bbox 532 3187 557 3214; x_wconf 85' lang='grc'><strong>8.</strong></span> <span class='ocrx_word' id='word_1_610' title='bbox 579 3195 605 3222; x_wconf 77' lang='lat'><strong>4.</strong></span> 
     </span>
    </p>
   </div>
   <div class='ocr_carea' id='block_1_10' title="bbox 1103 1006 1979 3052">
    <p class='ocr_par' dir='ltr' id='par_1_13' title="bbox 1103 1006 1965 1049">
     <span class='ocr_line' id='line_1_86' title="bbox 1103 1006 1965 1049; baseline 0.002 -9"><span class='ocrx_word' id='word_1_611' title='bbox 1103 1006 1274 1048; x_wconf 77' lang='lat' dir='ltr'><strong>Hispanis,</strong></span> <span class='ocrx_word' id='word_1_612' title='bbox 1299 1008 1410 1049; x_wconf 88' lang='lat' dir='ltr'><strong>quibus</strong></span> <span class='ocrx_word' id='word_1_613' title='bbox 1432 1015 1543 1040; x_wconf 85' lang='lat' dir='ltr'><strong>contra</strong></span> <span class='ocrx_word' id='word_1_614' title='bbox 1560 1007 1696 1040; x_wconf 83' lang='lat' dir='ltr'><strong>Francos</strong></span> <span class='ocrx_word' id='word_1_615' title='bbox 1715 1016 1897 1048; x_wconf 85' lang='lat' dir='ltr'><strong>uterentur,</strong></span> <span class='ocrx_word' id='word_1_616' title='bbox 1917 1019 1965 1042; x_wconf 77' lang='lat' dir='ltr'><strong>au.-</strong></span> 
     </span>
    </p>

    <p class='ocr_par' dir='ltr' id='par_1_14' title="bbox 1105 1048 1965 1090">
     <span class='ocr_line' id='line_1_87' title="bbox 1105 1048 1965 1090; baseline 0.002 -10"><span class='ocrx_word' id='word_1_617' title='bbox 1105 1049 1232 1080; x_wconf 83' lang='lat' dir='ltr'><strong>xiliares</strong></span> <span class='ocrx_word' id='word_1_618' title='bbox 1243 1048 1499 1090; x_wconf 85' lang='lat' dir='ltr'><strong>CopiasaBelgis</strong></span> <span class='ocrx_word' id='word_1_619' title='bbox 1516 1049 1540 1080; x_wconf 84' lang='lat' dir='ltr'>F</span> <span class='ocrx_word' id='word_1_620' title='bbox 1543 1049 1689 1081; x_wconf 85' lang='lat' dir='ltr'><strong>oederatis</strong></span> <span class='ocrx_word' id='word_1_621' title='bbox 1707 1050 1769 1082; x_wconf 83' lang='lat' dir='ltr'><strong>ess&#39;e</strong></span> <span class='ocrx_word' id='word_1_622' title='bbox 1785 1050 1965 1090; x_wconf 85' lang='lat' dir='ltr'><strong>mittendas,</strong></span> 
     </span>
    </p>

    <p class='ocr_par' dir='ltr' id='par_1_15' title="bbox 1104 1088 1970 1163">
     <span class='ocr_line' id='line_1_88' title="bbox 1104 1088 1970 1163; baseline 0.003 -42"><span class='ocrx_word' id='word_1_623' title='bbox 1104 1090 1136 1163; x_wconf 58' lang='lat' dir='ltr'><strong>ild</strong></span> <span class='ocrx_word' id='word_1_624' title='bbox 1166 1089 1250 1136; x_wconf 40' lang='lat' dir='ltr'><strong>eni-m</strong></span> <span class='ocrx_word' id='word_1_625' title='bbox 1278 1090 1346 1122; x_wconf 89' lang='lat' dir='ltr'><strong>fieri</strong></span> <span class='ocrx_word' id='word_1_626' title='bbox 1372 1089 1460 1131; x_wconf 82' lang='lat' dir='ltr'><strong>poss&#39;e</strong></span> <span class='ocrx_word' id='word_1_627' title='bbox 1483 1088 1565 1122; x_wconf 85' lang='lat' dir='ltr'><strong>salva</strong></span> <span class='ocrx_word' id='word_1_628' title='bbox 1587 1100 1665 1131; x_wconf 87' lang='lat' dir='ltr'><strong>pace</strong></span> <span class='ocrx_word' id='word_1_629' title='bbox 1684 1091 1714 1123; x_wconf 74' lang='grc' dir='ltr'><strong>ὅ(</strong></span> <span class='ocrx_word' id='word_1_630' title='bbox 1738 1091 1879 1124; x_wconf 85' lang='lat' dir='ltr'><strong>amicitia</strong></span> <span class='ocrx_word' id='word_1_631' title='bbox 1897 1101 1970 1124; x_wconf 87' lang='lat' dir='ltr'><strong>cum</strong></span> 
     </span>
     <span class='ocr_line' id='line_1_89' title="bbox 1135 1140 1246 1163; baseline -0.009 0"><span class='ocrx_word' id='word_1_632' title='bbox 1135 1140 1246 1163; x_wconf 80' lang='lat' dir='ltr'><strong>rancis.</strong></span> 
     </span>
    </p>

    <p class='ocr_par' dir='ltr' id='par_1_16' title="bbox 1108 1171 1979 2731">
     <span class='ocr_line' id='line_1_90' title="bbox 1150 1171 1969 1216; baseline 0.002 -13"><span class='ocrx_word' id='word_1_633' title='bbox 1150 1172 1210 1203; x_wconf 91' lang='lat' dir='ltr'><strong>Sed</strong></span> <span class='ocrx_word' id='word_1_634' title='bbox 1228 1171 1373 1213; x_wconf 76' lang='lat' dir='ltr'><strong>profecto</strong></span> <span class='ocrx_word' id='word_1_635' title='bbox 1400 1182 1437 1204; x_wconf 90' lang='lat' dir='ltr'><strong>ea</strong></span> <span class='ocrx_word' id='word_1_636' title='bbox 1454 1172 1607 1206; x_wconf 87' lang='lat' dir='ltr'><strong>sententia</strong></span> <span class='ocrx_word' id='word_1_637' title='bbox 1635 1173 1792 1216; x_wconf 83' lang='lat' dir='ltr'><strong>probanda</strong></span> <span class='ocrx_word' id='word_1_638' title='bbox 1808 1183 1871 1206; x_wconf 89' lang='lat' dir='ltr'><strong>non</strong></span> <span class='ocrx_word' id='word_1_639' title='bbox 1905 1173 1969 1213; x_wconf 75' lang='lat' dir='ltr'><strong>est,</strong></span> 
     </span>
     <span class='ocr_line' id='line_1_91' title="bbox 1108 1213 1972 1255; baseline 0.002 -10"><span class='ocrx_word' id='word_1_640' title='bbox 1108 1213 1130 1245; x_wconf 81' lang='lat' dir='ltr'>fi</span> <span class='ocrx_word' id='word_1_641' title='bbox 1162 1213 1201 1243; x_wconf 88' lang='lat' dir='ltr'><strong>de</strong></span> <span class='ocrx_word' id='word_1_642' title='bbox 1233 1213 1281 1244; x_wconf 89' lang='lat' dir='ltr'><strong>his</strong></span> <span class='ocrx_word' id='word_1_643' title='bbox 1317 1222 1470 1254; x_wconf 83' lang='lat' dir='ltr'><strong>agamus,</strong></span> <span class='ocrx_word' id='word_1_644' title='bbox 1504 1214 1557 1254; x_wconf 89' lang='lat' dir='ltr'><strong>qui</strong></span> <span class='ocrx_word' id='word_1_645' title='bbox 1582 1214 1763 1255; x_wconf 87' lang='lat' dir='ltr'><strong>fimpliciter</strong></span> <span class='ocrx_word' id='word_1_646' title='bbox 1787 1215 1858 1246; x_wconf 89' lang='lat' dir='ltr'><strong>sunt</strong></span> <span class='ocrx_word' id='word_1_647' title='bbox 1897 1217 1972 1247; x_wconf 79' lang='lat' dir='ltr'><strong>ami-</strong></span> 
     </span>
     <span class='ocr_line' id='line_1_92' title="bbox 1109 1253 1972 1296; baseline 0.002 -11"><span class='ocrx_word' id='word_1_648' title='bbox 1109 1254 1150 1285; x_wconf 91' lang='lat' dir='ltr'><strong>ci.</strong></span> <span class='ocrx_word' id='word_1_649' title='bbox 1195 1253 1322 1286; x_wconf 87' lang='lat' dir='ltr'><strong>Horum</strong></span> <span class='ocrx_word' id='word_1_650' title='bbox 1350 1254 1490 1286; x_wconf 88' lang='lat' dir='ltr'><strong>officium</strong></span> <span class='ocrx_word' id='word_1_651' title='bbox 1516 1253 1581 1293; x_wconf 86' lang='lat' dir='ltr'><strong>est,</strong></span> <span class='ocrx_word' id='word_1_652' title='bbox 1603 1255 1689 1286; x_wconf 89' lang='lat' dir='ltr'><strong>omni</strong></span> <span class='ocrx_word' id='word_1_653' title='bbox 1716 1256 1813 1287; x_wconf 91' lang='lat' dir='ltr'><strong>modo</strong></span> <span class='ocrx_word' id='word_1_654' title='bbox 1838 1265 1972 1296; x_wconf 76' lang='lat' dir='ltr'><strong>cavere,</strong></span> 
     </span>
     <span class='ocr_line' id='line_1_93' title="bbox 1109 1294 1971 1338; baseline 0.002 -12"><span class='ocrx_word' id='word_1_655' title='bbox 1109 1304 1149 1326; x_wconf 91' lang='lat' dir='ltr'><strong>ne</strong></span> <span class='ocrx_word' id='word_1_656' title='bbox 1169 1294 1200 1326; x_wconf 91' lang='lat' dir='ltr'><strong>se</strong></span> <span class='ocrx_word' id='word_1_657' title='bbox 1220 1295 1306 1327; x_wconf 91' lang='lat' dir='ltr'><strong>bello</strong></span> <span class='ocrx_word' id='word_1_658' title='bbox 1324 1295 1551 1336; x_wconf 82' lang='lat' dir='ltr'><strong>interponant,</strong></span> <span class='ocrx_word' id='word_1_659' title='bbox 1575 1295 1605 1327; x_wconf 73' lang='grc' dir='ltr'>ἃ</span> <span class='ocrx_word' id='word_1_660' title='bbox 1624 1295 1690 1334; x_wconf 88' lang='lat' dir='ltr'><strong>his,</strong></span> <span class='ocrx_word' id='word_1_661' title='bbox 1713 1305 1804 1337; x_wconf 83' lang='lat' dir='ltr'><strong>quam</strong></span> <span class='ocrx_word' id='word_1_662' title='bbox 1823 1296 1887 1328; x_wconf 89' lang='lat' dir='ltr'><strong>illis</strong></span> <span class='ocrx_word' id='word_1_663' title='bbox 1903 1306 1971 1338; x_wconf 86' lang='lat' dir='ltr'><strong>par-</strong></span> 
     </span>
     <span class='ocr_line' id='line_1_94' title="bbox 1110 1335 1973 1378; baseline 0.005 -11"><span class='ocrx_word' id='word_1_664' title='bbox 1110 1336 1194 1368; x_wconf 89' lang='lat' dir='ltr'><strong>tibus</strong></span> <span class='ocrx_word' id='word_1_665' title='bbox 1209 1335 1268 1368; x_wconf 77' lang='lat' dir='ltr'><strong>sint</strong></span> <span class='ocrx_word' id='word_1_666' title='bbox 1287 1336 1338 1367; x_wconf 91' lang='lat' dir='ltr'><strong>vel</strong></span> <span class='ocrx_word' id='word_1_667' title='bbox 1358 1346 1383 1367; x_wconf 84' lang='lat' dir='ltr'>ae</span> <span class='ocrx_word' id='word_1_668' title='bbox 1408 1337 1512 1368; x_wconf 87' lang='lat' dir='ltr'><strong>uiorcs</strong></span> <span class='ocrx_word' id='word_1_669' title='bbox 1530 1336 1583 1367; x_wconf 91' lang='lat' dir='ltr'><strong>vel</strong></span> <span class='ocrx_word' id='word_1_670' title='bbox 1602 1337 1783 1377; x_wconf 85' lang='lat' dir='ltr'><strong>iniquiores.</strong></span> <span class='ocrx_word' id='word_1_671' title='bbox 1828 1336 1973 1378; x_wconf 75' lang='lat' dir='ltr'><strong>idipsum</strong></span> 
     </span>
     <span class='ocr_line' id='line_1_95' title="bbox 1110 1346 1971 1420; baseline 0.006 -12"><span class='ocrx_word' id='word_1_672' title='bbox 1110 1376 1175 1416; x_wconf 92' lang='lat' dir='ltr'><strong>est,</strong></span> <span class='ocrx_word' id='word_1_673' title='bbox 1198 1378 1284 1418; x_wconf 90' lang='lat' dir='ltr'><strong>quod</strong></span> <span class='ocrx_word' id='word_1_674' title='bbox 1301 1346 1527 1419; x_wconf 40' lang='lat' dir='ltr'><strong>apud‘loivium</strong></span> <span class='ocrx_word' id='word_1_675' title='bbox 1546 1377 1619 1419; x_wconf 83' lang='lat' dir='ltr'><strong>lego</strong></span> <span class='ocrx_word' id='word_1_676' title='bbox 1635 1377 1674 1410; x_wconf 95' lang='lat' dir='ltr'><strong>L.</strong></span> <span class='ocrx_word' id='word_1_677' title='bbox 1696 1377 1841 1411; x_wconf 87' lang='lat' dir='ltr'><strong>XXXV.</strong></span> <span class='ocrx_word' id='word_1_678' title='bbox 1869 1379 1900 1411; x_wconf 92' lang='lat' dir='ltr'><strong>C.</strong></span> <span class='ocrx_word' id='word_1_679' title='bbox 1917 1384 1971 1420; x_wconf 86' lang='lat'><strong>48.</strong></span> 
     </span>
     <span class='ocr_line' id='line_1_96' title="bbox 1110 1418 1972 1460; baseline 0.002 -9"><span class='ocrx_word' id='word_1_680' title='bbox 1110 1418 1191 1451; x_wconf 83' lang='lat' dir='ltr'><strong>Bello</strong></span> <span class='ocrx_word' id='word_1_681' title='bbox 1202 1419 1519 1460; x_wconf 78' lang='lat' dir='ltr'><strong>senoninterpomznt,</strong></span> <span class='ocrx_word' id='word_1_682' title='bbox 1531 1418 1592 1450; x_wconf 91' lang='lat' dir='ltr'><strong>hoc</strong></span> <span class='ocrx_word' id='word_1_683' title='bbox 1602 1418 1669 1457; x_wconf 89' lang='lat' dir='ltr'><strong>est,</strong></span> <span class='ocrx_word' id='word_1_684' title='bbox 1685 1419 1716 1451; x_wconf 93' lang='lat' dir='ltr'><strong>in</strong></span> <span class='ocrx_word' id='word_1_685' title='bbox 1733 1418 1823 1451; x_wconf 86' lang='lat' dir='ltr'><strong>causa</strong></span> <span class='ocrx_word' id='word_1_686' title='bbox 1839 1419 1914 1452; x_wconf 93' lang='lat' dir='ltr'><strong>belli</strong></span> <span class='ocrx_word' id='word_1_687' title='bbox 1929 1421 1972 1453; x_wconf 88' lang='lat' dir='ltr'><strong>al-</strong></span> 
     </span>
     <span class='ocr_line' id='line_1_97' title="bbox 1110 1459 1970 1502; baseline 0.002 -11"><span class='ocrx_word' id='word_1_688' title='bbox 1110 1467 1213 1492; x_wconf 89' lang='lat' dir='ltr'><strong>terum</strong></span> <span class='ocrx_word' id='word_1_689' title='bbox 1230 1461 1321 1492; x_wconf 89' lang='lat' dir='ltr'><strong>alteri</strong></span> <span class='ocrx_word' id='word_1_690' title='bbox 1342 1469 1381 1492; x_wconf 88' lang='lat' dir='ltr'><strong>ne</strong></span> <span class='ocrx_word' id='word_1_691' title='bbox 1398 1459 1586 1502; x_wconf 81' lang='lat' dir='ltr'><strong>praeferant,</strong></span> <span class='ocrx_word' id='word_1_692' title='bbox 1610 1460 1640 1492; x_wconf 70' lang='grc' dir='ltr'><strong>δε</strong></span> <span class='ocrx_word' id='word_1_693' title='bbox 1661 1470 1699 1492; x_wconf 90' lang='lat' dir='ltr'><strong>eo</strong></span> <span class='ocrx_word' id='word_1_694' title='bbox 1730 1460 1797 1493; x_wconf 88' lang='lat' dir='ltr'><strong>solo</strong></span> <span class='ocrx_word' id='word_1_695' title='bbox 1820 1461 1906 1493; x_wconf 66' lang='lat' dir='ltr'><strong>reste</strong></span> <span class='ocrx_word' id='word_1_696' title='bbox 1918 1462 1970 1494; x_wconf 91' lang='lat' dir='ltr'><strong>de-</strong></span> 
     </span>
     <span class='ocr_line' id='line_1_98' title="bbox 1108 1498 1971 1543; baseline 0.003 -10"><span class='ocrx_word' id='word_1_697' title='bbox 1108 1498 1284 1543; x_wconf 81' lang='lat' dir='ltr'><strong>funguntur</strong></span> <span class='ocrx_word' id='word_1_698' title='bbox 1303 1526 1313 1542; x_wconf 93' lang='lat'><strong>,</strong></span> <span class='ocrx_word' id='word_1_699' title='bbox 1367 1502 1396 1533; x_wconf 92' lang='lat' dir='ltr'><strong>ui</strong></span> <span class='ocrx_word' id='word_1_700' title='bbox 1414 1510 1593 1534; x_wconf 86' lang='lat' dir='ltr'><strong>neutrarum</strong></span> <span class='ocrx_word' id='word_1_701' title='bbox 1639 1502 1751 1534; x_wconf 88' lang='lat' dir='ltr'><strong>artium</strong></span> <span class='ocrx_word' id='word_1_702' title='bbox 1783 1501 1862 1535; x_wconf 89' lang='lat' dir='ltr'><strong>sunt.</strong></span> <span class='ocrx_word' id='word_1_703' title='bbox 1906 1501 1971 1536; x_wconf 89' lang='lat' dir='ltr'><strong>Ne-</strong></span> 
     </span>
     <span class='ocr_line' id='line_1_99' title="bbox 1111 1541 1969 1584; baseline 0.003 -10"><span class='ocrx_word' id='word_1_704' title='bbox 1111 1541 1199 1582; x_wconf 89' lang='lat' dir='ltr'><strong>scio,</strong></span> <span class='ocrx_word' id='word_1_705' title='bbox 1222 1552 1261 1575; x_wconf 86' lang='lat' dir='ltr'><strong>an</strong></span> <span class='ocrx_word' id='word_1_706' title='bbox 1277 1542 1348 1575; x_wconf 84' lang='lat' dir='ltr'><strong>satis</strong></span> <span class='ocrx_word' id='word_1_707' title='bbox 1367 1543 1492 1582; x_wconf 88' lang='lat' dir='ltr'><strong>aciant,</strong></span> <span class='ocrx_word' id='word_1_708' title='bbox 1515 1553 1585 1584; x_wconf 85' lang='lat' dir='ltr'><strong>quae</strong></span> <span class='ocrx_word' id='word_1_709' title='bbox 1640 1543 1742 1575; x_wconf 88' lang='lat' dir='ltr'><strong>rotius</strong></span> <span class='ocrx_word' id='word_1_710' title='bbox 1761 1542 1842 1576; x_wconf 85' lang='lat' dir='ltr'><strong>dixit</strong></span> <span class='ocrx_word' id='word_1_711' title='bbox 1861 1543 1901 1576; x_wconf 91' lang='lat' dir='ltr'><strong>L.</strong></span> <span class='ocrx_word' id='word_1_712' title='bbox 1911 1543 1969 1578; x_wconf 89' lang='lat' dir='ltr'><strong>III.</strong></span> 
     </span>
     <span class='ocr_line' id='line_1_100' title="bbox 1115 1584 1970 1628; baseline 0.002 -12"><span class='ocrx_word' id='word_1_713' title='bbox 1115 1587 1149 1616; x_wconf 80' lang='lat' dir='ltr'><strong>de</strong></span> <span class='ocrx_word' id='word_1_714' title='bbox 1173 1585 1250 1626; x_wconf 78' lang='lat' dir='ltr'><strong>Jure</strong></span> <span class='ocrx_word' id='word_1_715' title='bbox 1283 1585 1318 1617; x_wconf 91' lang='lat' dir='ltr'><strong>B.</strong></span> <span class='ocrx_word' id='word_1_716' title='bbox 1344 1584 1380 1620; x_wconf 58' lang='grc' dir='ltr'><strong>ὅ)</strong></span> <span class='ocrx_word' id='word_1_717' title='bbox 1403 1584 1440 1617; x_wconf 91' lang='lat' dir='ltr'><strong>P.</strong></span> <span class='ocrx_word' id='word_1_718' title='bbox 1469 1585 1501 1616; x_wconf 89' lang='lat' dir='ltr'><strong>C.</strong></span> <span class='ocrx_word' id='word_1_719' title='bbox 1529 1593 1575 1625; x_wconf 89' lang='lat'><strong>17.</strong></span> <span class='ocrx_word' id='word_1_720' title='bbox 1600 1584 1628 1627; x_wconf 90' lang='lat'><strong>§.</strong></span> <span class='ocrx_word' id='word_1_721' title='bbox 1662 1595 1691 1627; x_wconf 79' lang='grc'><strong>3.</strong></span> <span class='ocrx_word' id='word_1_722' title='bbox 1723 1584 1858 1625; x_wconf 81' lang='lat' dir='ltr'><strong>Eorum,</strong></span> <span class='ocrx_word' id='word_1_723' title='bbox 1879 1586 1928 1628; x_wconf 77' lang='lat' dir='ltr'><strong>qui</strong></span> <span class='ocrx_word' id='word_1_724' title='bbox 1949 1595 1970 1618; x_wconf 81' lang='lat' dir='ltr'><strong>a</strong></span> 
     </span>
     <span class='ocr_line' id='line_1_101' title="bbox 1116 1624 1970 1668; baseline -0.001 -9"><span class='ocrx_word' id='word_1_725' title='bbox 1116 1627 1187 1659; x_wconf 84' lang='lat' dir='ltr'><strong>bello</strong></span> <span class='ocrx_word' id='word_1_726' title='bbox 1203 1624 1369 1668; x_wconf 78' lang='lat' dir='ltr'><strong>abstinent,</strong></span> <span class='ocrx_word' id='word_1_727' title='bbox 1394 1624 1515 1668; x_wconf 80' lang='lat' dir='ltr'><strong>officium</strong></span> <span class='ocrx_word' id='word_1_728' title='bbox 1534 1624 1596 1667; x_wconf 76' lang='lat' dir='ltr'><strong>est,</strong></span> <span class='ocrx_word' id='word_1_729' title='bbox 1612 1627 1688 1658; x_wconf 78' lang='lat' dir='ltr'><strong>nihil</strong></span> <span class='ocrx_word' id='word_1_730' title='bbox 1697 1626 1801 1666; x_wconf 83' lang='lat' dir='ltr'><strong>facere</strong></span> <span class='ocrx_word' id='word_1_731' title='bbox 1813 1649 1825 1666; x_wconf 96' lang='lat'><strong>,</strong></span> <span class='ocrx_word' id='word_1_732' title='bbox 1845 1636 1898 1668; x_wconf 80' lang='lat' dir='ltr'><strong>quo</strong></span> <span class='ocrx_word' id='word_1_733' title='bbox 1917 1636 1970 1658; x_wconf 53' lang='lat' dir='ltr'><strong>vad</strong></span> 
     </span>
     <span class='ocr_line' id='line_1_102' title="bbox 1115 1667 1972 1710; baseline 0 -11"><span class='ocrx_word' id='word_1_734' title='bbox 1115 1669 1204 1700; x_wconf 81' lang='lat' dir='ltr'><strong>lidior</strong></span> <span class='ocrx_word' id='word_1_735' title='bbox 1213 1668 1272 1709; x_wconf 74' lang='lat' dir='ltr'><strong>frat</strong></span> <span class='ocrx_word' id='word_1_736' title='bbox 1288 1670 1330 1708; x_wconf 80' lang='lat' dir='ltr'><strong>is,</strong></span> <span class='ocrx_word' id='word_1_737' title='bbox 1353 1669 1402 1710; x_wconf 84' lang='lat' dir='ltr'><strong>qui</strong></span> <span class='ocrx_word' id='word_1_738' title='bbox 1420 1669 1578 1708; x_wconf 83' lang='lat' dir='ltr'><strong>improbam</strong></span> <span class='ocrx_word' id='word_1_739' title='bbox 1589 1668 1680 1709; x_wconf 75' lang='lat' dir='ltr'><strong>fovet</strong></span> <span class='ocrx_word' id='word_1_740' title='bbox 1698 1667 1830 1709; x_wconf 81' lang='lat' dir='ltr'><strong>causam,</strong></span> <span class='ocrx_word' id='word_1_741' title='bbox 1853 1673 1905 1699; x_wconf 77' lang='lat' dir='ltr'><strong>aut</strong></span> <span class='ocrx_word' id='word_1_742' title='bbox 1917 1677 1972 1710; x_wconf 80' lang='lat' dir='ltr'><strong>quo</strong></span> 
     </span>
     <span class='ocr_line' id='line_1_103' title="bbox 1111 1708 1972 1752; baseline -0.001 -11"><span class='ocrx_word' id='word_1_743' title='bbox 1111 1708 1223 1752; x_wconf 80' lang='lat' dir='ltr'><strong>justum</strong></span> <span class='ocrx_word' id='word_1_744' title='bbox 1240 1709 1345 1741; x_wconf 82' lang='lat' dir='ltr'><strong>bellum</strong></span> <span class='ocrx_word' id='word_1_745' title='bbox 1362 1711 1492 1751; x_wconf 78' lang='lat' dir='ltr'><strong>gerentis</strong></span> <span class='ocrx_word' id='word_1_746' title='bbox 1507 1714 1598 1740; x_wconf 81' lang='lat' dir='ltr'><strong>motus</strong></span> <span class='ocrx_word' id='word_1_747' title='bbox 1614 1710 1819 1750; x_wconf 80' lang='lat' dir='ltr'><strong>impediantur.</strong></span> <span class='ocrx_word' id='word_1_748' title='bbox 1842 1709 1972 1742; x_wconf 77' lang='lat' dir='ltr'><strong>sirecte</strong></span> 
     </span>
     <span class='ocr_line' id='line_1_104' title="bbox 1115 1749 1973 1793; baseline 0 -11"><span class='ocrx_word' id='word_1_749' title='bbox 1115 1751 1223 1793; x_wconf 85' lang='lat' dir='ltr'><strong>judico</strong></span> <span class='ocrx_word' id='word_1_750' title='bbox 1239 1773 1251 1790; x_wconf 96' lang='lat'><strong>,</strong></span> <span class='ocrx_word' id='word_1_751' title='bbox 1283 1750 1358 1782; x_wconf 91' lang='lat' dir='ltr'><strong>belli</strong></span> <span class='ocrx_word' id='word_1_752' title='bbox 1384 1749 1504 1792; x_wconf 79' lang='lat' dir='ltr'><strong>justitia</strong></span> <span class='ocrx_word' id='word_1_753' title='bbox 1529 1751 1582 1782; x_wconf 90' lang='lat' dir='ltr'><strong>vel</strong></span> <span class='ocrx_word' id='word_1_754' title='bbox 1609 1749 1762 1791; x_wconf 85' lang='lat' dir='ltr'><strong>injustitia</strong></span> <span class='ocrx_word' id='word_1_755' title='bbox 1782 1749 1861 1783; x_wconf 87' lang='lat' dir='ltr'><strong>nihil</strong></span> <span class='ocrx_word' id='word_1_756' title='bbox 1884 1750 1973 1792; x_wconf 88' lang='lat' dir='ltr'><strong>quic-</strong></span> 
     </span>
     <span class='ocr_line' id='line_1_105' title="bbox 1117 1790 1974 1834; baseline 0.002 -11"><span class='ocrx_word' id='word_1_757' title='bbox 1117 1802 1209 1834; x_wconf 88' lang='lat' dir='ltr'><strong>quam</strong></span> <span class='ocrx_word' id='word_1_758' title='bbox 1228 1792 1365 1833; x_wconf 89' lang='lat' dir='ltr'><strong>pertinet</strong></span> <span class='ocrx_word' id='word_1_759' title='bbox 1380 1791 1418 1823; x_wconf 85' lang='lat' dir='ltr'><strong>ad</strong></span> <span class='ocrx_word' id='word_1_760' title='bbox 1432 1801 1634 1824; x_wconf 83' lang='lat' dir='ltr'><strong>communem</strong></span> <span class='ocrx_word' id='word_1_761' title='bbox 1651 1792 1806 1832; x_wconf 82' lang='lat' dir='ltr'><strong>amicum,</strong></span> <span class='ocrx_word' id='word_1_762' title='bbox 1827 1790 1893 1832; x_wconf 81' lang='lat' dir='ltr'><strong>ejus</strong></span> <span class='ocrx_word' id='word_1_763' title='bbox 1907 1800 1974 1825; x_wconf 84' lang='lat' dir='ltr'><strong>non.</strong></span> 
     </span>
     <span class='ocr_line' id='line_1_106' title="bbox 1117 1831 1974 1875; baseline -0.002 -9"><span class='ocrx_word' id='word_1_764' title='bbox 1117 1832 1163 1866; x_wconf 89' lang='lat' dir='ltr'><strong>est</strong></span> <span class='ocrx_word' id='word_1_765' title='bbox 1175 1857 1186 1874; x_wconf 92' lang='lat'><strong>,</strong></span> <span class='ocrx_word' id='word_1_766' title='bbox 1209 1833 1294 1866; x_wconf 88' lang='lat' dir='ltr'><strong>inter</strong></span> <span class='ocrx_word' id='word_1_767' title='bbox 1310 1840 1479 1875; x_wconf 87' lang='lat' dir='ltr'><strong>utrumque</strong></span> <span class='ocrx_word' id='word_1_768' title='bbox 1504 1833 1664 1872; x_wconf 84' lang='lat' dir='ltr'><strong>amicum,</strong></span> <span class='ocrx_word' id='word_1_769' title='bbox 1689 1833 1745 1866; x_wconf 85' lang='lat' dir='ltr'><strong>fibi</strong></span> <span class='ocrx_word' id='word_1_770' title='bbox 1763 1832 1900 1865; x_wconf 88' lang='lat' dir='ltr'><strong>invicem</strong></span> <span class='ocrx_word' id='word_1_771' title='bbox 1916 1831 1974 1864; x_wconf 90' lang='lat' dir='ltr'><strong>ho-</strong></span> 
     </span>
     <span class='ocr_line' id='line_1_107' title="bbox 1117 1871 1974 1915; baseline -0.004 -8"><span class='ocrx_word' id='word_1_772' title='bbox 1117 1874 1217 1914; x_wconf 88' lang='lat' dir='ltr'><strong>stem,</strong></span> <span class='ocrx_word' id='word_1_773' title='bbox 1240 1873 1345 1906; x_wconf 87' lang='lat' dir='ltr'><strong>sedere</strong></span> <span class='ocrx_word' id='word_1_774' title='bbox 1365 1874 1522 1915; x_wconf 80' lang='lat' dir='ltr'><strong>judicem,</strong></span> <span class='ocrx_word' id='word_1_775' title='bbox 1547 1875 1578 1907; x_wconf 88' lang='lat'>&amp;</span> <span class='ocrx_word' id='word_1_776' title='bbox 1601 1884 1642 1906; x_wconf 87' lang='lat' dir='ltr'><strong>ex</strong></span> <span class='ocrx_word' id='word_1_777' title='bbox 1658 1873 1748 1906; x_wconf 88' lang='lat' dir='ltr'><strong>causa</strong></span> <span class='ocrx_word' id='word_1_778' title='bbox 1766 1884 1791 1906; x_wconf 87' lang='lat' dir='ltr'><strong>ae</strong></span> <span class='ocrx_word' id='word_1_779' title='bbox 1815 1871 1903 1906; x_wconf 89' lang='lat' dir='ltr'><strong>uiore</strong></span> <span class='ocrx_word' id='word_1_780' title='bbox 1919 1872 1974 1911; x_wconf 77' lang='lat' dir='ltr'><strong>vel</strong></span> 
     </span>
     <span class='ocr_line' id='line_1_108' title="bbox 1116 1913 1975 1958; baseline -0.003 -10"><span class='ocrx_word' id='word_1_781' title='bbox 1116 1916 1274 1958; x_wconf 88' lang='lat' dir='ltr'><strong>iniquiore</strong></span> <span class='ocrx_word' id='word_1_782' title='bbox 1295 1915 1369 1948; x_wconf 87' lang='lat' dir='ltr'><strong>huic</strong></span> <span class='ocrx_word' id='word_1_783' title='bbox 1394 1916 1487 1948; x_wconf 90' lang='lat' dir='ltr'><strong>illive</strong></span> <span class='ocrx_word' id='word_1_784' title='bbox 1508 1916 1579 1957; x_wconf 90' lang='lat' dir='ltr'><strong>plus</strong></span> <span class='ocrx_word' id='word_1_785' title='bbox 1605 1916 1749 1948; x_wconf 86' lang='lat' dir='ltr'><strong>minusve</strong></span> <span class='ocrx_word' id='word_1_786' title='bbox 1765 1915 1902 1951; x_wconf 72' lang='lat' dir='ltr'><strong>ttinere</strong></span> <span class='ocrx_word' id='word_1_787' title='bbox 1920 1913 1975 1946; x_wconf 77' lang='lat' dir='ltr'><strong>vel</strong></span> 
     </span>
     <span class='ocr_line' id='line_1_109' title="bbox 1115 1954 1974 1998; baseline -0.005 -8"><span class='ocrx_word' id='word_1_788' title='bbox 1115 1965 1239 1998; x_wconf 85' lang='lat' dir='ltr'><strong>negare.</strong></span> <span class='ocrx_word' id='word_1_789' title='bbox 1284 1957 1316 1989; x_wconf 93' lang='lat' dir='ltr'><strong>Si</strong></span> <span class='ocrx_word' id='word_1_790' title='bbox 1334 1957 1457 1989; x_wconf 88' lang='lat' dir='ltr'><strong>medius</strong></span> <span class='ocrx_word' id='word_1_791' title='bbox 1481 1956 1554 1995; x_wconf 78' lang='lat' dir='ltr'><strong>sim,</strong></span> <span class='ocrx_word' id='word_1_792' title='bbox 1577 1957 1667 1989; x_wconf 88' lang='lat' dir='ltr'><strong>alteri</strong></span> <span class='ocrx_word' id='word_1_793' title='bbox 1683 1965 1745 1988; x_wconf 91' lang='lat' dir='ltr'><strong>non</strong></span> <span class='ocrx_word' id='word_1_794' title='bbox 1761 1954 1883 1997; x_wconf 78' lang='lat' dir='ltr'><strong>poffum</strong></span> <span class='ocrx_word' id='word_1_795' title='bbox 1902 1963 1974 1994; x_wconf 87' lang='lat' dir='ltr'><strong>pro-</strong></span> 
     </span>
     <span class='ocr_line' id='line_1_110' title="bbox 1115 1996 1975 2069; baseline -0.006 -37"><span class='ocrx_word' id='word_1_796' title='bbox 1115 1998 1215 2038; x_wconf 85' lang='lat' dir='ltr'><strong>deffe,</strong></span> <span class='ocrx_word' id='word_1_797' title='bbox 1241 2005 1276 2030; x_wconf 91' lang='lat' dir='ltr'><strong>ut</strong></span> <span class='ocrx_word' id='word_1_798' title='bbox 1304 1997 1395 2029; x_wconf 89' lang='lat' dir='ltr'><strong>alteri</strong></span> <span class='ocrx_word' id='word_1_799' title='bbox 1423 2007 1565 2030; x_wconf 88' lang='lat' dir='ltr'><strong>noceam.</strong></span> <span class='ocrx_word' id='word_1_800' title='bbox 1611 1996 1672 2029; x_wconf 91' lang='lat' dir='ltr'><strong>Sed</strong></span> <span class='ocrx_word' id='word_1_801' title='bbox 1688 2020 1699 2036; x_wconf 92' lang='lat'><strong>,</strong></span> <span class='ocrx_word' id='word_1_802' title='bbox 1731 1996 1793 2036; x_wconf 75' lang='lat' dir='ltr'><strong>aJes</strong></span> <span class='ocrx_word' id='word_1_803' title='bbox 1812 2019 1823 2035; x_wconf 96' lang='lat'><strong>,</strong></span> <span class='ocrx_word' id='word_1_804' title='bbox 1847 1996 1975 2069; x_wconf 43' lang='lat' dir='ltr'><strong>utrique</strong></span> 
     </span>
     <span class='ocr_line' id='line_1_111' title="bbox 1115 2035 1977 2080; baseline -0.006 -7"><span class='ocrx_word' id='word_1_805' title='bbox 1115 2041 1260 2079; x_wconf 88' lang='lat' dir='ltr'><strong>mittam,</strong></span> <span class='ocrx_word' id='word_1_806' title='bbox 1285 2038 1434 2080; x_wconf 90' lang='lat' dir='ltr'><strong>quicquid</strong></span> <span class='ocrx_word' id='word_1_807' title='bbox 1460 2038 1538 2070; x_wconf 87' lang='lat' dir='ltr'><strong>mihi</strong></span> <span class='ocrx_word' id='word_1_808' title='bbox 1565 2038 1741 2077; x_wconf 85' lang='lat' dir='ltr'><strong>videbitur,</strong></span> <span class='ocrx_word' id='word_1_809' title='bbox 1767 2037 1796 2070; x_wconf 75' lang='grc' dir='ltr'>ἀ</span> <span class='ocrx_word' id='word_1_810' title='bbox 1813 2035 1855 2069; x_wconf 89' lang='lat' dir='ltr'><strong>fic</strong></span> <span class='ocrx_word' id='word_1_811' title='bbox 1870 2046 1912 2078; x_wconf 90' lang='lat' dir='ltr'><strong>po</strong></span> <span class='ocrx_word' id='word_1_812' title='bbox 1943 2046 1977 2068; x_wconf 89' lang='lat' dir='ltr'><strong>u-</strong></span> 
     </span>
     <span class='ocr_line' id='line_1_112' title="bbox 1115 2076 1977 2120; baseline -0.005 -6"><span class='ocrx_word' id='word_1_813' title='bbox 1115 2082 1160 2115; x_wconf 86' lang='lat' dir='ltr'><strong>lat</strong></span> <span class='ocrx_word' id='word_1_814' title='bbox 1174 2081 1258 2113; x_wconf 87' lang='lat' dir='ltr'><strong>ratio</strong></span> <span class='ocrx_word' id='word_1_815' title='bbox 1274 2079 1444 2117; x_wconf 77' lang='lat' dir='ltr'><strong>amicitiae5</strong></span> <span class='ocrx_word' id='word_1_816' title='bbox 1467 2078 1488 2111; x_wconf 90' lang='lat' dir='ltr'><strong>fi</strong></span> <span class='ocrx_word' id='word_1_817' title='bbox 1509 2079 1594 2120; x_wconf 92' lang='lat' dir='ltr'><strong>quod</strong></span> <span class='ocrx_word' id='word_1_818' title='bbox 1615 2079 1706 2110; x_wconf 88' lang='lat' dir='ltr'><strong>alteri</strong></span> <span class='ocrx_word' id='word_1_819' title='bbox 1733 2076 1896 2117; x_wconf 87' lang='lat' dir='ltr'><strong>miseram,</strong></span> <span class='ocrx_word' id='word_1_820' title='bbox 1921 2077 1977 2110; x_wconf 90' lang='lat' dir='ltr'><strong>ille</strong></span> 
     </span>
     <span class='ocr_line' id='line_1_113' title="bbox 1115 2119 1978 2161; baseline -0.003 -7"><span class='ocrx_word' id='word_1_821' title='bbox 1115 2128 1221 2154; x_wconf 88' lang='lat' dir='ltr'><strong>utatur</strong></span> <span class='ocrx_word' id='word_1_822' title='bbox 1247 2121 1280 2153; x_wconf 88' lang='lat' dir='ltr'><strong>in</strong></span> <span class='ocrx_word' id='word_1_823' title='bbox 1305 2129 1413 2152; x_wconf 89' lang='lat' dir='ltr'><strong>necem</strong></span> <span class='ocrx_word' id='word_1_824' title='bbox 1438 2120 1585 2160; x_wconf 86' lang='lat' dir='ltr'><strong>alterius,</strong></span> <span class='ocrx_word' id='word_1_825' title='bbox 1610 2119 1685 2161; x_wconf 89' lang='lat' dir='ltr'><strong>quid</strong></span> <span class='ocrx_word' id='word_1_826' title='bbox 1709 2120 1746 2151; x_wconf 90' lang='lat' dir='ltr'><strong>ad</strong></span> <span class='ocrx_word' id='word_1_827' title='bbox 1771 2119 1845 2151; x_wconf 78' lang='lat' dir='ltr'><strong>me?</strong></span> <span class='ocrx_word' id='word_1_828' title='bbox 1869 2119 1913 2151; x_wconf 89' lang='lat' dir='ltr'><strong>At</strong></span> <span class='ocrx_word' id='word_1_829' title='bbox 1942 2127 1978 2151; x_wconf 84' lang='lat' dir='ltr'><strong>tu</strong></span> 
     </span>
     <span class='ocr_line' id='line_1_114' title="bbox 1114 2160 1978 2203; baseline -0.002 -7"><span class='ocrx_word' id='word_1_830' title='bbox 1114 2163 1183 2196; x_wconf 90' lang='lat' dir='ltr'><strong>noli</strong></span> <span class='ocrx_word' id='word_1_831' title='bbox 1205 2162 1253 2195; x_wconf 57' lang='lat' dir='ltr'><strong>fic*</strong></span> <span class='ocrx_word' id='word_1_832' title='bbox 1272 2161 1401 2203; x_wconf 87' lang='lat' dir='ltr'><strong>sapere,</strong></span> <span class='ocrx_word' id='word_1_833' title='bbox 1424 2162 1499 2203; x_wconf 87' lang='lat' dir='ltr'><strong>quin</strong></span> <span class='ocrx_word' id='word_1_834' title='bbox 1526 2162 1634 2202; x_wconf 85' lang='lat' dir='ltr'><strong>potius</strong></span> <span class='ocrx_word' id='word_1_835' title='bbox 1659 2161 1752 2192; x_wconf 88' lang='lat' dir='ltr'><strong>crede</strong></span> <span class='ocrx_word' id='word_1_836' title='bbox 1767 2184 1778 2200; x_wconf 93' lang='lat'><strong>,</strong></span> <span class='ocrx_word' id='word_1_837' title='bbox 1803 2160 1978 2194; x_wconf 82' lang='lat' dir='ltr'><strong>amicorum</strong></span> 
     </span>
     <span class='ocr_line' id='line_1_115' title="bbox 1114 2201 1976 2240; baseline -0.003 -3"><span class='ocrx_word' id='word_1_838' title='bbox 1114 2204 1295 2238; x_wconf 86' lang='lat' dir='ltr'><strong>nostrorum</strong></span> <span class='ocrx_word' id='word_1_839' title='bbox 1323 2201 1428 2234; x_wconf 87' lang='lat' dir='ltr'><strong>hostes</strong></span> <span class='ocrx_word' id='word_1_840' title='bbox 1452 2202 1597 2234; x_wconf 79' lang='lat' dir='ltr'><strong>bifariam</strong></span> <span class='ocrx_word' id='word_1_841' title='bbox 1629 2201 1872 2234; x_wconf 79' lang='lat' dir='ltr'><strong>considerandos</strong></span> <span class='ocrx_word' id='word_1_842' title='bbox 1893 2201 1976 2240; x_wconf 81' lang='lat' dir='ltr'><strong>effe,</strong></span> 
     </span>
     <span class='ocr_line' id='line_1_116' title="bbox 1114 2242 1977 2284; baseline -0.005 -6"><span class='ocrx_word' id='word_1_843' title='bbox 1114 2245 1168 2278; x_wconf 87' lang='lat' dir='ltr'><strong>vel</strong></span> <span class='ocrx_word' id='word_1_844' title='bbox 1185 2253 1223 2277; x_wconf 94' lang='lat' dir='ltr'><strong>ut</strong></span> <span class='ocrx_word' id='word_1_845' title='bbox 1236 2244 1355 2276; x_wconf 82' lang='lat' dir='ltr'><strong>amicos</strong></span> <span class='ocrx_word' id='word_1_846' title='bbox 1367 2242 1492 2276; x_wconf 89' lang='lat' dir='ltr'><strong>nostros</strong></span> <span class='ocrx_word' id='word_1_847' title='bbox 1504 2268 1513 2284; x_wconf 86' lang='lat'><strong>,</strong></span> <span class='ocrx_word' id='word_1_848' title='bbox 1536 2243 1589 2275; x_wconf 78' lang='lat' dir='ltr'><strong>vel</strong></span> <span class='ocrx_word' id='word_1_849' title='bbox 1608 2251 1645 2275; x_wconf 89' lang='lat' dir='ltr'><strong>ut</strong></span> <span class='ocrx_word' id='word_1_850' title='bbox 1661 2243 1834 2276; x_wconf 76' lang='lat' dir='ltr'><strong>amicorum</strong></span> <span class='ocrx_word' id='word_1_851' title='bbox 1857 2243 1977 2276; x_wconf 79' lang='lat' dir='ltr'><strong>nostro-</strong></span> 
     </span>
     <span class='ocr_line' id='line_1_117' title="bbox 1114 2283 1976 2325; baseline -0.003 -6"><span class='ocrx_word' id='word_1_852' title='bbox 1114 2296 1183 2320; x_wconf 90' lang='lat' dir='ltr'><strong>rum</strong></span> <span class='ocrx_word' id='word_1_853' title='bbox 1202 2285 1319 2318; x_wconf 89' lang='lat' dir='ltr'><strong>hostes.</strong></span> <span class='ocrx_word' id='word_1_854' title='bbox 1358 2285 1389 2318; x_wconf 93' lang='lat' dir='ltr'><strong>Si</strong></span> <span class='ocrx_word' id='word_1_855' title='bbox 1410 2293 1446 2316; x_wconf 90' lang='lat' dir='ltr'><strong>ut</strong></span> <span class='ocrx_word' id='word_1_856' title='bbox 1465 2285 1585 2317; x_wconf 85' lang='lat' dir='ltr'><strong>amicos</strong></span> <span class='ocrx_word' id='word_1_857' title='bbox 1604 2283 1797 2325; x_wconf 88' lang='lat' dir='ltr'><strong>confideres,</strong></span> <span class='ocrx_word' id='word_1_858' title='bbox 1813 2284 1905 2316; x_wconf 61' lang='lat' dir='ltr'><strong>&gt;reete</strong></span> <span class='ocrx_word' id='word_1_859' title='bbox 1921 2292 1976 2317; x_wconf 85' lang='lat' dir='ltr'><strong>no·</strong></span> 
     </span>
     <span class='ocr_line' id='line_1_118' title="bbox 1114 2325 1978 2367; baseline -0.006 -6"><span class='ocrx_word' id='word_1_860' title='bbox 1114 2328 1163 2361; x_wconf 91' lang='lat' dir='ltr'><strong>bis</strong></span> <span class='ocrx_word' id='word_1_861' title='bbox 1178 2328 1216 2360; x_wconf 90' lang='lat' dir='ltr'><strong>iis</strong></span> <span class='ocrx_word' id='word_1_862' title='bbox 1235 2326 1334 2360; x_wconf 87' lang='lat' dir='ltr'><strong>adesse</strong></span> <span class='ocrx_word' id='word_1_863' title='bbox 1348 2327 1460 2358; x_wconf 88' lang='lat' dir='ltr'><strong>liceret</strong></span> <span class='ocrx_word' id='word_1_864' title='bbox 1478 2335 1540 2367; x_wconf 89' lang='lat' dir='ltr'><strong>ope</strong></span> <span class='ocrx_word' id='word_1_865' title='bbox 1558 2326 1712 2364; x_wconf 80' lang='lat' dir='ltr'><strong>consilio,</strong></span> <span class='ocrx_word' id='word_1_866' title='bbox 1724 2334 1839 2367; x_wconf 87' lang='lat' dir='ltr'><strong>eosque</strong></span> <span class='ocrx_word' id='word_1_867' title='bbox 1855 2325 1978 2364; x_wconf 86' lang='lat' dir='ltr'><strong>juvare,</strong></span> 
     </span>
     <span class='ocr_line' id='line_1_119' title="bbox 1117 2364 1977 2408; baseline -0.006 -6"><span class='ocrx_word' id='word_1_868' title='bbox 1117 2370 1221 2403; x_wconf 89' lang='lat' dir='ltr'><strong>milite</strong></span> <span class='ocrx_word' id='word_1_869' title='bbox 1241 2368 1385 2400; x_wconf 85' lang='lat' dir='ltr'><strong>auxiliari</strong></span> <span class='ocrx_word' id='word_1_870' title='bbox 1400 2390 1412 2407; x_wconf 91' lang='lat'><strong>,</strong></span> <span class='ocrx_word' id='word_1_871' title='bbox 1435 2369 1547 2407; x_wconf 82' lang='lat' dir='ltr'><strong>armis,</strong></span> <span class='ocrx_word' id='word_1_872' title='bbox 1573 2368 1603 2400; x_wconf 76' lang='grc' dir='ltr'>ἀ</span> <span class='ocrx_word' id='word_1_873' title='bbox 1630 2367 1867 2408; x_wconf 88' lang='lat' dir='ltr'><strong>quibuscunque</strong></span> <span class='ocrx_word' id='word_1_874' title='bbox 1885 2364 1977 2404; x_wconf 86' lang='lat' dir='ltr'><strong>aliis,</strong></span> 
     </span>
     <span class='ocr_line' id='line_1_120' title="bbox 1118 2406 1979 2453; baseline -0.008 -9"><span class='ocrx_word' id='word_1_875' title='bbox 1118 2411 1232 2453; x_wconf 90' lang='lat' dir='ltr'><strong>quibus</strong></span> <span class='ocrx_word' id='word_1_876' title='bbox 1252 2410 1283 2442; x_wconf 89' lang='lat' dir='ltr'><strong>in</strong></span> <span class='ocrx_word' id='word_1_877' title='bbox 1309 2409 1397 2442; x_wconf 88' lang='lat' dir='ltr'><strong>bello</strong></span> <span class='ocrx_word' id='word_1_878' title='bbox 1419 2418 1499 2450; x_wconf 88' lang='lat' dir='ltr'><strong>opus</strong></span> <span class='ocrx_word' id='word_1_879' title='bbox 1519 2409 1644 2441; x_wconf 87' lang='lat' dir='ltr'><strong>habent.</strong></span> <span class='ocrx_word' id='word_1_880' title='bbox 1691 2406 1855 2450; x_wconf 84' lang='lat' dir='ltr'><strong>Quatenus</strong></span> <span class='ocrx_word' id='word_1_881' title='bbox 1872 2413 1979 2452; x_wconf 79' lang='lat' dir='ltr'><strong>autem</strong></span> 
     </span>
     <span class='ocr_line' id='line_1_121' title="bbox 1118 2446 1978 2486; baseline -0.008 -2"><span class='ocrx_word' id='word_1_882' title='bbox 1118 2453 1294 2484; x_wconf 82' lang='lat' dir='ltr'><strong>amicorum</strong></span> <span class='ocrx_word' id='word_1_883' title='bbox 1318 2449 1496 2483; x_wconf 89' lang='lat' dir='ltr'><strong>nostrorum</strong></span> <span class='ocrx_word' id='word_1_884' title='bbox 1521 2449 1625 2482; x_wconf 88' lang='lat' dir='ltr'><strong>hostes</strong></span> <span class='ocrx_word' id='word_1_885' title='bbox 1644 2447 1733 2486; x_wconf 89' lang='lat' dir='ltr'><strong>sunt,</strong></span> <span class='ocrx_word' id='word_1_886' title='bbox 1757 2447 1788 2479; x_wconf 91' lang='lat' dir='ltr'><strong>id</strong></span> <span class='ocrx_word' id='word_1_887' title='bbox 1818 2447 1909 2478; x_wconf 81' lang='lat' dir='ltr'><strong>nobis</strong></span> <span class='ocrx_word' id='word_1_888' title='bbox 1933 2446 1978 2478; x_wconf 83' lang='lat' dir='ltr'><strong>sa-</strong></span> 
     </span>
     <span class='ocr_line' id='line_1_122' title="bbox 1118 2487 1979 2532; baseline -0.006 -7"><span class='ocrx_word' id='word_1_889' title='bbox 1118 2503 1190 2525; x_wconf 88' lang='lat' dir='ltr'><strong>cere</strong></span> <span class='ocrx_word' id='word_1_890' title='bbox 1214 2502 1279 2525; x_wconf 90' lang='lat' dir='ltr'><strong>non</strong></span> <span class='ocrx_word' id='word_1_891' title='bbox 1303 2492 1398 2530; x_wconf 87' lang='lat' dir='ltr'><strong>iicet,</strong></span> <span class='ocrx_word' id='word_1_892' title='bbox 1422 2491 1495 2532; x_wconf 88' lang='lat' dir='ltr'><strong>quia</strong></span> <span class='ocrx_word' id='word_1_893' title='bbox 1518 2491 1560 2523; x_wconf 91' lang='lat' dir='ltr'><strong>fic</strong></span> <span class='ocrx_word' id='word_1_894' title='bbox 1578 2490 1708 2521; x_wconf 85' lang='lat' dir='ltr'><strong>alterurn</strong></span> <span class='ocrx_word' id='word_1_895' title='bbox 1729 2487 1820 2519; x_wconf 85' lang='lat' dir='ltr'><strong>alteri</strong></span> <span class='ocrx_word' id='word_1_896' title='bbox 1837 2487 1869 2520; x_wconf 87' lang='lat' dir='ltr'><strong>in</strong></span> <span class='ocrx_word' id='word_1_897' title='bbox 1891 2488 1979 2520; x_wconf 89' lang='lat' dir='ltr'><strong>bello</strong></span> 
     </span>
     <span class='ocr_line' id='line_1_123' title="bbox 1117 2528 1979 2577; baseline -0.008 -10"><span class='ocrx_word' id='word_1_898' title='bbox 1117 2533 1338 2577; x_wconf 62' lang='lat' dir='ltr'><strong>praeferremus</strong></span> <span class='ocrx_word' id='word_1_899' title='bbox 1353 2555 1366 2572; x_wconf 96' lang='lat'><strong>,</strong></span> <span class='ocrx_word' id='word_1_900' title='bbox 1395 2531 1477 2573; x_wconf 88' lang='lat' dir='ltr'><strong>quod</strong></span> <span class='ocrx_word' id='word_1_901' title='bbox 1502 2538 1589 2562; x_wconf 87' lang='lat' dir='ltr'><strong>vetat</strong></span> <span class='ocrx_word' id='word_1_902' title='bbox 1625 2528 1782 2570; x_wconf 77' lang='lat' dir='ltr'><strong>:equalitas</strong></span> <span class='ocrx_word' id='word_1_903' title='bbox 1809 2529 1979 2568; x_wconf 62' lang='lat' dir='ltr'><strong>amicitiae,</strong></span> 
     </span>
     <span class='ocr_line' id='line_1_124' title="bbox 1118 2568 1976 2616; baseline -0.007 -8"><span class='ocrx_word' id='word_1_904' title='bbox 1118 2576 1170 2607; x_wconf 91' lang='lat' dir='ltr'><strong>cui</strong></span> <span class='ocrx_word' id='word_1_905' title='bbox 1195 2576 1227 2607; x_wconf 91' lang='lat' dir='ltr'><strong>in</strong></span> <span class='ocrx_word' id='word_1_906' title='bbox 1245 2575 1354 2616; x_wconf 87' lang='lat' dir='ltr'><strong>primis</strong></span> <span class='ocrx_word' id='word_1_907' title='bbox 1380 2571 1560 2605; x_wconf 87' lang='lat' dir='ltr'><strong>studendum</strong></span> <span class='ocrx_word' id='word_1_908' title='bbox 1588 2569 1642 2601; x_wconf 82' lang='lat' dir='ltr'><strong>est.</strong></span> <span class='ocrx_word' id='word_1_909' title='bbox 1688 2568 1819 2602; x_wconf 82' lang='lat' dir='ltr'><strong>Praessat</strong></span> <span class='ocrx_word' id='word_1_910' title='bbox 1845 2579 1917 2601; x_wconf 82' lang='lat' dir='ltr'><strong>cum</strong></span> <span class='ocrx_word' id='word_1_911' title='bbox 1942 2579 1976 2602; x_wconf 92' lang='lat' dir='ltr'><strong>u-</strong></span> 
     </span>
     <span class='ocr_line' id='line_1_125' title="bbox 1120 2610 1978 2658; baseline -0.007 -10"><span class='ocrx_word' id='word_1_912' title='bbox 1120 2625 1234 2658; x_wconf 87' lang='lat' dir='ltr'><strong>troque</strong></span> <span class='ocrx_word' id='word_1_913' title='bbox 1265 2613 1433 2648; x_wconf 83' lang='lat' dir='ltr'><strong>amicitiam</strong></span> <span class='ocrx_word' id='word_1_914' title='bbox 1460 2610 1672 2650; x_wconf 86' lang='lat' dir='ltr'><strong>conservare,</strong></span> <span class='ocrx_word' id='word_1_915' title='bbox 1704 2619 1797 2652; x_wconf 89' lang='lat' dir='ltr'><strong>quam</strong></span> <span class='ocrx_word' id='word_1_916' title='bbox 1826 2610 1915 2642; x_wconf 84' lang='lat' dir='ltr'><strong>alteri</strong></span> <span class='ocrx_word' id='word_1_917' title='bbox 1943 2610 1978 2643; x_wconf 79' lang='lat' dir='ltr'><strong>in</strong></span> 
     </span>
     <span class='ocr_line' id='line_1_126' title="bbox 1117 2651 1977 2692; baseline -0.007 -3"><span class='ocrx_word' id='word_1_918' title='bbox 1117 2658 1205 2689; x_wconf 89' lang='lat' dir='ltr'><strong>bello</strong></span> <span class='ocrx_word' id='word_1_919' title='bbox 1228 2655 1355 2692; x_wconf 80' lang='lat' dir='ltr'><strong>favere,</strong></span> <span class='ocrx_word' id='word_1_920' title='bbox 1379 2654 1409 2685; x_wconf 84' lang='lat'>&amp;</span> <span class='ocrx_word' id='word_1_921' title='bbox 1433 2651 1475 2685; x_wconf 83' lang='lat' dir='ltr'><strong>fic</strong></span> <span class='ocrx_word' id='word_1_922' title='bbox 1496 2651 1624 2684; x_wconf 87' lang='lat' dir='ltr'><strong>alterius</strong></span> <span class='ocrx_word' id='word_1_923' title='bbox 1648 2652 1797 2684; x_wconf 78' lang='lat' dir='ltr'><strong>amicitiae</strong></span> <span class='ocrx_word' id='word_1_924' title='bbox 1817 2651 1914 2684; x_wconf 85' lang='lat' dir='ltr'><strong>tacite</strong></span> <span class='ocrx_word' id='word_1_925' title='bbox 1930 2659 1977 2684; x_wconf 83' lang='lat' dir='ltr'><strong>re-</strong></span> 
     </span>
     <span class='ocr_line' id='line_1_127' title="bbox 1116 2698 1279 2731; baseline -0.031 0"><span class='ocrx_word' id='word_1_926' title='bbox 1116 2698 1279 2731; x_wconf 84' lang='lat' dir='ltr'><strong>nunciare.</strong></span> 
     </span>
    </p>

    <p class='ocr_par' dir='ltr' id='par_1_17' title="bbox 1114 2733 1976 3017">
     <span class='ocr_line' id='line_1_128' title="bbox 1158 2733 1976 2777; baseline -0.006 -6"><span class='ocrx_word' id='word_1_927' title='bbox 1158 2738 1201 2771; x_wconf 85' lang='lat' dir='ltr'><strong>Et</strong></span> <span class='ocrx_word' id='word_1_928' title='bbox 1227 2736 1305 2769; x_wconf 86' lang='lat' dir='ltr'><strong>sane</strong></span> <span class='ocrx_word' id='word_1_929' title='bbox 1320 2735 1373 2775; x_wconf 86' lang='lat' dir='ltr'><strong>id,</strong></span> <span class='ocrx_word' id='word_1_930' title='bbox 1396 2733 1479 2777; x_wconf 86' lang='lat' dir='ltr'><strong>quod</strong></span> <span class='ocrx_word' id='word_1_931' title='bbox 1513 2735 1608 2767; x_wconf 87' lang='lat' dir='ltr'><strong>modo</strong></span> <span class='ocrx_word' id='word_1_932' title='bbox 1636 2734 1800 2774; x_wconf 81' lang='lat' dir='ltr'><strong>dicebam,</strong></span> <span class='ocrx_word' id='word_1_933' title='bbox 1823 2743 1887 2766; x_wconf 88' lang='lat' dir='ltr'><strong>non</strong></span> <span class='ocrx_word' id='word_1_934' title='bbox 1911 2741 1976 2766; x_wconf 86' lang='lat' dir='ltr'><strong>tan-</strong></span> 
     </span>
     <span class='ocr_line' id='line_1_129' title="bbox 1117 2773 1976 2816; baseline -0.007 -4"><span class='ocrx_word' id='word_1_935' title='bbox 1117 2788 1183 2811; x_wconf 88' lang='lat' dir='ltr'><strong>turn</strong></span> <span class='ocrx_word' id='word_1_936' title='bbox 1201 2777 1284 2810; x_wconf 86' lang='lat' dir='ltr'><strong>ratio</strong></span> <span class='ocrx_word' id='word_1_937' title='bbox 1301 2777 1414 2816; x_wconf 87' lang='lat' dir='ltr'><strong>docet,</strong></span> <span class='ocrx_word' id='word_1_938' title='bbox 1440 2775 1490 2807; x_wconf 88' lang='lat' dir='ltr'><strong>sed</strong></span> <span class='ocrx_word' id='word_1_939' title='bbox 1508 2776 1538 2809; x_wconf 64' lang='grc' dir='ltr'><strong>ὃς</strong></span> <span class='ocrx_word' id='word_1_940' title='bbox 1563 2775 1652 2815; x_wconf 86' lang='lat' dir='ltr'><strong>usus,</strong></span> <span class='ocrx_word' id='word_1_941' title='bbox 1677 2776 1759 2807; x_wconf 82' lang='lat' dir='ltr'><strong>inter</strong></span> <span class='ocrx_word' id='word_1_942' title='bbox 1774 2784 1882 2807; x_wconf 86' lang='lat' dir='ltr'><strong>omnes</strong></span> <span class='ocrx_word' id='word_1_943' title='bbox 1907 2773 1976 2806; x_wconf 80' lang='lat' dir='ltr'><strong>fere&#39;</strong></span> 
     </span>
     <span class='ocr_line' id='line_1_130' title="bbox 1118 2815 1976 2863; baseline -0.002 -12"><span class='ocrx_word' id='word_1_944' title='bbox 1118 2819 1237 2851; x_wconf 86' lang='lat' dir='ltr'><strong>Gentes</strong></span> <span class='ocrx_word' id='word_1_945' title='bbox 1255 2826 1410 2859; x_wconf 86' lang='lat' dir='ltr'><strong>receptus.</strong></span> <span class='ocrx_word' id='word_1_946' title='bbox 1437 2816 1592 2863; x_wconf 84' lang='lat' dir='ltr'><strong>Quamvis</strong></span> <span class='ocrx_word' id='word_1_947' title='bbox 1609 2817 1693 2848; x_wconf 90' lang='lat' dir='ltr'><strong>enim</strong></span> <span class='ocrx_word' id='word_1_948' title='bbox 1714 2817 1810 2849; x_wconf 87' lang='lat' dir='ltr'><strong>libera</strong></span> <span class='ocrx_word' id='word_1_949' title='bbox 1825 2815 1886 2849; x_wconf 85' lang='lat' dir='ltr'><strong>fint</strong></span> <span class='ocrx_word' id='word_1_950' title='bbox 1902 2824 1976 2849; x_wconf 86' lang='lat' dir='ltr'><strong>cum</strong></span> 
     </span>
     <span class='ocr_line' id='line_1_131' title="bbox 1116 2855 1974 2896; baseline -0.005 -4"><span class='ocrx_word' id='word_1_951' title='bbox 1116 2861 1289 2892; x_wconf 87' lang='lat' dir='ltr'><strong>amicorum</strong></span> <span class='ocrx_word' id='word_1_952' title='bbox 1313 2859 1490 2891; x_wconf 87' lang='lat' dir='ltr'><strong>nostrorum</strong></span> <span class='ocrx_word' id='word_1_953' title='bbox 1515 2858 1656 2891; x_wconf 88' lang='lat' dir='ltr'><strong>hostibus</strong></span> <span class='ocrx_word' id='word_1_954' title='bbox 1679 2856 1866 2889; x_wconf 81' lang='lat' dir='ltr'><strong>commercia</strong></span> <span class='ocrx_word' id='word_1_955' title='bbox 1884 2880 1893 2896; x_wconf 94' lang='lat'><strong>,</strong></span> <span class='ocrx_word' id='word_1_956' title='bbox 1919 2855 1974 2889; x_wconf 69' lang='lat' dir='ltr'><strong>ussi</strong></span> 
     </span>
     <span class='ocr_line' id='line_1_132' title="bbox 1117 2897 1972 2942; baseline -0.004 -10"><span class='ocrx_word' id='word_1_957' title='bbox 1117 2909 1218 2933; x_wconf 90' lang='lat' dir='ltr'><strong>tamen</strong></span> <span class='ocrx_word' id='word_1_958' title='bbox 1240 2900 1379 2940; x_wconf 87' lang='lat' dir='ltr'><strong>placuit,</strong></span> <span class='ocrx_word' id='word_1_959' title='bbox 1406 2909 1441 2930; x_wconf 86' lang='lat' dir='ltr'><strong>ut</strong></span> <span class='ocrx_word' id='word_1_960' title='bbox 1466 2899 1567 2942; x_wconf 74' lang='lat' dir='ltr'><strong>Capite</strong></span> <span class='ocrx_word' id='word_1_961' title='bbox 1592 2900 1724 2940; x_wconf 77' lang='lat' dir='ltr'><strong>proximo</strong></span> <span class='ocrx_word' id='word_1_962' title='bbox 1757 2898 1852 2930; x_wconf 87' lang='lat' dir='ltr'><strong>latius</strong></span> <span class='ocrx_word' id='word_1_963' title='bbox 1872 2897 1972 2930; x_wconf 85' lang='lat' dir='ltr'><strong>osten-</strong></span> 
     </span>
     <span class='ocr_line' id='line_1_133' title="bbox 1115 2939 1973 3012; baseline -0.005 -40"><span class='ocrx_word' id='word_1_964' title='bbox 1115 2942 1184 2973; x_wconf 79' lang='lat' dir='ltr'><strong>dam</strong></span> <span class='ocrx_word' id='word_1_965' title='bbox 1214 2950 1253 2972; x_wconf 88' lang='lat' dir='ltr'><strong>ne</strong></span> <span class='ocrx_word' id='word_1_966' title='bbox 1273 2942 1460 2973; x_wconf 82' lang='lat' dir='ltr'><strong>alterutrum</strong></span> <span class='ocrx_word' id='word_1_967' title='bbox 1486 2940 1534 2974; x_wconf 87' lang='lat' dir='ltr'><strong>his</strong></span> <span class='ocrx_word' id='word_1_968' title='bbox 1560 2943 1651 2973; x_wconf 85' lang='lat' dir='ltr'><strong>rebus</strong></span> <span class='ocrx_word' id='word_1_969' title='bbox 1673 2940 1838 2982; x_wconf 82' lang='lat' dir='ltr'><strong>juvemus,</strong></span> <span class='ocrx_word' id='word_1_970' title='bbox 1863 2939 1973 3012; x_wconf 50' lang='lat' dir='ltr'><strong>qst‘iibm</strong></span> 
     </span>
     <span class='ocr_line' id='line_1_134' title="bbox 1114 2978 1971 3017; baseline -0.004 -3"><span class='ocrx_word' id='word_1_971' title='bbox 1114 2982 1233 3014; x_wconf 84' lang='lat' dir='ltr'><strong>bellum</strong></span> <span class='ocrx_word' id='word_1_972' title='bbox 1258 2991 1368 3014; x_wconf 87' lang='lat' dir='ltr'><strong>contra</strong></span> <span class='ocrx_word' id='word_1_973' title='bbox 1394 2982 1512 3017; x_wconf 86' lang='lat' dir='ltr'><strong>amicos</strong></span> <span class='ocrx_word' id='word_1_974' title='bbox 1534 2982 1656 3015; x_wconf 86' lang='lat' dir='ltr'><strong>nostros</strong></span> <span class='ocrx_word' id='word_1_975' title='bbox 1678 2978 1846 3015; x_wconf 81' lang='lat' dir='ltr'><strong>instruatur</strong></span> <span class='ocrx_word' id='word_1_976' title='bbox 1924 2979 1971 3012; x_wconf 87' lang='lat' dir='ltr'><strong>so-</strong></span> 
     </span>
    </p>

    <p class='ocr_par' dir='ltr' id='par_1_18' title="bbox 1901 3029 1969 3052">
     <span class='ocr_line' id='line_1_135' title="bbox 1901 3029 1969 3052; baseline 0 0"><span class='ocrx_word' id='word_1_977' title='bbox 1901 3029 1969 3052; x_wconf 76' lang='lat' dir='ltr'><strong>vea-</strong></span> 
     </span>
    </p>
   </div>
   <div class='ocr_carea' id='block_1_11' title="bbox 1116 3103 1983 3184">
    <p class='ocr_par' dir='ltr' id='par_1_19' title="bbox 1116 3103 1983 3184">
     <span class='ocr_line' id='line_1_136' title="bbox 1157 3103 1983 3144; baseline 0.001 -9"><span class='ocrx_word' id='word_1_978' title='bbox 1157 3107 1217 3144; x_wconf 85' lang='lat'><strong>(2)</strong></span> <span class='ocrx_word' id='word_1_979' title='bbox 1239 3107 1272 3135; x_wconf 83' lang='lat' dir='ltr'><strong>In</strong></span> <span class='ocrx_word' id='word_1_980' title='bbox 1294 3106 1324 3135; x_wconf 85' lang='lat' dir='ltr'><strong>de</strong></span> <span class='ocrx_word' id='word_1_981' title='bbox 1345 3106 1534 3142; x_wconf 77' lang='lat' dir='ltr'><strong>Consideratien</strong></span> <span class='ocrx_word' id='word_1_982' title='bbox 1552 3115 1605 3136; x_wconf 82' lang='lat' dir='ltr'><strong>van</strong></span> <span class='ocrx_word' id='word_1_983' title='bbox 1624 3106 1712 3135; x_wconf 80' lang='lat' dir='ltr'><strong>Staats</strong></span> <span class='ocrx_word' id='word_1_984' title='bbox 1728 3105 1826 3144; x_wconf 75' lang='lat' dir='ltr'><strong>saken,</strong></span> <span class='ocrx_word' id='word_1_985' title='bbox 1841 3103 1983 3143; x_wconf 56' lang='lat' dir='ltr'><strong>fiukkmr,</strong></span> 
     </span>
     <span class='ocr_line' id='line_1_137' title="bbox 1116 3144 1835 3184; baseline -0.004 -9"><span class='ocrx_word' id='word_1_986' title='bbox 1116 3147 1224 3183; x_wconf 68' lang='lat' dir='ltr'><strong>rqltende</strong></span> <span class='ocrx_word' id='word_1_987' title='bbox 1245 3146 1274 3175; x_wconf 78' lang='lat' dir='ltr'><strong>de</strong></span> <span class='ocrx_word' id='word_1_988' title='bbox 1295 3146 1505 3184; x_wconf 75' lang='lat' dir='ltr'><strong>binnenlantische</strong></span> <span class='ocrx_word' id='word_1_989' title='bbox 1517 3144 1614 3183; x_wconf 62' lang='lat' dir='ltr'><strong>stiken,</strong></span> <span class='ocrx_word' id='word_1_990' title='bbox 1635 3153 1662 3174; x_wconf 86' lang='lat' dir='ltr'><strong>n.</strong></span> <span class='ocrx_word' id='word_1_991' title='bbox 1682 3153 1724 3181; x_wconf 75' lang='lat'><strong>¹4-</strong></span> <span class='ocrx_word' id='word_1_992' title='bbox 1745 3154 1772 3182; x_wconf 87' lang='lat' dir='ltr'><strong>p.</strong></span> <span class='ocrx_word' id='word_1_993' title='bbox 1792 3151 1835 3180; x_wconf 81' lang='grc'><strong>75.</strong></span> 
     </span>
    </p>
   </div>
  </div>
 </body>
</html>
