2008 3436
274 99 462 148 oruse
512 107 587 144 Di:
636 99 1035 144 CAPTATORns
1086 104 1406 146 INSTITUT.
1456 113 1495 148 c.
1523 113 1627 150 viii.

651 211 928 248 CAPU

1778 121 1847 162 437

979 210 1016 246 Τ
1115 212 1290 250 VIII.

112 317 162 352 Ne
190 317 252 359 iis,
281 327 346 362 quae
372 313 514 349 diximus
533 337 543 355 ,
576 308 675 356 obstet
692 336 703 354 ‚
735 310 901 356 explicrata
933 311 975 345 L.
1003 312 1062 349 81.
1095 308 1128 358 §.
1159 321 1192 347 1.
1219 310 1259 348 ff.
1286 310 1331 348 de
1359 312 1501 350 Haered.
1534 313 1642 352 instit.
1670 317 1799 363 rejettis

710 363 845 400 aliorum
871 365 1208 412 interpretationibus.

122 484 173 506 erc
190 473 254 513 cst,
279 481 313 505 ut
331 481 399 513 quae
418 470 565 503 hactenus
583 479 623 502 cit
641 469 740 501 Paulo
757 467 929 510 disputavi-

144 525 212 547 mus
230 516 268 547 de
290 514 476 546 conditione
500 512 532 544 in
556 512 755 553 praeteritum
773 511 827 542 vel
843 510 929 542 futu-

59 569 131 593 rum
158 557 275 588 collata
295 579 306 595 ,
333 555 435 596 deque
459 553 622 594 prohibita
638 553 769 585 alterius
785 552 928 593 pcrsouae

60 599 226 642 captione,
250 596 315 638 ipse
332 596 385 628 ille
404 595 517 628 Paulus
532 602 657 626 evertat
674 595 706 626 in
738 594 759 626 l.
780 598 833 628 81.
856 593 884 635 ἓ.
903 603 929 626 1.

55 641 97 685 ff.
115 642 148 672 de
166 639 282 672 Hieracis.
302 635 396 678 iriltzt.
419 638 452 669 Si
462 636 657 679 ita‚inquit,
673 635 826 677 scripserit
845 633 929 677 testa-

60 690 124 722 tor,
149 688 294 722 QUANTA
315 689 358 712 Ex
377 688 490 712 PARTE
507 687 558 710 ME
577 687 598 710 A
617 678 728 710 TITIO
745 685 932 709 HAEREDEM

60 731 285 759 INSTITUTUM
311 730 547 759 RECITAssEM,
580 729 624 751 Ex
648 728 693 752 EA
713 727 826 750 PARTE
844 719 931 752 SEM—

60 773 208 800 pnons
226 772 311 795 Miiii
333 773 454 795 irenes
476 771 560 794 Es'ro
579 784 589 800 ‚
619 771 677 793 non
701 758 743 801 est
766 761 931 801 captatoria

59 806 214 850 instituti&
262 805 356 837 Plane
383 805 462 836 milio
489 805 612 835 recitato
632 800 800 843 testamento
818 802 854 832 ab
871 800 929 842 ipſs>

59 848 212 891 testatore,
237 848 337 878 inanis
353 848 502 878 videbitur
526 844 672 886 institutio
684 866 696 882 ,
718 841 928 884 remotasuspi-

58 894 140 924 tione
165 890 332 930 captatorioe
356 886 559 930 institutionis.
611 885 740 927 Vulgari
767 884 855 916 Libri
875 894 928 916 ex-

59 932 190 970 hibent,
221 942 240 962 a
265 940 308 961 me
329 930 441 962 Titium
464 930 620 966 haeredem,
644 927 735 959 nullo
752 926 844 967 plane
861 924 926 958 sen-

59 974 112 1014 su,
143 974 227 1005 recte
252 971 457 1005 Florentinus
473 992 485 1010 ,
515 980 558 1001 me
586 980 604 1000 ti
626 969 702 1000 Titio
718 968 874 1005 bundeni,
899 967 929 999 δί

58 1026 130 1058 quae
159 1014 339 1056 sequuntur.
386 1013 445 1045 Sed
475 1012 550 1053 quid
575 1010 668 1042 audio
687 1010 704 1040 ἱ)
739 1008 930 1049 Scriptura,

58 1067 151 1100 quain
169 1055 319 1098 proponit
338 1054 469 1093 Paulus,
492 1052 570 1084 adeo
583 1061 647 1084 non
663 1050 724 1082 crit
739 1050 928 1091 captatori-a,

59 1109 114 1140 ut,
145 1098 231 1140 quod
256 1097 300 1128 ait
315 1121 324 1136 ,
356 1094 588 1136 etiamsuspitio
615 1091 717 1124 abfit‘?
740 1091 783 1122 Et
805 1099 925 1130 tamen,

59 1139 102 1180 si,
123 1139 208 1183 quod
228 1137 359 1170 testator
374 1137 476 1176 dixit,
501 1133 692 1176 compendio
709 1132 925 1172 dicamusffi-

57 1182 149 1214 detur
172 1180 393 1222 Sempronium
419 1178 575 1210 haeredem
600 1176 733 1208 scribere
748 1184 787 1206 ex
804 1183 839 1205 ea
859 1183 927 1215 par-

58 1232 110 1263 te,
143 1232 183 1254 cx
208 1232 269 1263 qua
293 1220 323 1253 se
347 1220 502 1253 haeredem
520 1218 693 1260 scripturus
710 1216 786 1248 effet
804 1215 926 1247 Titius.

58 1264 141 1309 Quae
152 1263 290 1306 species,
312 1271 347 1294 ut
365 1263 461 1294 modo
476 1260 676 1298 dicebamus,
699 1257 831 1290 omnino
848 1257 926 1289 inci-

56 1308 105 1339 dit
122 1307 154 1339 in
171 1305 379 1347 captatorium
397 1303 641 1336 institutionem.
849 1334 852 1335 ⁷

99 1349 253 1390 Joannes,
275 1354 370 1378 vetus
388 1344 571 1383 Glolsator‚
596 1341 747 1374 Accurfio
765 1340 926 1380 laudatus,

57 1391 130 1423 ideo
149 1391 229 1422 hanc
247 1387 432 1430 scripturam
447 1386 530 1419 dixit
547 1394 610 1418 non
628 1383 691 1416 ess'e
708 1383 926 1425 captatoriain,

57 1431 144 1474 quod
166 1429 298 1463 testator
314 1440 379 1462 non
400 1429 532 1467 Titium,
556 1426 646 1467 cujus
669 1424 928 1457 benevolentiam

56 1480 270 1515 provocaret,
295 1470 345 1504 sed
365 1469 583 1512 Sempronium,
606 1468 698 1500 aliam
718 1465 842 1499 scilicet
860 1475 926 1507 per-

57 1515 165 1549 sonam
181 1537 192 1553 ,
222 1513 376 1546 haeredem
401 1511 569 1554 scripserit.
640 1509 737 1550 Atqui
762 1517 827 1540 non
852 1508 928 1540 licet

57 1558 241 1599 captionem
264 1555 398 1597 dirigere
422 1555 454 1586 in
477 1554 605 1586 alterius
631 1551 795 1593 personam
811 1550 828 1581 ἱ)
860 1558 926 1581 non

56 1599 134 1632 licet
151 1597 222 1631 sane
233 1620 245 1637 ,
281 1605 317 1629 ut
340 1606 381 1629 ex
405 1595 546 1638 professo
563 1593 640 1626 dixi.
687 1592 794 1639 Quare
812 1591 863 1622 liic
879 1589 924 1623 su-

55 1640 252 1683 perdicamus
269 1661 281 1678 ,
309 1638 572 1680 quemadmodum
598 1643 693 1668 nemo
718 1641 861 1665 veterum
876 1631 924 1665 In-

57 1689 232 1724 terpretum
256 1680 349 1722 plene
377 1681 407 1714 &
432 1680 555 1721 integre
583 1676 746 1710 intellexit
763 1683 924 1721 argumen-

57 1732 145 1763 tum,
169 1723 255 1765 quod
272 1722 318 1755 est
336 1723 374 1755 de
391 1720 577 1763 captatoriis
604 1717 878 1755 institutionibus,
901 1724 925 1747 i-

56 1775 88 1798 ta
111 1775 171 1797 nec
195 1765 346 1806 Joannem
372 1763 573 1796 intellexiste.
599 1759 771 1804 Postquam*
794 1766 898 1790 tamen
913 1779 926 1796 ,

55 1807 183 1840 meliori
202 1816 293 1847 aevo,
318 1806 514 1839 intellectum
531 1803 577 1836 est
588 1827 599 1844 ‚
627 1801 733 1834 mirari
751 1801 847 1839 licet,
870 1798 925 1831 Pe-

55 1858 142 1883 trum
157 1848 182 1881 F
184 1848 293 1881 abi-um
304 1871 316 1888 ,
337 1848 423 1890 quod
439 1848 477 1879 ad
494 1843 788 1887 interpretationem
800 1842 828 1873 h.
842 1841 861 1873 ί.
872 1845 922 1876 81.

56 1891 86 1934 §.
108 1901 134 1924 1.
168 1890 301 1923 eundem
319 1914 330 1930 ‚
361 1900 453 1932 quem
480 1889 638 1930 Joannes,
669 1893 808 1916 errorem
823 1892 925 1914 errare

56 1932 194 1975 potuisse
210 1956 221 1971 ,
251 1932 363 1974 utique
387 1932 409 1965 fi
433 1931 500 1972 ejus
531 1928 736 1966 sententiam,
761 1935 831 1967 quae
848 1923 924 1956 alibi

55 1983 121 2007 non
146 1974 248 2007 exstat
266 1998 276 2014 ,
307 1974 391 2006 recte
418 1972 565 2006 retulerit
591 1969 739 2010 Cujacius
762 1976 802 1998 eo
825 1967 923 2006 loco,

56 2025 150 2057 quem
169 2016 343 2048 indicabam
370 2017 438 2056 Cap.
460 2014 516 2047 Vl.
541 2012 701 2046 Antonius
719 2007 923 2050 Augustinus,

57 2058 111 2099 qui
134 2058 255 2099 puriori
279 2057 443 2090 Dotirinae
464 2081 474 2097 ‚
506 2065 598 2097 quani
622 2061 706 2085 nunc
722 2052 870 2082 habemus
886 2050 926 2095 de

56 2100 241 2139 'captatoriis
268 2099 428 2140 scripturis
448 2123 458 2138 ‚
489 2098 610 2139 primus
642 2094 746 2125 facem
781 2091 926 2133 praetulit

58 2139 101 2173 L.
127 2140 182 2172 IV.
217 2140 371 2172 Extendat.
410 2141 441 2172 C.
471 2150 521 2180 15.
554 2136 698 2170 solicitus
717 2132 923 2165 videturhae-

57 2191 127 2214 rere
145 2181 184 2213 de
201 2180 321 2221 specie,
344 2192 413 2222 quae
431 2182 512 2222 apud
532 2179 662 2212 Paulum
679 2175 723 2208 est
746 2175 779 2207 in
796 2176 823 2206 d.
837 2175 857 2206 i.
870 2178 921 2209 81.

57 2224 87 2266 Β.
111 2233 137 2255 1.
161 2223 239 2254 adeo
258 2231 292 2254 ut
307 2233 365 2254 nec
384 2223 436 2254 libi
458 2222 529 2254 satis
545 2218 688 2258 constet;
720 2226 791 2249 nam
807 2215 920 2258 proba-

57 2273 168 2303 turus,
200 2265 285 2296 illam
310 2263 446 2305 speciem
472 2264 508 2295 ad
529 2263 648 2295 SCtuin
667 2270 730 2292 non
744 2258 922 2305 pertinere,

58 2308 195 2349 primum
213 2307 276 2345 ait,
308 2316 364 2337 nuit
383 2307 461 2336 enim
485 2310 603 2344 captare
623 2303 724 2333 videor
747 2299 821 2331 Titii
836 2307 922 2330 ascere-

57 2350 202 2386 (litatem,
236 2349 283 2378 cui
308 2347 384 2378 ninii
412 2347 541 2387 relinquo
552 2367 564 2383 ,
586 2353 675 2386 neque
695 2342 859 2382 Sempronio
877 2340 921 2371 ui-

58 2391 118 2422 lum
145 2401 164 2421 a
191 2389 269 2420 ‘flcio
292 2389 404 2420 ,literimi
430 2398 527 2419 venor.
560 2385 611 2418 sed
634 2385 731 2416 altera
758 2383 860 2421 ratio,
885 2390 921 2413 ut

59 2432 156 2464 modo
173 2430 315 2461 dicebam
326 2454 336 2469 ,
362 2430 463 2461 minus
481 2438 555 2460 veru
571 2427 635 2464 est,
657 2426 755 2457 altera
774 2424 877 2455 minus
892 2433 921 2455 a·

58 2483 123 2515 pta.
165 2473 251 2505 Mox
272 2479 376 2503 autem
392 2471 477 2502 adtlit
488 2492 499 2508 ,
520 2470 605 2510 quod
621 2467 718 2508 inagis
731 2465 843 2497 adrem
852 2473 921 2506 per-

60 2515 141 2546 tinet
159 2538 170 2554 ,
197 2514 355 2555 presertim
367 2511 395 2551 fi
417 2514 450 2543 de
480 2511 647 2552 testamento
676 2508 794 2539 Titiano
811 2529 823 2545 ‚
852 2511 920 2537 ante

59 2566 152 2587 mewa
176 2553 377 2596 testi'iientwn
395 2553 515 2594 facium
530 2577 540 2592 ,
563 2553 638 2583 illust
659 2551 752 2590 Caput
769 2548 920 2590 inteliiga-

59 2607 130 2628 mus.
174 2597 280 2638 Atque
303 2596 364 2633 ita,
395 2596 456 2628 line
478 2593 678 2635 ambigitu-213,
703 2591 734 2622 id
752 2589 856 2630 Caput
873 2600 919 2621 in-

61 2638 186 2669 tellexit
211 2637 344 2678 jacobus
368 2637 516 2677 Cujacius
547 2636 588 2667 L.
607 2633 700 2667 XVI.
735 2632 857 2673 Observ.
885 2631 918 2662 C.

66 2688 115 2710 11.
162 2679 260 2716 Certe,
284 2679 404 2719 inquit,
427 2679 540 2709 nullam
562 2678 693 2720 gratiam
708 2675 848 2715 reposcit,
870 2674 920 2714 qui

65 2719 207 2751 szizmz
232 2725 282 2750 eut
308 2720 504 2760 Sempronium
528 2720 663 2750 hxrecz’em
688 2717 817 2757 instituit
834 2724 871 2745 ex
886 2725 921 2746 ea

59 2767 146 2801 parte
157 2785 165 2799 ‚
176 2771 212 2806 eft·
221 2771 277 2802 qua
294 2761 349 2801 ipse
365 2772 384 2791 α
404 2761 482 2792 Titio
496 2759 743 2801 haeresinjtittitus
751 2761 811 2798 ejt,
822 2766 919 2799 quam-

63 2812 116 2843 que
140 2801 233 2842 βψω
259 2804 432 2834 recitaturus
449 2802 509 2841 fit:
539 2813 608 2833 narii
633 2801 783 2840 confertur
807 2799 921 2839 quidem

62 2841 209 2888 institutio
240 2843 400 2883 Sempronii
424 2845 456 2874 in
483 2839 921 2883 recitationemfiitiiram,sed

63 2885 276 2924 iristitutic-iieiii
294 2885 470 2924 praeteritam
487 2909 497 2924 ‚
529 2885 565 2920 ἐπ’)
581 2884 782 2925 testamentum
802 2892 820 2912 a
842 2881 919 2913 'litio

61 2925 127 2967 jtl'lt
143 2931 210 2956 ante
220 2924 336 2965 fastum
348 2947 358 2962 ‚
381 2926 425 2956 sta
442 2932 474 2957 ut
490 2928 590 2957 merito
608 2928 725 2957 cti-catur
742 2924 825 2955 nulla
844 2925 919 2954 ines·

57 2966 233 3008 ,sasigiptcio
260 2967 425 3006 captatorioe
440 2965 642 3006 institutionis.
686 2966 803 2999 Eadem
825 2963 918 2996 vesti-

65 3008 115 3047 gia
130 3008 244 3049 premit
265 3006 327 3048 ipse
343 3007 398 3038 ille
418 3007 565 3048 Cujacius
581 3010 619 3040 ad
641 3009 728 3041 Libr.
752 3006 803 3038 Vi.
829 3005 918 3047 Rejp.

67 3050 177 3090 Ραρὶη.
201 3049 232 3080 in
255 3049 274 3079 l.
296 3058 346 3089 70.
365 3047 406 3089 ff.
432 3051 465 3080 de
493 3049 609 3083 Haered.
624 3050 691 3091 iiijt.
717 3051 748 3082 ἃ
764 3049 921 3089 principue

69 3090 105 3122 ad.
137 3090 223 3128 Lihr.
244 3089 302 3122 IX.
335 3088 444 3136 ρπβ.
475 3089 563 3123 Paul.
597 3093 630 3124 in
652 3094 680 3124 h.
713 3092 734 3124 li
759 3096 811 3125 81.
834 3089 863 3130 ὃ.
894 3099 920 3122 1.

973 467 1106 515 Perinde
1125 469 1223 511 igitur
1240 470 1296 518 ille
1309 471 1416 519 *habet
1435 472 1595 507 testatoris
1611 475 1729 515 verba,
1751 484 1846 519 atque

975 509 998 543 fi
1023 518 1069 558 ita
1087 520 1244 553 concepta
1266 513 1398 546 ruissent
1419 525 1427 546 :
1458 521 1570 558 quanta
1593 523 1727 558 exparte
1744 528 1808 557 me,
1829 530 1847 551 a

979 551 1058 584 Titio
1085 561 1157 594 JAM
1181 554 1318 586 haeredem
1344 554 1533 597 institutum,
1565 567 1649 591 POST
1667 559 1849 602 recitaffem‚

975 603 1012 624 ex
1029 604 1064 625 ea
1077 600 1166 641 parte
1185 595 1370 642 Sempronius
1389 598 1462 630 mihi
1483 599 1571 631 haeres
1587 598 1662 641 esto,·
1685 610 1783 642 porro
1803 611 1848 634 ra-

976 642 1045 674 tus,
1068 635 1230 683 duplicem
1256 638 1304 683 illi
1323 637 1487 680 scripturae
1506 640 1602 674 ineffe
1615 642 1847 683 conditionem,

974 676 1106 723 alteram
1133 676 1344 712 institutionis
1372 681 1434 721 jam
1460 680 1552 715 factae
1572 705 1583 722 ,
1611 683 1742 716 alteram
1769 686 1848 717 reci-

975 725 1106 764 tationi?
1132 718 1234 750 adhuc
1256 719 1376 754 futurae
1398 746 1408 762 ,
1449 733 1519 765 quae
1553 732 1685 768 utraque
1721 726 1848 768 quidem

973 760 1099 806 impleri
1122 759 1277 808 deberet-q,
1309 764 1492 809 priusquam
1518 765 1624 798 valere
1645 766 1739 809 possit
1760 767 1847 800 insti-

974 808 1060 832 tutio
1086 801 1286 848 Sempronii,
1317 805 1369 836 icd
1386 815 1518 846 quarum
1536 808 1654 849 prima,
1679 816 1795 850 utpote
1814 810 1844 842 in

970 850 1167 883 praeterltum
1184 844 1322 884 collata,
1333 847 1516 887 captionem
1532 859 1598 881 non
1617 850 1711 882 habet
1718 860 1845 898 ,queni—

970 883 1140 916 admodum
1165 893 1266 926 neque
1285 885 1438 928 secunda,
1462 899 1552 931 quae,
1581 892 1726 932 quamvis
1746 902 1777 925 in
1796 893 1844 924 fu-

973 933 1080 972 turum
1104 924 1290 959 conferatur
1309 950 1321 966 ,
1352 929 1389 961 ad
1415 929 1513 972 ipsam
1528 931 1763 966 institutionem
1780 944 1844 967 non

971 974 1130 1007 pertinet,
1160 966 1213 999 sed
1229 968 1267 999 ad
1287 968 1385 1002 solam
1413 973 1636 1006 recitationem
1655 975 1844 1009 testamenti.

1016 1007 1282 1055 Vei-eorhautem,
1295 1020 1344 1057 ⁴ut
1362 1011 1432 1044 haec
1452 1013 1613 1047 distinctio
1629 1015 1776 1049 subtilior
1794 1017 1844 1058 fit,

971 1058 1065 1096 quam
1086 1059 1204 1082 verior.
1257 1050 1388 1084 Dividit
1414 1064 1527 1096 nempe
1555 1057 1652 1098 illud,
1676 1056 1844 1099 institutuiiz

970 1089 1132 1131 recitaffitm
1148 1113 1160 1130 ‚
1190 1093 1276 1138 quod
1294 1093 1357 1140 ⁵.fi
1380 1095 1464 1127 recte
1488 1097 1598 1137 judico
1619 1121 1630 1136 ‚
1659 1099 1759 1132 dividi
1778 1110 1844 1134 non

970 1139 1112 1178 oportet.
1155 1131 1247 1179 Quid
1272 1135 1385 1180 enim?
1417 1146 1455 1168 an
1474 1147 1539 1170 non
1556 1138 1718 1180 Julianus,
1739 1151 1844 1185 capta-

970 1182 1061 1205 toriae
1090 1172 1301 1222 institutionis
1326 1179 1511 1220 exemplum
1537 1181 1782 1223 propositurus,
1813 1184 1845 1216 i'n

970 1215 990 1246 l.
1011 1224 1038 1248 1.
1057 1214 1100 1256 ff.
1117 1216 1151 1246 de
1171 1214 1234 1247 His
1251 1224 1377 1265 quiapro
1396 1229 1454 1251 non
1472 1220 1581 1263 script«.
1603 1225 1668 1255 hab.
1694 1224 1738 1256 ita
1756 1224 1844 1258 infit:

969 1266 1030 1304 qua.
1041 1266 1079 1288 ex
1089 1261 1177 1304 parte
1193 1267 1237 1289 me
1260 1258 1354 1291 fitius
1371 1261 1510 1294 haeredem
1535 1274 1714 1298 SCRIPTUM
1730 1267 1763 1298 in
1785 1266 1844 1299 Ta-

969 1298 1044 1329 lmin-
1056 1297 1123 1340 suis
1148 1307 1412 1346 RECITAYER1T‚
1442 1314 1479 1336 ex
1494 1315 1530 1337 ea
1541 1311 1630 1346 parte
1646 1307 1733 1339 hoeres
1749 1306 1805 1350 esto
1826 1307 1846 1341 ⁴?

972 1339 1002 1371 &
1028 1347 1134 1386 tamesi
1150 1361 1162 1378 ,
1191 1339 1214 1372 fi
1239 1340 1406 1382 CuJacium
1430 1346 1537 1379 audias
1552 1370 1564 1386 ,
1592 1348 1663 1381 haec
1682 1348 1845 1382 institutio

970 1388 1148 1423 captatoria
1173 1390 1238 1413 non
1263 1383 1341 1415 effet
1361 1409 1373 1425 ,
1406 1387 1479 1428 quia
1492 1387 1640 1430 scriptum
1663 1391 1701 1422 ad
1719 1400 1846 1434 tempus

969 1423 1117 1455 exaCtum
1136 1421 1296 1471 refertur2
1325 1428 1502 1462 recitaverit
1529 1440 1607 1463 vero
1631 1432 1669 1465 ad
1685 1431 1844 1466 futurum.

969 1464 1031 1512 Sed
1044 1464 1147 1510 palam
1172 1464 1248 1511 inde
1274 1465 1394 1509 liquet,
1427 1471 1648 1514 conjungenda
1669 1474 1748 1514 effe,
1773 1485 1844 1517 quae

969 1507 1124 1547 disjunxit
1138 1504 1309 1552 Cujacius,
1332 1518 1392 1542 nec
1415 1511 1571 1547 diversam
1589 1515 1651 1547 effe
1669 1515 1846 1549 institutio-

969 1557 1042 1595 nem
1063 1558 1080 1579 a
1099 1554 1289 1580 recitatione
1305 1549 1508 1596 testamenti,
1541 1564 1574 1588 at
1590 1556 1666 1596 illa,
1687 1567 1781 1600 quam
1800 1558 1847 1590 di-

969 1599 1025 1636 xi?
1047 1588 1192 1636 formula·
1207 1598 1300 1636 unam
1319 1594 1519 1638 eandemque
1543 1596 1731 1631 sententiam
1747 1599 1846 1632 effici.

969 1631 1062 1664 Alios
1078 1639 1146 1663 non
1161 1631 1247 1671 vidi,
1272 1641 1327 1680 qui
1346 1633 1530 1671 succurrant
1548 1638 1706 1673 laboranti
1725 1640 1847 1681 Pau103

969 1682 1047 1719 nain·
1061 1670 1204 1718 Gloss‘aQ
1215 1681 1350 1706 recitata
1365 1678 1504 1718 primum
1522 1679 1652 1721 Joannis
1672 1681 1848 1722 sententia,

969 1723 1065 1746 variis
1092 1722 1170 1759 mox
1196 1719 1516 1756 interpretationibus
1537 1722 1614 1754 hunc
1650 1723 1680 1766 §a
1703 1734 1731 1756 1.
1755 1725 1845 1756 intri-

969 1763 1021 1802 cat
1038 1762 1167 1801 potius,
1192 1764 1286 1802 quain
1310 1759 1472 1801 extricat,
1495 1762 1554 1795 vix
1570 1764 1654 1797 enim
1672 1765 1845 1808 intelligo,

968 1800 1044 1843 quid
1063 1796 1119 1829 sibi
1137 1797 1228 1829 velit.
1274 1798 1334 1832 Sed
1350 1810 1412 1848 εμπ.
1421 1812 1483 1845 ego
1509 1803 1631 1839 oblitus
1649 1806 1847 1840 sumfGram-

967 1846 1094 1886 maticae
1105 1861 1116 1877 ‚
1139 1847 1234 1880 quam
1251 1842 1466 1887 puer-didici,
1491 1854 1545 1878 aut
1563 1848 1743 1890 recitaffim,
1758 1849 1845 1891 quod

968 1880 1021 1912 hic
1043 1878 1109 1926 est)
1139 1889 1206 1913 non
1231 1880 1361 1923 respicit
1377 1883 1524 1919 futurum
1543 1896 1688 1931 tempus,
1712 1898 1745 1922 at
1763 1890 1843 1922 vero

967 1929 1167 1964 praeteritum
1192 1921 1347 1956 duntaxat
1363 1947 1375 1963 ,
1409 1926 1455 1958 est
1481 1929 1585 1970 enim,
1609 1938 1645 1963 ut
1667 1932 1699 1964 in
1715 1931 1844 1964 Scholis

967 1969 1143 2011 loquuntur
1158 1986 1170 2003 ,
1201 1963 1390 1997 Praeterz‘tum
1410 1969 1565 2012 plusquam
1583 1971 1842 2014 Ῑῡενβεεῒανη’ὁίιρ-Ῡ

961 2005 1115 2049 Juizttzvi,
1139 2013 1236 2047 atque
1252 2007 1331 2039 adeo
1347 2007 1416 2041 haec
1435 2012 1599 2053 conditio,
1617 2022 1732 2055 quanta
1749 2023 1843 2056 quan—

969 2057 1000 2079 ta
1015 2046 1079 2087 est,
1103 2047 1248 2080 exactum
1267 2056 1391 2090 tempus
1417 2051 1566 2095 respicit,
1589 2065 1649 2087 nec
1665 2056 1782 2096 etiam,
1805 2064 1842 2089 ut

966 2088 1064 2121 modo
1091 2087 1264 2135 probabam
1281 2114 1291 2130 ,
1321 2092 1441 2132 duplex
1459 2115 1470 2135 ,
1503 2094 1555 2127 scd
1579 2107 1639 2129 una
1657 2097 1703 2130 est
1720 2098 1751 2130 ἃ
1772 2096 1842 2131 fim-

965 2131 1051 2179 plex.
1097 2131 1131 2163 Si
1156 2130 1284 2163 dixisset
1310 2132 1461 2178 testator,
1492 2146 1550 2178 qua
1565 2148 1602 2170 ex
1615 2145 1707 2180 parte
1723 2149 1767 2170 me
1790 2139 1840 2171 Ti-

967 2179 1026 2219 tius
1043 2172 1182 2203 haeredem
1196 2172 1385 2215 instituzffit,
1417 2174 1582 2219 scripturae
1601 2180 1712 2213 ineffet
1728 2181 1840 2213 condi-

967 2221 1015 2246 tio
1034 2237 1045 2254 ,
1077 2214 1129 2260 sed
1155 2214 1189 2245 in
1213 2217 1413 2263 praeteritpm
1431 2227 1611 2262 concepta,
1635 2232 1739 2265 neque
1759 2223 1839 2255 adeo

964 2262 1140 2304 captatoria
1156 2278 1167 2295 ,
1191 2265 1284 2304 'nunc
1307 2258 1438 2298 adjicit,
1461 2270 1518 2303 qua
1535 2272 1573 2294 ex
1582 2270 1671 2304 parte
1687 2275 1732 2296 me
1749 2275 1768 2296 a
1788 2263 1838 2296 Ti—

964 2303 1004 2329 tw
1022 2298 1161 2329 haeredem
1185 2298 1353 2345 institutum
1376 2302 1555 2344 recitaffem,
1581 2305 1764 2346 Senivronius
1780 2305 1836 2337 hae-

963 2349 1008 2385 res
1023 2339 1079 2380 esto
1095 2361 1109 2386 .³
1141 2340 1173 2371 o&
1199 2340 1372 2387 desiderat,
1403 2352 1444 2374 ne
1462 2345 1586 2377 inutilis
1606 2347 1644 2379 fit
1660 2347 1839 2388 Sempronii

963 2379 1146 2419 institutio,
1170 2389 1206 2427 ut
1224 2381 1289 2423 ipse
1304 2391 1369 2415 non
1398 2391 1522 2418 tantum
1539 2386 1576 2419 fit
1593 2387 1693 2420 haeres
1713 2386 1837 2421 institu-

965 2431 1035 2469 tus,
1058 2421 1110 2453 sed
1126 2422 1243 2469 Qflpse
1259 2422 1290 2454 se
1311 2423 1492 2458 institutum
1513 2428 1690 2469 recitasset3
1714 2439 1786 2471 quae
1804 2429 1836 2462 &

963 2462 1030 2511 ipsa
1044 2464 1192 2510 conditio
1208 2473 1240 2495 in
1259 2466 1456 2505 praeteritum
1475 2467 1520 2500 est
1537 2470 1666 2503 collata.
1711 2471 1836 2503 Iudicat

963 2507 996 2537 id
1013 2504 1103 2537 Pauli
1119 2504 1307 2546 subsequuta
1328 2509 1479 2549 ἑπίκμσις,
1497 2510 1608 2553 plane,
1625 2513 1751 2555 inquit,
1770 2513 1834 2544 nul-

963 2547 989 2578 lo
1008 2549 1130 2594 recitato
1149 2547 1317 2594 testamento
1334 2550 1371 2580 ab
1386 2550 1444 2591 ipfi)
1458 2551 1611 2594 testatore,
1636 2555 1736 2586 inanis
1751 2555 1832 2585 vide-

963 2595 1011 2620 tur
1025 2586 1190 2629 institutio,
1212 2588 1275 2636 hoc
1292 2589 1355 2630 est,
1379 2591 1402 2624 si
1418 2592 1543 2626 nullum
1567 2596 1722 2636 ejusmodi
1743 2594 1833 2627 testa-

963 2638 1130 2677 meritum,⁴
1155 2639 1225 2677 quo·
1247 2629 1313 2673 ipse
1336 2632 1471 2707 scriptus
1496 2634 1542 2667 est
1558 2636 1679 2677 haerec,
1701 2636 1834 2669 testator

963 2680 1147 2704 reeitaverit
1164 2695 1177 2718 ξ,
1216 2682 1338 2705 irritam
1365 2684 1383 2706 e
1407 2674 1427 2706 'e
1452 2676 1631 2718 Sempronii
1658 2678 1830 2711 institutio-

963 2722 1055 2761 nem,
1078 2713 1246 2745 deficiente
1262 2723 1376 2757 nempe
1391 2717 1596 2758 conditione,
1625 2720 1680 2752 sub
1700 2730 1760 2761 qua
1777 2719 1832 2751 ille

963 2757 1099 2804 leriptus
1126 2763 1193 2787 erat
1218 2756 1335 2796 haeres,
1360 2758 1391 2790 δε
1417 2765 1554 2792 remotam
1572 2762 1646 2793 hinc
1664 2760 1829 2802 essesuspi-

961 2808 1071 2845 cionem
1097 2799 1265 2839 captatoriae
1289 2797 1502 2839 institutionis,
1534 2810 1569 2833 ut
1591 2810 1714 2834 remota
1727 2801 1772 2834 est
1791 2801 1830 2833 ab

961 2841 1109 2872 omnibus
1130 2838 1386 2872 institutionibus
1415 2842 1468 2872 vel
1495 2843 1738 2875 recitationibus
1756 2865 1768 2881 ,
1798 2844 1830 2875 in

962 2882 1158 2923 praeteritum
1172 2881 1315 2927 collatis,
1357 2881 1458 2914 Tanti
1474 2881 1598 2916 scilicet
1614 2883 1762 2923 interest,
1787 2892 1833 2916 te—

962 2924 1061 2956 stator
1077 2923 1196 2954 dixerit
1222 2921 1402 2963 recitaffem,
1433 2924 1519 2964 quod
1535 2926 1710 2965 praeteriti,
1734 2935 1772 2957 an
1786 2936 1831 2958 re—

962 2967 1091 2998 cita-vero
1101 2987 1113 3004 ,
1134 2964 1219 3005 quod
1234 2964 1338 2996 futuri
1355 2965 1507 3005 temporis
1523 2965 1585 2998 est:
1610 2967 1673 2998 lioc
1692 2967 1768 2999 esset
1784 2977 1833 2999 ca<

963 3008 1155 3049 ptatoi·ium,
1180 3007 1260 3037 illud
1276 3014 1341 3037 non
1357 3005 1454 3043 item,
1478 3006 1508 3037 ἃ
1526 3017 1687 3049 perperam
1704 3012 1834 3050 quoque

965 3054 1035 3081 naec
1058 3046 1229 3079 confundit
1253 3045 1476 3079 Gothofredus
1500 3047 1593 3082 Pater
1619 3051 1656 3082 ad
1679 3051 1699 3081 i.
1724 3060 1771 3084 ii.
1799 3051 1832 3082 C.

966 3092 1000 3122 de
1022 3089 1147 3132 Testam.
1163 3089 1253 3122 militi

1154 3268 1269 3311 1112·
1749 3268 1842 3306 CA:
