2008 3436
641 158 748 204 AD
831 154 1344 203 LECTOREM.
1837 177 1884 212 11

106 261 204 297 alius,
256 259 372 303 Data,
398 258 557 306 inquam,
584 265 712 302 opera3
738 254 817 290 casu
835 253 952 299 enim,
979 253 1258 300 conspirantibus
1274 254 1449 303 ingeniis,
1475 257 1510 293 id
1531 258 1604 296 fieri
1625 260 1755 299 nemini
1772 260 1888 301 fraudi

108 309 177 346 effe
195 308 313 346 debet.
365 308 414 344 At
438 307 513 355 quis
538 306 632 345 haec,
665 305 823 351 inquies,
857 303 1070 352 dignoscat?
1095 304 1233 347 dicam,
1265 315 1309 340 ex
1328 305 1504 350 Αυᾶὶοτε,
1537 309 1596 354 qui
1616 306 1756 358 scripsit.
1809 312 1887 349 Ob·

108 358 240 396 servavi
265 357 444 404 aliquoties
460 384 470 400 ‚
501 356 585 392 alios
609 354 790 402 CuJacium
815 352 1044 400 praeveniffe,
1071 353 1178 390 etiam
1203 355 1238 390 in
1263 354 1354 399 illis,
1383 367 1459 403 quae
1487 358 1597 404 vulgo
1621 359 1676 403 ei,
1703 370 1739 396 ut
1768 361 1886 408 primo

107 408 273 451 Auffori,
300 418 335 442 ut
358 417 450 442 nova
475 404 682 452 singularia,
714 404 934 447 tribuuntur3
961 411 1118 439 attamen
1147 404 1184 439 in
1213 403 1358 451 Cujacio
1386 405 1462 441 haec
1489 405 1583 442 ferre
1610 418 1753 453 oportet
1782 422 1884 458 aequo

107 459 224 493 animo
240 484 249 499 ,
283 456 318 491 &
344 467 387 490 ne
413 453 493 490 furti
519 454 658 501 quidem
684 452 913 500 suspicionem
936 464 1093 488 movere.
1147 453 1282 500 Cujacii
1315 454 1403 491 nihil
1430 456 1625 501 intererat,
1660 469 1762 493 unam
1790 460 1885 497 forte

107 516 167 542 aut
187 506 328 542 alteram
350 503 645 540 observationem
668 502 799 550 perire,
827 511 964 538 tantum
988 502 1037 538 illi
1059 513 1169 538 cornu
1194 512 1268 538 erat
1292 505 1416 551 copiae.
1469 505 1537 541 Sed
1565 517 1606 542 ea
1632 505 1717 543 furti
1739 507 1885 553 suspicio

105 551 174 590 non
201 553 381 590 cess‘averit
407 554 442 589 in
470 552 543 596 his,
571 554 629 600 qui
659 563 730 588 non
756 551 865 588 solent
888 551 1030 599 sapere,
1057 550 1118 587 nisi
1144 563 1187 587 ex
1211 553 1327 589 alieno
1348 554 1518 601 ingenio⁹
1545 557 1604 602 qui
1630 557 1752 592 volunt
1770 558 1885 595 videri

105 602 218 646 doffi,
246 602 283 639 ἀ
300 614 368 638 non
386 602 480 644 sunt,
509 602 567 650 qui
584 602 736 650 denique
750 595 1004 637 mediocritafiis
1025 602 1090 637 suae
1113 600 1173 637 fibi
1193 613 1263 638 non
1285 605 1436 647 conscii,
1464 604 1641 650 superbius
1660 606 1694 641 se
1711 606 1885 651 efferunt,

105 651 142 687 ἃ
158 654 315 698 quamvis
338 653 531 695 rationem,
557 663 622 699 qua
649 652 683 688 se
708 650 912 694 ostendant,
939 650 1120 688 honestam
1143 652 1287 688 ducunt.
1340 654 1560 699 Caeteroquin
1582 653 1619 690 ἃ
1639 656 1884 692 eruditissimus

105 702 248 748 quisque
271 713 364 744 rem,
388 710 463 746 quae
489 700 572 737 faffi
596 700 668 744 est,
695 700 800 737 facile
817 701 970 748 ignoret.
1021 701 1079 735 Sin
1099 700 1191 747 ajas,
1217 702 1331 747 primo
1350 703 1559 750 legendum,
1585 705 1714 741 deinde
1732 706 1884 742 scriben-

104 753 186 786 dum
204 750 273 786 ess‘e
286 778 295 794 ,
322 750 553 786 excutiendos
568 750 637 786 esse
656 750 827 786 Austores
844 750 1007 796 improbo
1023 750 1162 794 labore,
1189 752 1360 797 pertinaci
1377 752 1510 795 studio,
1535 753 1630 790 re5te
1649 756 1697 790 ais
1710 781 1721 798 ,
1748 754 1804 790 sed
1823 755 1883 803 qui

104 808 185 836 ante
201 811 263 835 nos
281 800 395 836 nostra
413 800 594 843 dixerunt,
620 800 757 836 obscuri
773 800 860 845 saepe
878 799 1007 842 latent,
1032 799 1092 834 vix
1112 802 1254 836 nornine
1272 803 1371 846 noti,
1397 801 1453 846 ἃ,
1478 801 1502 838 fi
1518 805 1573 839 vel
1594 804 1761 840 hilarioris
1778 804 1883 841 famae

103 849 186 893 fint‚
214 848 378 885 dixerunt
396 851 483 895 saepe
501 850 578 884 loco
593 849 707 885 alieno
725 847 762 884 &
779 848 953 897 fugitivo3
980 857 1076 883 utne
1092 848 1312 896 diligentiam
1329 852 1469 899 quidem
1489 852 1562 898 ejus
1580 854 1738 890 accusare
1759 854 1882 899 poffis.
1935 896 1943 898 ξ

104 899 163 947 qui
182 898 242 935 suo
257 911 402 946 quaeque
422 900 498 935 loco
512 898 651 946 quaerit:
678 896 715 933 ἃ
736 907 818 933 tunc
839 907 956 943 parata
976 898 1082 932 venia
1104 897 1164 933 est.
1215 901 1280 935 Sed
1304 901 1397 947 quod
1419 902 1509 947 apud
1527 903 1700 938 Autrores
1719 904 1880 940 tralatitii

105 949 203 992 usus,
230 950 320 995 quod
347 950 404 985 suo
429 949 506 983 loco
533 946 705 989 occurrit,
731 947 768 981 id
792 958 875 981 vero
903 946 1065 992 ignorare
1094 958 1162 981 non
1189 948 1290 992 licet,
1319 962 1433 997 neque
1455 951 1566 995 adeo,
1593 952 1650 987 vel
1678 954 1769 989 bona
1791 953 1880 998 fide,

104 997 227 1041 edere,
253 1008 413 1043 tanquam
436 1008 479 1031 ex
503 996 757 1031 Observatione
778 994 938 1041 propria3
965 995 1065 1041 culpa
1091 996 1165 1031 haec
1194 998 1262 1032 lata
1288 999 1360 1041 est,
1387 1000 1467 1035 dolo
1489 1002 1665 1046 proxima,
1697 1013 1764 1038 nec
1787 1003 1881 1050 quis-

104 1058 206 1094 quam
230 1055 266 1082 te
292 1046 459 1081 absolvat.
519 1046 571 1079 lta
600 1054 718 1079 tamen
745 1046 878 1080 vivitur
901 1044 1110 1091 aliquando,
1145 1045 1194 1082 ita
1218 1047 1402 1092 scribitur,
1435 1048 1473 1084 ἃ
1501 1050 1536 1084 in
1563 1050 1614 1085 his
1639 1051 1736 1087 vibia
1758 1064 1880 1088 varam

103 1095 263 1142 sequitur.
293 1094 463 1147 Quamvis
478 1103 592 1129 autem
610 1095 643 1130 in
661 1093 726 1130 illis
743 1094 903 1130 omnibus
919 1094 1010 1129 hanc
1025 1094 1111 1130 mihi
1131 1095 1244 1140 legem
1262 1096 1412 1133 dixerim
1424 1123 1436 1141 ,
1463 1106 1500 1133 ut
1518 1099 1655 1145 culpam
1672 1101 1881 1138 levissimam

102 1144 261 1192 praestare
284 1145 414 1188 velim,
442 1153 558 1179 tamen
585 1154 655 1178 non
679 1154 807 1189 negem
824 1171 834 1187 ,
867 1154 923 1178 me
947 1142 1095 1189 saepius,
1129 1153 1291 1191 tanquam
1320 1158 1363 1183 ex
1391 1158 1483 1193 penu
1513 1159 1591 1183 mea
1617 1150 1813 1186 observasse
1839 1151 1880 1187 &

102 1193 317 1237 emendasse,
343 1205 418 1242 quae
436 1194 491 1228 vel
508 1194 540 1229 in
558 1193 707 1240 antiquis
722 1192 944 1229 Editionibus
964 1193 1020 1228 vel
1041 1192 1131 1239 apud
1153 1193 1239 1230 alios
1257 1195 1430 1232 AuEiores
1451 1196 1582 1232 deinde
1603 1199 1729 1244 reperi.
1781 1200 1880 1249 Quin

101 1242 139 1280 ἃ
157 1243 354 1288 hujusmodi
371 1243 525 1290 quaedam
545 1242 597 1277 his
616 1241 696 1288 ipsis
714 1242 1004 1288 Observationibus
1023 1242 1279 1279 destinaveram
1297 1244 1333 1281 <Sc
1351 1257 1566 1292 paraveram.
1618 1247 1686 1283 Sed
1708 1251 1879 1286 continuo

101 1305 143 1330 ea
158 1293 294 1336 delevi,
319 1293 422 1329 etiam
441 1302 542 1335 tunc,
566 1303 644 1327 cum
661 1292 726 1328 alia
742 1292 920 1328 Leetionis
935 1292 990 1328 vel
1008 1291 1275 1329 observationis
1291 1305 1499 1342 argumenta
1515 1295 1762 1344 suppeterent,
1789 1300 1879 1336 tanti

100 1354 173 1378 non
198 1341 265 1378 effe
292 1351 384 1378 ratus
401 1370 410 1385 ‚
446 1342 596 1377 rationes
619 1340 755 1378 adferre
779 1342 856 1384 rei,
892 1352 968 1388 quae
996 1341 1067 1387 ipsa
1092 1342 1179 1377 mihi
1202 1343 1396 1380 intercidit.
1448 1346 1484 1380 Si
1511 1357 1586 1392 quae
1617 1355 1733 1383 tamen
1762 1349 1878 1385 adhuc

101 1391 261 1429 offendas
277 1392 311 1428 in
329 1392 382 1428 his
400 1392 710 1438 Observationibus,
739 1392 781 1426 ab
798 1391 871 1427 aliis
889 1391 972 1426 alibi
989 1389 1139 1437 scripta,
1165 1403 1249 1428 mox
1269 1404 1333 1439 pro
1357 1406 1427 1430 non
1446 1395 1582 1442 scriptis
1604 1396 1724 1432 haberi
1747 1400 1878 1443 velim,

102 1441 159 1485 ἃ,
186 1440 208 1476 fi
228 1452 291 1487 per
314 1451 347 1476 te
367 1442 490 1484 liceat,
518 1439 665 1484 Letfftor‚
693 1439 864 1477 duntaxat
881 1439 1015 1476 absolvi
1035 1451 1053 1475 a
1074 1440 1143 1476 fide
1166 1442 1266 1478 mala.
1320 1444 1402 1479 Duo
1427 1444 1659 1491 irrepserunt,
1685 1446 1730 1482 de
1751 1449 1878 1495 quibus

100 1490 192 1527 malo
210 1501 484 1536 monere,quam
498 1489 937 1537 moneri3primum‚quod
953 1489 1213 1526 observaverim
1239 1492 1356 1529 L.111.
1378 1494 1410 1528 C.
1423 1505 1454 1539 7.
1475 1506 1538 1540 pro
1564 1496 1708 1532 Maecilio
1724 1498 1759 1533 in
1777 1499 1795 1533 l.
1819 1511 1877 1543 15.

97 1539 131 1589 §.
150 1551 181 1576 1.
198 1539 248 1586 ff.
265 1541 301 1576 de
317 1539 438 1589 Quaest.
463 1539 720 1576 rescribendum
737 1538 806 1576 ess'e
823 1540 970 1582 Caecilio,
994 1551 1099 1586 quum
1115 1540 1151 1575 id
1164 1540 1236 1587 jam
1254 1542 1496 1580 observaverit
1513 1545 1702 1592 Menagius
1719 1549 1877 1586 Amoenit.

99 1589 180 1636 Jur.
208 1590 277 1625 Civ.
309 1591 342 1625 C.
358 1591 473 1626 XXII.
524 1590 703 1632 Alterum,
728 1589 821 1636 quod
847 1589 888 1625 L.
906 1589 972 1625 1V.
1003 1591 1037 1625 C.
1059 1601 1114 1625 ιι.
1143 1591 1235 1636 apud
1253 1592 1459 1640 Hieronym,
1482 1594 1518 1629 in
1536 1594 1649 1630 Chron.
1668 1596 1788 1643 Eztseb.
1811 1610 1877 1646 pro

98 1640 264 1675 volutante
280 1639 424 1686 legerim
439 1640 626 1682 voluntate,
649 1650 752 1686 quum
770 1647 886 1675 tamen
903 1639 1069 1675 voluntate
1085 1638 1251 1676 exhibeat
1268 1641 1340 1689 ipsa
1356 1643 1525 1690 Scaligeri
1542 1644 1662 1680 Editio
1673 1673 1683 1688 ‚
1698 1646 1877 1685 Amsterd.

99 1692 207 1733 ¹1658.
268 1689 457 1736 Utriusque
484 1690 622 1725 causam
651 1688 768 1724 habe:
809 1690 886 1725 usus
916 1689 989 1724 sum
1014 1689 1180 1737 Menagii
1204 1690 1299 1727 Edit.
1333 1692 1435 1728 Paris.
1463 1696 1569 1738 1664.
1604 1694 1639 1730 in
1667 1707 1735 1742 qua
1765 1696 1801 1732 id
1831 1699 1877 1736 de

98 1737 244 1774 Maecilio
269 1737 304 1773 ἃ
336 1739 459 1774 Caecilio
483 1738 705 1775 observatum
732 1748 802 1772 non
827 1748 926 1782 erat,
951 1738 1090 1774 acceffit
1119 1741 1240 1784 enim,
1267 1749 1305 1776 ut
1325 1753 1418 1777 nunc
1439 1742 1545 1778 video
1563 1770 1572 1784 ‚
1601 1745 1693 1780 curis
1718 1744 1879 1784 secundis

96 1787 195 1823 Edit.
222 1787 320 1824 Paris.
344 1791 446 1834 1677.
501 1789 586 1824 Illud
609 1797 724 1823 autem
751 1788 919 1824 volutante
947 1787 1039 1834 apud
1064 1788 1275 1837 Hieronym.
1300 1791 1333 1826 in
1362 1791 1473 1827 Chron.
1495 1791 1613 1839 Euseb.
1638 1802 1711 1830 erat
1733 1795 1766 1831 in
1791 1796 1876 1833 Edi-

98 1837 220 1880 tione‚
245 1848 310 1883 qua
335 1838 402 1872 sola
427 1838 502 1873 usus
522 1838 616 1882 sum,
642 1835 816 1872 Bafilienfi
835 1848 940 1884 1579.
991 1838 1124 1874 Omnes
1147 1840 1303 1875 omnium
1327 1841 1511 1877 Librorum
1536 1842 1718 1879 Editiones
1743 1844 1875 1884 habere

98 1885 137 1922 &
152 1896 318 1922 excutere
338 1887 467 1922 nemini
486 1887 606 1923 datum
623 1885 690 1922 est:
718 1886 777 1921 nisi
795 1888 885 1932 quod
897 1913 909 1932 ,
937 1897 973 1923 ut
990 1886 1090 1934 supra
1107 1888 1267 1925 dicebam
1279 1915 1291 1933 ‚
1317 1902 1359 1927 ea
1375 1902 1458 1927 cura
1476 1891 1550 1928 fere
1568 1892 1665 1939 JCtis
1682 1892 1797 1932 danda
1813 1896 1874 1942 fit,

98 1935 294 1984 priusquam
313 1936 357 1971 de
374 1937 489 1973 Libris
508 1937 598 1985 Juris
616 1936 860 1984 pronuncient.
916 1938 991 1981 Ita,
1015 1938 1165 1983 Lector,
1192 1940 1279 1974 vale,
