2008 3436
274 112 846 162 QUAEST.JUR18
910 112 1257 161 rustici,

654 248 1011 288 CAPUT

1309 117 1410 154 Llss.
1437 118 1483 156 ΙΙ.
1518 122 1556 158 C.
1577 124 1644 160 1V.
1751 134 1820 170 245

1079 231 1200 289 av.

189 337 243 374 An
256 336 395 385 fingulae
421 338 601 374 Provinciae
623 336 785 374 Foederati
808 338 918 386 Belga·
941 341 1086 388 Legatos
1106 340 1222 389 poffint
1249 345 1401 389 mittere,
1428 346 1483 381 vel
1501 348 1674 393 accipere?

128 433 289 476 espublica
303 435 495 467 Achaeorum
503 444 564 473 ‚ex
582 433 702 477 septem
718 435 913 470 Civitatibus

147 475 302 515 conflata,
325 477 424 508 multa
438 476 516 509 olim
535 475 645 509 habuit
663 478 700 510 ad
725 476 819 509 instar
842 478 913 510 Rei-

46 519 181 564 publicae
199 517 356 550 Foederati
379 517 491 558 Belgii.
536 517 672 558 Jacobus
693 517 912 553 Gotliofredus

49 561 211 599 Oratione,
235 569 328 601 quam
355 558 521 591 Achaicam
546 559 718 601 inscripsit,
743 561 825 593 inter
850 561 910 593 Lc—

45 606 99 646 ‘gee
123 601 250 634 Achaici
274 600 416 633 Foederis
445 601 541 632 etiam
566 602 644 633 hanc
668 601 784 634 refert:
808 613 843 634 ne
863 605 910 634 cm·

45 643 174 678 Achaici
193 643 316 674 Conciliz'
333 643 461 677 Civitati
468 641 587 682 stmrstnz
609 643 740 686 Legatos
757 645 795 675 ad
813 650 906 676 exter-

44 695 86 718 na
103 686 219 716 mittere
227 685 284 726 fas
298 684 382 725 effen,
404 685 435 717 ὅ(
454 684 629 724 existimat,
655 686 737 717 salva
749 695 784 716 ca
801 685 905 727 Lege,

44 726 162 768 semper
178 725 259 758 bona
275 725 337 758 fide
359 727 391 758 in
408 735 576 757 commune
598 726 691 759 fuiffe
706 726 883 759 consultum
894 749 905 765 ‚

41 777 77 802 ea
94 775 199 800 autem
216 766 417 807 labefactata,
444 767 657 801 labefactatam
675 778 800 810 quoque
815 767 905 800 fuiffe

39 810 227 845 Achaeorum
251 809 497 851 Rempublicam.
543 809 676 842 Achaici
702 810 840 842 Foederis
857 809 902 841 so-

39 852 107 885 cios
124 849 287 892 separatim
303 851 352 891 jus
370 851 536 892 legationis
556 861 619 883 non
645 851 783 883 habuisse
805 860 846 882 ex
862 860 902 882 eo

38 893 106 932 est,
127 893 211 934 quod
235 893 316 934 apud
337 892 475 924 Achaeos
502 891 653 925 summum
674 893 844 934 Imperium
869 893 901 925 in

39 935 186 967 omnibus
209 934 240 967 ἃ.
264 943 318 976 per
339 934 445 966 omnia
472 933 593 965 steterit
617 944 712 975 penes
734 943 901 965 commune

37 976 239 1014 Concilium,
265 976 294 1008 δε
317 975 400 1016 quod
436 974 551 1006 erfeeta
568 975 685 1016 legatio
702 984 766 1007 non
779 975 900 1006 censea-

37 1026 107 1055 tur,
131 1017 185 1049 nisi
204 1026 245 1049 ex
261 1016 382 1048 summo
423 1017 554 1056 inperio.
599 1017 658 1048 Sed
676 1016 744 1047 haec
765 1025 828 1048 non
853 1025 900 1047 re-

36 1058 84 1091 cte
100 1057 267 1090 transferas
287 1058 325 1089 ad
345 1056 464 1098 septem
488 1056 644 1089 Civitates
667 1056 767 1097 Belgii
793 1056 901 1088 Foede-

35 1099 117 1137 rati,
139 1109 267 1140 quarum
290 1099 418 1139 fingulae
446 1097 601 1129 summum
628 1098 796 1139 Imperium
826 1098 901 1129 reti-

37 1149 131 1175 nuere
147 1161 160 1178 ,
198 1140 338 1181 exceptis
361 1139 524 1172 nonnullis
554 1139 646 1171 rebus
661 1163 671 1179 ,
701 1139 764 1172 sme
788 1140 900 1180 quibus

36 1180 123 1217 eausa
157 1180 295 1214 Foederis
323 1191 364 1213 ex
390 1181 475 1212 licari
508 1190 572 1212 non
595 1188 730 1221 poterat.
777 1180 898 1221 Regula

35 1219 95 1263 eil,
119 1222 156 1254 ab
174 1222 341 1255 Hollandis
373 1224 471 1263 aepius
493 1222 650 1254 inculcata
672 1223 799 1263 reliquis
824 1222 894 1254 Foe-

34 1265 164 1303 deratis,
190 1265 220 1296 ὅ(
239 1265 357 1305 oppido
374 1263 546 1302 veriffima,
564 1263 696 1305 fingulas
713 1263 897 1295 Provincias

33 1305 94 1340 effe
117 1305 160 1338 sui
185 1306 280 1346 juris,
309 1305 365 1338 nili
388 1313 539 1347 quatenus
568 1305 599 1337 in
627 1305 757 1337 Foedere
781 1306 810 1336 ei
835 1305 894 1346 juri

30 1347 127 1383 fuerit
145 1347 372 1379 renunciatum.
419 1346 553 1379 Cautum
578 1346 704 1387 quidem
730 1344 775 1378 est
814 1371 821 1378 .
847 1356 894 1378 10.

31 1389 170 1422 Foederis
184 1389 370 1420 Utrecbtani
382 1412 390 1427 ,
415 1398 454 1420 ne
466 1397 533 1428 quae
551 1387 749 1427 Provinciae,
805 1388 894 1427 rbes,

30 1430 178 1464 Membra
196 1429 310 1462 Foedus
327 1430 405 1461 inire
420 1430 540 1461 vellent
558 1439 630 1461 cum
647 1429 792 1461 finitimis
808 1429 896 1461 Prin-

29 1472 169 1513 cipibus,
187 1471 243 1504 niti
261 1470 411 1504 consensu
424 1472 556 1503 aliorum
576 1470 809 1502 Foederatorum
822 1470 894 1509 ,sed

29 1513 62 1548 id
79 1513 211 1545 omnino
228 1513 465 1554 intelligendum
483 1511 527 1544 est
546 1511 585 1543 de
598 1512 656 1552 iis,
681 1522 751 1553 quae
769 1512 806 1543 ad
824 1522 894 1544 cau-

27 1555 91 1590 fiim
113 1563 314 1587 communem
346 1554 506 1587 societatis
535 1554 719 1594 pertinent,
750 1553 896 1586 haetenus

30 1597 116 1628 enim
131 1596 191 1636 juri
217 1595 272 1628 suo
295 1596 537 1633 renunciarunt,
567 1604 632 1627 non
657 1603 762 1627 autem
778 1595 817 1626 de
837 1596 894 1634 iis,

27 1647 98 1680 quae
125 1637 250 1678 fingulae
270 1637 446 1669 Provinciae
469 1637 522 1668 fibi
548 1635 742 1668 reservarunt
765 1636 847 1670 salva
865 1636 896 1668 δε

23 1679 158 1721 integra.
205 1677 300 1725 Quod
321 1680 353 1711 in
376 1678 578 1717 Foederibus,
609 1678 693 1710 idem
717 1679 748 1710 in
770 1677 896 1719 Legatis

27 1720 175 1758 obtinet,
200 1728 407 1761 utrorumque
422 1719 506 1750 enim
523 1729 577 1760 par
595 1718 640 1751 est
659 1719 758 1752 causa.

40 1780 44 1783 >
71 1761 171 1803 Igitur
193 1761 262 1793 rudi
289 1762 436 1794 Minerva
460 1760 577 1792 dictum
599 1760 644 1792 est
661 1784 671 1800 ,
704 1761 788 1803 quod
813 1761 895 1794 dixit

25 1802 176 1836 Huberus
189 1804 224 1834 de
245 1802 323 1844 Jure
344 1803 437 1835 civit.
461 1801 501 1834 L.
520 1801 577 1834 III.
603 1802 677 1834 Sest.
690 1812 721 1844 4.
736 1803 769 1834 C.
782 1813 850 1835 aaz.
859 1812 892 1843 5.

28 1843 149 1876 Gentes
166 1843 280 1876 liberas
303 1845 469 1886 Belgarum
487 1843 572 1875 recte
597 1842 733 1885 Legatos
754 1846 891 1877 mittere.

27 1885 126 1918 Recte
140 1884 211 1917 sane
227 1886 360 1918 mittunt
376 1885 511 1918 Ordines
527 1884 719 1924 Generales,
733 1886 763 1918 &
780 1886 810 1917 hi
822 1886 891 1918 vul-

24 1936 66 1970 go
84 1927 238 1964 mittunt,
263 1928 336 1968 quia
349 1936 419 1964 res,
441 1926 483 1957 ob
499 1935 574 1967 quas
589 1928 891 1965 mittunt,omnium

24 1968 192 2003 Sociorum
219 1968 289 2000 fere
312 1968 383 2001 sunt
405 1977 607 2008 communes,
632 1967 683 2000 sed
703 1978 742 2000 an
763 1967 889 2009 fingulze

24 2009 226 2048 Provinciae,
249 2009 293 2049 ob
309 2019 357 2042 res
373 2018 507 2051 quaeque
526 2008 612 2048 suas,
633 2009 717 2041 recte
740 2010 890 2048 mittant,

25 2052 60 2084 id
74 2060 152 2082 vero
165 2049 232 2090 est,
253 2051 292 2082 de
311 2061 375 2093 quo
398 2060 469 2082 cum
489 2051 626 2082 maxime
649 2050 810 2091 quaeritur.
856 2052 888 2084 Si

26 2101 79 2124 me
95 2092 218 2132 audias,
244 2099 313 2124 tota
332 2093 401 2125 haec
423 2101 472 2123 res
488 2092 603 2133 pendet
623 2102 642 2124 a
660 2091 811 2130 Foedere,
833 2102 888 2131 ut,

26 2133 48 2166 fi
64 2133 109 2164 rei
126 2133 253 2174 agendae
268 2133 404 2174 potestas
417 2133 454 2164 ad
469 2133 565 2166 solam
576 2133 777 2165 Provinciam
792 2135 887 2176 perti-

26 2182 120 2213 neat,
144 2174 250 2215 utique
270 2175 324 2207 illa
342 2175 510 2207 Provincia
523 2185 558 2207 ea
577 2175 616 2206 de
640 2184 674 2206 re
700 2175 784 2207 recte
803 2175 888 2217 sepa-

25 2216 120 2249 ratim
134 2215 308 2256 paciscatur
321 2226 394 2248 cum
409 2217 549 2248 externis
563 2216 781 2257 Principibus,
806 2217 836 2249 δε
853 2216 891 2248 ad

25 2258 86 2290 hos
105 2266 140 2288 ea
163 2256 227 2297 ipsa
249 2256 288 2288 de
310 2266 345 2289 re
367 2258 450 2289 reffl:
471 2256 606 2298 Legatos
629 2258 754 2297 mittat,
781 2258 822 2291 fin
836 2268 889 2290 au-

25 2306 90 2332 tem
116 2298 290 2338 pertineat,
325 2306 359 2330 ut
385 2299 482 2340 vulgo
508 2299 662 2340 pertinet,
695 2300 732 2331 ad
755 2300 890 2332 Ordines

25 2339 196 2375 Generales
204 2361 216 2377 ,
227 2339 257 2371 δε
273 2348 439 2372 commune
454 2340 555 2381 Belgii
574 2339 599 2371 F
601 2341 730 2372 oederati
747 2340 864 2373 bonum
879 2364 890 2380 ,

25 2380 108 2414 iliud
133 2381 264 2412 omnino
289 2381 367 2421 juris
392 2381 449 2420 fit,
480 2390 581 2422 neque
609 2382 693 2413 enirn
721 2392 890 2415 commune

24 2421 142 2455 bonum
159 2429 270 2454 curant
281 2443 292 2460 ‚
315 2422 370 2454 nili
390 2422 445 2455 soli
465 2422 600 2455 Ordines
615 2422 795 2455 Generales.

23 2489 42 2501 .,
67 2463 193 2504 Magnis
211 2463 323 2494 animis
338 2463 406 2495 haec
425 2474 473 2496 res
487 2464 604 2505 agitata
618 2463 681 2496 fuit
696 2473 778 2495 anno
795 2468 886 2506 1654.

26 2504 159 2538 Ordines
174 2503 355 2536 Hollandiae
379 2515 410 2545 4.
428 2505 507 2545 Maj.
531 2508 620 2545 1654.
645 2504 663 2545 ζ
668 2504 704 2545 1)
726 2506 763 2537 ad
779 2516 888 2548 pacem

20 2545 246 2585 obtinendam,
277 2545 442 2586 separatim
467 2546 579 2587 Anglis
605 2545 834 2587 promiserunt,
858 2547 889 2580 se

24 2585 171 2620 Wilelmi
187 2585 228 2619 11.
251 2587 381 2628 posteris
401 2588 523 2619 nullum
538 2587 706 2626 Imperium
722 2595 803 2620 terra
823 2599 886 2622 ma-

18 2628 92 2663 ἰἰνε
105 2629 138 2660 in
156 2627 329 2660 Hollandia
352 2629 545 2667 collaturos,
571 2638 671 2670 neque
691 2638 749 2670 pro
767 2630 826 2668 iis,
851 2638 887 2661 ut

23 2668 160 2706 Ordines
174 2668 346 2702 Generales
362 2670 528 2703 conferant
538 2692 550 2708 ,
572 2670 653 2710 apud
671 2680 725 2702 eos
740 2670 770 2703 se
781 2670 885 2704 suffra-

24 2711 109 2752 gium
127 2709 278 2742 dicturos.
322 2710 442 2751 Contra
457 2721 523 2743 eam
539 2711 717 2752 pactionem
733 2713 770 2744 ad
786 2713 887 2745 ravim

22 2761 121 2793 vtimue
135 2751 348 2784 declamarunt
364 2753 493 2785 Zelandi
505 2777 514 2792 ,
538 2752 625 2785 Frisii
637 2776 646 2792 ,
671 2751 864 2796 Groningani
876 2777 886 2793 ‚

21 2791 138 2831 libellis
155 2792 281 2833 aliquot
304 2793 337 2825 in
363 2803 430 2826 eam
453 2804 516 2825 rem
541 2794 654 2832 editis,
683 2795 797 2835 quibus
822 2804 886 2827 tan-

23 2834 93 2866 dem
111 2833 245 2867 Ordines
269 2833 449 2867 Hollandiae
466 2834 549 2875 justo
576 2836 739 2867 volumine
761 2836 886 2878 respon-

22 2875 135 2907 derunt
151 2874 218 2916 (2).
266 2874 363 2906 Vides
379 2883 483 2907 autern
493 2898 504 2914 ,
526 2876 602 2908 duas
617 2876 679 2909 esse
694 2886 798 2918 partes
822 2878 886 2918 ejus

21 2913 154 2950 Decreti
169 2938 182 2956 ‚
209 2916 295 2958 quod
318 2915 469 2949 Wilelmi
489 2916 530 2950 II.
561 2916 705 2959 posteros
732 2919 885 2952 excludit.

61 3048 124 3086 (ι)
141 3049 184 3086 By
198 3049 233 3078 de
247 3050 313 3078 Aue
327 3058 380 3078 van
398 3048 510 3086 Seclufie
530 3051 639 3080 rakende
660 3052 702 3081 bet
722 3054 818 3090 employ
836 3061 889 3082 van

23 3085 73 3115 dm
90 3087 179 3116 Hem
197 3087 294 3117 Pn‘nce
313 3097 367 3117 van
387 3088 506 3125 Orange.

59 3124 122 3160 (2)
141 3125 182 3153 Ea
201 3127 342 3163 responsio
355 3134 473 3155 vocatur
484 3126 614 3155 Deduflie
626 3128 656 3166 ⁰f
668 3129 821 3158 Declaravit?
834 3139 888 3158 van

23 3162 55 3190 de
69 3163 176 3191 Heeren
189 3163 279 3194 Staten
296 3174 350 3193 van
363 3165 482 3194 Holland
496 3170 531 3192 tot
537 3164 692 3202 jrestificatie
705 3176 758 3195 van
773 3168 803 3195 de
820 3169 886 3196 Aue

24 3207 79 3231 van
96 3200 216 3240 Seclufie.
254 3203 353 3233 Exstat
378 3203 526 3241 separatim
546 3204 658 3241 Belgice
679 3205 704 3234 ὅ(
720 3206 837 3240 Latine,
860 3206 886 3234 δι

238 3248 252 3264 0

740 3292 773 3311 Χ

956 439 1060 472 Prima
1079 449 1147 480 pars
1163 441 1305 473 excludit
1322 451 1339 473 a
1354 442 1579 484 dignitatibus,
1592 453 1668 485 quas
1685 443 1817 478 Hollan-

954 481 1004 520 di,
1028 481 1160 515 secunda
1177 491 1194 513 a
1215 483 1439 523 dignitatibus,
1468 494 1542 525 quas
1561 485 1695 518 Ordines
1717 485 1819 518 Gene-

953 524 1034 555 rales
1054 523 1198 555 conferre
1215 532 1380 564 poterant,
1424 535 1552 558 uantum
1572 536 1683 567 nempe
1705 528 1819 559 attine-

953 564 1007 596 bat
1025 564 1063 596 ad
1080 563 1258 606 suffragium
1279 565 1411 598 Hollant
1423 568 1472 599 iae.
1516 567 1561 599 Ut
1573 577 1737 609 utramque
1755 567 1820 600 De-

951 606 1031 637 creti
1049 614 1169 647 partem
1188 606 1359 639 defendant
1373 608 1545 649 Hollandi,
1569 619 1682 650 magno
1695 618 1818 652 appara-

952 654 987 678 tu
1008 646 1038 678 id
1062 656 1177 689 agunt,
1204 657 1239 679 ut
1264 648 1449 690 ostendant,
1482 661 1570 689 rem,
1601 651 1639 682 de
1662 661 1720 692 qua
1745 661 1818 684 cum

948 688 1060 729 Anglis
1079 688 1160 729 pasti
1181 689 1273 728 sunt,
1296 692 1427 724 omnino
1455 691 1517 724 css‘e
1542 691 1710 734 potcstatis
1732 691 1815 732 suae,

949 730 979 761 δε
994 730 1090 762 licere
1106 739 1178 762 cum
1195 731 1247 763 libi
1262 754 1272 769 ‚
1284 740 1349 764 tum
1368 733 1437 765 aliis
1454 733 1632 766 Provinciis
1650 734 1689 765 de
1706 733 1815 773 rebus,

948 780 1018 810 quae
1036 771 1073 802 ad
1086 770 1116 804 se
1134 773 1311 813 pertinent,
1337 774 1366 806 ὅ(
1383 774 1518 816 Legatos
1533 775 1681 814 mittere,
1697 775 1727 807 ὅ(
1745 774 1814 807 1⁴*oe-

946 811 1018 844 dera
1037 812 1136 851 inire,
1159 814 1288 856 prolatis
1313 814 1403 847 Parte
1425 816 1448 848 l.
1476 817 1507 849 C.
1527 826 1559 857 5.
1584 817 1651 857 ejus
1677 816 1816 859 Respon-

945 853 1039 887 fionis
1055 864 1147 895 quam
1164 855 1304 896 plurimis
1328 857 1502 898 exemplis.
1537 868 1578 889 cx
1596 857 1709 899 quibus
1737 867 1814 890 con-

945 894 1023 926 stare
1040 902 1173 936 putant,
1199 897 1331 937 singulas
1354 897 1556 938 Provincias,
1588 900 1681 931 etiam
1705 899 1814 940 proxi-

946 945 996 967 me
1012 935 1081 977 post
1099 936 1213 969 Foedus
1227 930 1455 971 Utrechtanum
1466 964 1474 979 ,
1491 950 1530 971 co
1546 941 1613 981 jure
1630 940 1723 973 fuiffe
1736 941 1811 974 usas.

945 975 1021 1009 Non
1041 978 1092 1011 dis
1109 986 1185 1017 uto,
1208 989 1246 1010 an
1273 981 1379 1012 omnia
1402 982 1565 1023 exempla,
1596 992 1666 1024 quae
1689 982 1733 1014 ibi
1757 992 1811 1015 ex-

945 1016 1046 1056 stant,
1090 1020 1150 1050 atis
1173 1028 1245 1060 apta
1266 1020 1325 1052 sint
1350 1022 1382 1052 in
1408 1022 1487 1054 lianc
1513 1033 1598 1063 rem,
1623 1024 1654 1055 ἃ
1675 1033 1714 1055 an
1739 1023 1814 1057 satis

943 1058 1107 1092 subfistant
1124 1061 1154 1092 &
1174 1062 1323 1101 componi
1341 1062 1454 1103 pollint
1475 1073 1549 1096 cum
1568 1066 1595 1096 d.
1622 1063 1651 1105 §.
1671 1074 1719 1097 10.
1744 1065 1812 1106 ejus

943 1099 968 1131 F
970 1100 1102 1139 oederis,
1126 1110 1198 1133 nam
1215 1101 1378 1135 fatendum
1400 1103 1465 1143 est,
1494 1104 1639 1138 nascente
1658 1105 1810 1146 Republi-

942 1151 998 1180 ca,
1019 1143 1119 1174 multa
1140 1144 1342 1176 tumultuarie
1358 1147 1473 1186 magis,
1495 1155 1587 1187 quam
1602 1146 1744 1188 legitime
1759 1158 1812 1189 ge-

942 1182 987 1214 sta
1005 1183 1084 1221 ess'e,
1108 1182 1159 1215 sed
1184 1192 1287 1217 tamen
1310 1186 1387 1218 mihi
1407 1187 1581 1228 persuasum
1598 1187 1664 1228 est,
1686 1198 1757 1221 cum
1782 1191 1812 1222 d.

939 1224 968 1266 §.
996 1234 1044 1256 10.
1066 1225 1138 1258 satis
1154 1225 1312 1258 subfistere
1330 1227 1362 1260 δε
1377 1229 1528 1270 componi
1550 1229 1636 1271 poffe
1649 1230 1728 1262 illud
1744 1229 1810 1262 De-

938 1274 1058 1297 cretum
1076 1276 1106 1307 4.
1125 1266 1204 1307 Maj.
1225 1271 1315 1308 1654.
1339 1270 1410 1310 quia
1428 1278 1615 1312 utrumque,
1639 1272 1724 1313 quod
1744 1271 1808 1305 An-

938 1307 998 1348 glis
1015 1307 1057 1339 ibi
1075 1308 1256 1348 promiss‘um
1273 1309 1337 1349 est,
1360 1321 1469 1343 revera
1481 1313 1631 1354 pependit
1647 1323 1664 1345 a
1679 1312 1743 1346 sola
1752 1322 1808 1354 po-

939 1348 1050 1380 testate
1075 1348 1317 1383 Hollandorum.
1363 1351 1415 1384 De
1438 1354 1540 1393 prima
1564 1362 1653 1395 parte
1673 1353 1808 1387 Decreti

937 1399 1031 1421 nemo
1055 1399 1133 1422 unus
1159 1391 1374 1431 dubitaverit,
1403 1393 1454 1426 sed
1482 1404 1541 1426 cur
1559 1395 1685 1427 dubites
1702 1396 1742 1428 de
1763 1396 1808 1429 se-

938 1431 1061 1464 cunda?
1085 1431 1164 1464 nihil
1179 1433 1264 1465 enim
1287 1435 1453 1476 quicquam
1478 1435 1630 1469 Hollandi
1650 1446 1738 1478 parte
1761 1437 1807 1471 se-

938 1472 1040 1504 cunda
1070 1473 1271 1514 obligarunt,
1303 1485 1394 1516 quam
1417 1475 1597 1519 suffragium
1626 1478 1738 1518 suum,
1770 1480 1804 1513 &

937 1514 1034 1546 libera
1052 1514 1114 1546 ess'e
1134 1524 1325 1557 quarumque
1340 1517 1580 1551 Provinciarum
1604 1519 1749 1563 suffragia
1772 1531 1804 1553 a-

938 1555 1000 1628 pHd
1024 1555 1158 1588 Ordines
1178 1555 1367 1599 Generales,
1393 1560 1446 1601 qui
1470 1561 1685 1602 contradicat,
1709 1571 1805 1595 nemo

938 1606 956 1627 e
986 1621 993 1628 .
1331 1616 1335 1627 κ

981 1637 1137 1684 Quamvis
1152 1649 1258 1674 autem
1277 1651 1313 1673 ea
1331 1643 1455 1675 ratione
1474 1643 1545 1677 satis
1560 1644 1675 1685 justum
1700 1646 1806 1679 videa-

939 1687 990 1711 tur
1012 1679 1041 1711 d.
1059 1679 1235 1715 Decretum
1252 1693 1284 1724 4.
1299 1685 1378 1725 Maj.
1402 1689 1492 1726 1654.
1512 1695 1588 1759 fiam
1612 1695 1717 1719 tamen
1742 1688 1808 1728 eius

937 1720 1071 1753 secunda
1096 1731 1159 1755 non
1187 1724 1233 1757 est
1258 1725 1331 1758 satis
1357 1726 1466 1758 amica.
1549 1737 1594 1759 aec
1621 1728 1781 1761 distinctio
1794 1752 1806 1769 ,

938 1772 1030 1803 quam
1047 1763 1076 1795 &
1093 1763 1175 1806 saepe
1194 1766 1269 1798 alias
1292 1766 1438 1799 obtinere
1456 1767 1545 1810 supra
1570 1769 1637 1801 dixi
1660 1770 1701 1802 L.
1718 1769 1743 1802 Ι.
1770 1772 1803 1802 C.

938 1813 988 1846 23.
1011 1806 1044 1836 in
1057 1803 1114 1845 fin.
1140 1807 1303 1840 etiam‘hic
1319 1808 1365 1841 est
1381 1809 1587 1843 observanda:
1612 1821 1701 1850 nam,
1717 1821 1753 1843 ut
1767 1813 1807 1844 de

934 1854 968 1876 re
979 1869 989 1885 ‚
1013 1855 1081 1887 quae
1097 1847 1136 1879 ad
1152 1848 1329 1881 libertatem
1345 1851 1484 1892 pertinet
1491 1851 1608 1890 ,libere
1625 1853 1726 1884 dicam
1736 1853 1806 1891 ,in-

935 1887 1056 1926 civile,
1079 1898 1139 1920 nec
1162 1889 1234 1922 satis
1255 1891 1390 1923 amicum
1411 1891 1477 1931 est,
1501 1893 1615 1934 ignaris
1638 1894 1669 1926 ὃς
1692 1894 1802 1927 incon-

932 1927 1019 1960 sultis
1034 1929 1126 1962 sociis
1140 1931 1178 1962 de
1194 1932 1284 1964 causa
1306 1933 1477 1965 Societatis
1497 1933 1660 1975 separatim
1682 1935 1802 1967 delibe-

931 1979 1020 2009 rare,
1043 1971 1073 2002 ἀ
1093 1971 1184 2003 alteri
1206 1972 1344 2014 Principi
1365 1973 1544 2016 suffragium
1569 1975 1659 2008 suum
1683 1977 1802 2019 obliga-

931 2019 974 2042 re.
1021 2011 1156 2044 Ordines
1175 2023 1299 2055 quoque
1314 2014 1418 2047 Frifiae
1439 2016 1471 2047 in
1488 2015 1631 2049 Decreto
1657 2027 1706 2058 24.
1729 2018 1801 2058 Jun.

935 2055 1027 2093 1654.
1051 2052 1110 2095 (3)
1139 2054 1172 2085 id
1197 2055 1295 2097 ipsum
1324 2055 1492 2089 Hollandis
1519 2057 1696 2098 objiciunt,
1726 2059 1801 2099 sed,

932 2096 1016 2133 quod
1034 2097 1172 2133 addunt,
1195 2096 1358 2129 manifeste
1375 2107 1414 2129 eo
1428 2099 1551 2139 peccari
1567 2100 1711 2133 adversus
1728 2100 1754 2132 F
1755 2112 1801 2133 oe-

930 2135 1008 2173 dus,
1031 2136 1195 2169 manifeste
1213 2147 1325 2170 verum
1339 2148 1401 2170 non
1419 2138 1473 2171 est.
1513 2140 1714 2182 Respondent
1733 2143 1802 2184 qui-

932 2176 1004 2208 dem
1026 2177 1160 2211 Ordines
1187 2178 1369 2212 Hollandiae
1392 2181 1420 2212 d.
1441 2180 1534 2213 Parte
1560 2182 1583 2214 Ι.
1611 2183 1643 2214 C.
1663 2193 1692 2215 2.
1718 2194 1748 2216 η.
1768 2194 1800 2226 3.

931 2217 978 2250 sui
995 2218 1072 2258 juris
1087 2219 1148 2250 effe
1165 2219 1346 2262 suffragium
1363 2221 1469 2261 suum,
1481 2223 1512 2255 ὅς
1530 2223 1573 2255 fic
1590 2225 1721 2257 omnino
1736 2227 1800 2266 est,

931 2258 983 2292 sed
1000 2268 1124 2299 tamen,
1146 2268 1181 2294 ut
1199 2261 1286 2300 dixi,
1309 2262 1386 2295 illud
1402 2263 1450 2303 jus
1470 2263 1697 2305 fraternitatis,
1716 2268 1802 2309 quod

932 2302 1165 2341 quodammodo
1188 2303 1220 2335 in
1237 2303 1398 2336 Societate
1415 2304 1477 2344 est,
1503 2306 1556 2337 vix
1581 2306 1740 2348 admittit,
1765 2316 1801 2340 ut

931 2342 1054 2381 socius,
1079 2353 1119 2375 ne
1135 2344 1243 2376 audito
1260 2345 1383 2386 quidem
1399 2344 1507 2386 socio,
1518 2346 1698 2389 suffragium
1713 2349 1800 2382 suum

931 2384 1060 2426 obliget.
1085 2385 1192 2417 Etiam
1203 2385 1385 2419 Hollandiae
1396 2387 1551 2421 Ordinum
1564 2398 1694 2430 quaeque
1703 2400 1799 2422 mem-

931 2424 986 2456 bra
1001 2426 1134 2458 liberum
1151 2426 1332 2468 suffragium
1353 2428 1486 2468 babent,
1521 2429 1550 2461 δι
1572 2437 1676 2462 tamen
1696 2430 1800 2463 Nobi-

932 2465 977 2497 les
993 2475 1046 2498 aut
1064 2466 1165 2499 Urbes
1185 2468 1217 2500 in
1241 2469 1351 2508 rebus,
1376 2469 1415 2500 ad
1437 2469 1677 2510 Rempublicam
1701 2473 1798 2512 perti-

931 2508 1095 2546 nentibus,
1107 2507 1286 2550 suffragium
1296 2509 1381 2542 suum
1397 2511 1543 2552 cuiquam
1561 2511 1706 2544 addicere
1721 2514 1801 2545 adeo

930 2547 1109 2588 displicuit,
1134 2557 1171 2580 ut
1188 2559 1289 2590 neque
1312 2550 1453 2592 Legatos
1478 2552 1517 2583 de
1540 2552 1652 2593 rebus,
1677 2563 1747 2595 quae
1766 2565 1798 2586 a-

930 2589 992 2630 pud
1008 2589 1143 2622 Ordines
1158 2589 1339 2623 Hollandiae
1357 2592 1546 2631 trastantur,
1568 2595 1713 2636 accipere
1726 2605 1799 2637 pos-

929 2630 960 2663 fi:
977 2631 1142 2671 placuerit.
1185 2632 1279 2664 Anno
1296 2633 1403 2675 utique
1427 2635 1616 2675 praecedenti
1642 2640 1732 2684 ¹653·
1766 2648 1796 2670 2.

929 2671 1007 2713 Aug.
1022 2672 1080 2712 (4)
1104 2673 1238 2706 Ordines
1254 2673 1439 2707 Hollandiae
1457 2675 1680 2716 decreverant,
1702 2678 1796 2710 1101·-

928 2712 1016 2745 dines
1033 2713 1203 2747 Generales
1220 2723 1273 2748 aut
1290 2715 1476 2757 nugularum
1502 2717 1739 2750 Provinciarum
1760 2718 1798 2750 ad

929 2753 1067 2787 Nobiles
1084 2763 1138 2787 aut
1156 2755 1258 2788 Urbes
1273 2756 1455 2789 Hollandiae
1482 2759 1605 2799 aliquos
1631 2760 1797 2792 mitterent

929 2796 1095 2837 overfizken
1106 2820 1118 2836 ,
1141 2798 1197 2828 den
1214 2808 1370 2839 geineenen
1378 2796 1462 2838 flacit
1479 2801 1529 2830 der
1540 2800 1666 2831 Landen
1685 2801 1792 2840 betres-

922 2837 1038 2878 femie,
1060 2839 1094 2878 of
1106 2839 1181 2870 daar
1204 2845 1245 2871 zoe
1269 2839 1385 2880 reflexi&
1411 2841 1575 2879 hebberzde,
1598 2850 1639 2872 ne
1661 2840 1797 2874 Nobiles

933 2878 1091 2921 Urbesque
1108 2879 1146 2911 iis
1160 2880 1351 2913 auditorium
1367 2881 1561 2921 praeberent,
1571 2881 1622 2914 sed
1638 2882 1794 2915 continuo

927 2920 966 2952 ad
988 2920 1123 2953 Ordines
1149 2920 1332 2955 Hollandiae
1353 2922 1581 2961 remitterent,
1611 2922 1725 2963 idque,
1758 2932 1796 2956 ut

1737 2975 1794 2997 no—

931 3053 1033 3082 iterum
1057 3053 1171 3090 Belgice
1188 3055 1216 3082 in
1230 3053 1261 3082 de
1275 3053 1424 3092 Resolutien
1440 3053 1673 3093 vanConfideratie
1680 3061 1723 3085 ten
1737 3056 1797 3094 tyde

928 3099 982 3121 van
996 3093 1026 3120 de
1040 3092 1099 3120 Wit
1118 3101 1146 3128 p.
1161 3095 1292 3126 30-206.

967 3131 1028 3164 (3)
1049 3130 1083 3157 In
1105 3130 1135 3157 de
1157 3129 1307 3167 Resolutien
1331 3138 1385 3159 van
1408 3129 1580 3170 Confideratie
1599 3137 1642 3162 ten
1663 3132 1722 3170 tyde
1741 3141 1794 3163 van

928 3167 958 3196 de
978 3168 1036 3195 Wit
1057 3176 1083 3202 p.
1102 3175 1166 3202 144.

965 3205 1025 3242 (4)
1044 3205 1146 3233 Ibidem
1164 3213 1192 3241 p.
1209 3212 1234 3234 1.

1053 3253 1158 3295 th
