2008 3436
376 110 683 151 RERUM
758 120 837 146 ET

93 203 177 237 serlus
197 207 237 235 rei
253 227 260 239 ‚
282 212 340 236 non
362 208 425 236 usus
447 208 536 244 gratia
558 206 697 234 habentur
713 224 720 237 ,
742 202 767 231 &
789 202 885 232 differt
903 212 919 231 a

87 247 273 275 bibliotheca.
783 243 802 270 1.
828 250 871 276 74.
892 252 918 270 α.

53 284 224 322 Appellandi
247 292 373 321 tempore
392 285 533 321 preterito
550 281 617 318 quid
631 281 699 316 juris
716 280 757 308 sit.
775 280 848 309 Vide
864 280 919 308 Re-

94 324 208 351 vocatio
224 324 352 358 judicati.

51 361 217 399 Appellatio
243 363 343 397 quibus
371 371 405 398 ex
426 360 510 390 causis
531 359 620 387 vetita
648 357 799 387 secundum
829 358 918 394 Leges

90 400 250 428 i-lollandiae
266 402 292 429 in
309 401 388 429 causa
409 397 617 427 matrimoniali.
747 398 781 425 ll.
807 399 870 431 348.
893 406 917 424 a.

51 441 81 469 in
98 439 346 475 Appell;1tionibtis
356 439 389 466 ad
404 438 577 474 Principem.
592 436 831 473 quemadmodum
849 435 918 463 sum-

91 486 141 506 mae
158 479 354 514 comptitandae
371 477 430 505 unt.
760 476 780 504 1.
805 482 867 508 147.
890 483 915 502 a.

51 516 234 554 Appellatum
251 517 284 545 ati
302 517 449 544 Praetorcm
466 523 610 551 nunquam
628 514 679 543 suit
695 523 709 542 a
728 513 895 546 Mneiitratu
908 533 915 544 ,

89 557 136 591 qui
155 557 181 583 in
196 555 284 583 caussa
301 555 448 582 ordinarie
460 554 659 588 jttrisdietionis
677 552 746 581 infra
765 553 915 580 Praetorem

89 595 143 628 juri
155 594 278 622 dicundo
287 592 410 629 praefuit.
425 592 468 620 sed
479 592 512 619 ad
524 593 690 628 Principem.
704 595 765 626 ¹46·
780 593 804 619 b.
816 597 880 625 147.
890 599 915 618 a.

187 631 239 660 suit
255 641 270 660 a
286 631 429 669 Jutlicibus
446 630 516 659 datis
532 631 566 659 ad
585 632 727 659 Praetores.
850 628 915 656 ibid.

48 671 197 708 Appellari
213 670 247 698 ad
272 679 356 706 quain
380 670 510 698 summam
531 670 557 698 &
577 671 604 698 in
623 670 724 706 quibus
743 667 864 704 negotiis
882 667 917 694 ad

87 710 245 746 Principem
266 709 356 737 liceat.
853 705 917 734 ibid.

51 747 262 785 Appellationis
281 747 388 776 i'rivoloe
404 756 495 784 poena.
850 744 915 772 ibid.

52 786 223 824 Appellundi
241 787 404 815 facultatem
423 788 476 815 eil‘e
497 789 523 816 in
543 787 696 821 majoribus
718 784 744 814 dt
760 784 916 813 minoribus

90 826 227 862 negotiis.
251 825 275 853 ἃ
292 834 352 861 quae
370 825 420 853 sint
436 827 495 860 ejus
510 826 612 861 regulae
627 826 817 860 exceptiones.
851 821 916 849 ibid.

50 865 250 902 Appellat-itur
267 865 303 897 is,
326 865 372 900 qui
387 864 509 898 judicem
527 865 624 895 dedit.
639 872 667 892 ut
684 863 760 892 litem
782 861 876 892 finiat,
892 859 916 887 όῑ

89 903 156 932 inde
176 912 191 931 a
211 903 322 937 judice,
340 903 426 939 'quem
451 903 586 931 Consules
608 903 762 935 dederunt,
785 900 819 928 ad
844 898 916 935 ipsos

91 942 228 970 Consules
245 941 282 969 est
301 942 479 978 provocatio.
806 945 869 972 205.
891 947 917 965 a.

49 980 258 1018 Appellandum
276 988 333 1008 non
344 979 406 1009 esta
418 980 595 1009 mandatario
611 980 645 1008 ad
658 979 851 1009 mandantem.
873 975 917 1004 sed

91 1020 254 1047 mandante.
805 1019 869 1045 206.
890 1024 916 1042 a.

50 1059 219 1096 Appellatur
238 1064 331 1085 tamen
348 1066 362 1085 a
379 1057 487 1093 Legato
501 1057 680 1085 Proconsulis
697 1056 731 1084 ad
748 1055 834 1093 ipsum
850 1054 916 1082 Pro-

90 1097 231 1125 consulein
851 1091 915 1120 ibid.

49 1136 78 1164 in
96 1135 341 1172 Appellationibus
366 1133 399 1161 ad
420 1135 576 1172 Principem
602 1134 710 1162 summae
734 1131 918 1169 quemadmo-

92 1174 158 1202 dum
174 1173 367 1209 computanda:
385 1172 444 1201 sint.
807 1173 868 1206 146.
892 1179 917 1197 a.

50 1213 161 1250 Appius
185 1212 319 1240 Claudius
347 1213 566 1240 Centemmanus
582 1233 590 1246 ‚
624 1211 698 1239 idern
724 1212 772 1246 qui
796 1211 893 1239 Caecus
910 1229 917 1241 ,

89 1253 174 1279 etiam
192 1250 299 1278 Cratl'us
315 1250 411 1277 ditius.
676 1252 739 1284 318.
761 1251 785 1278 b.
807 1255 870 1284 319,
891 1257 916 1274 a.

187 1289 223 1317 R.
246 1290 365 1317 litteram
385 1290 504 1318 invenit.
853 1285 916 1313 ibid.

185 1329 264 1366 Quot
280 1329 340 1362 eius
358 1328 477 1355 nominis
496 1327 610 1356 fuerint.
854 1324 918 1352 ibid.

49 1366 201 1404 Appositio
226 1366 293 1403 saepe
314 1367 554 1403 interpretationis
586 1365 612 1393 &
637 1364 833 1403 explicationis
859 1364 917 1430 virbn

91 1407 184 1434 habet.
827 1407 873 1438 85.
911 1424 917 1430 .

49 1442 243 1481 apprehensio
258 1443 392 1472 naturalis
408 1443 475 1480 quid
490 1444 556 1478 juris
573 1442 687 1471 tribuat.
748 1444 783 1472 11.
808 1452 872 1478 124.
892 1453 917 1472 a.

187 1483 253 1517 Ejus
275 1482 417 1518 vestigium
441 1482 569 1510 remansit
586 1482 614 1510 in
637 1482 685 1516 iis,
708 1490 769 1519 quae
785 1481 833 1510 usu
851 1483 915 1510 civi-

89 1523 154 1550 tatis
169 1522 195 1549 in
215 1521 370 1549 dominium
388 1530 444 1548 non
461 1521 578 1549 redacta.
852 1521 917 1549 ibid.

48 1561 136 1597 Aquae
148 1561 249 1587 1116111111
267 1569 314 1596 per
332 1558 447 1588 fundum
460 1561 611 1588 domumve
628 1559 702 1588 suam
718 1559 861 1595 trajectum
877 1568 907 1588 re

84 1600 183 1627 cidens
199 1607 247 1626 cur
264 1606 320 1626 non
339 1603 465 1627 teneatur
480 1600 512 1628 t..
536 1597 659 1635 Aquilia.
763 1599 786 1626 1.
812 1601 871 1628 118.
891 1608 918 1628 a.

46 1638 162 1674 Aquilia
182 1638 249 1665 Lex.
273 1638 307 1665 V.
331 1637 399 1665 Lex.

47 1676 201 1712 Aquiliana
218 1677 337 1704 novatio
356 1684 404 1703 cur
421 1676 581 1705 necessaria.

187 1713 340 1751 stipulatiO.
365 1715 428 1743 Vid.
457 1715 617 1749 stipulatio,

35 1754 277 1790 ·Aquiminarium
296 1775 302 1786 ,
325 1753 367 1781 vel
390 1755 560 1789 aquiminale
576 1776 583 1788 ‚
606 1753 648 1780 vei
671 1753 856 1789 aquimanile,
878 1753 917 1782 est

86 1793 176 1830 pelvis
192 1793 227 1820 ad
243 1800 344 1829 aquam
356 1794 483 1822 manibus
500 1792 627 1822 lavandis
644 1792 916 1822 subministrandam.

757 1834 782 1860 1.
804 1840 869 1866 217.
891 1842 916 1860 α.

768 1676 803 1704 11.
826 1679 872 1711 48-
894 1677 918 1705 b.

48 1869 168 1898 Arbitro
185 1869 210 1898 &
227 1871 358 1899 arbitror.

22 1917 24 1919 ·
49 1908 152 1937 Arcam
169 1917 347 1937 communem
364 1910 467 1939 habere
488 1909 614 1946 collegiis
629 1910 712 1938 licitis
734 1914 842 1938 tantum
858 1918 918 1946 per-

88 1947 205 1975 iniisuui.
809 1956 873 1984 419.
891 1958 916 1976 α.

47 1984 137 2014 Arces
146 1985 289 2015 exstruere
303 1987 464 2015 inconsulto
474 1987 604 2024 Principe
614 1986 757 2015 nonlicet.
772 1987 805 2014 11.
819 1990 884 2021 265.
894 1988 918 2014 b.

48 2025 193 2060 Argentea
211 2025 389 2062 suppellectili
407 2028 454 2063 qui
471 2028 630 2063 utebantur.
761 2026 782 2053 1.
808 2033 870 2060 193.
891 2027 915 2054 b.

47 2063 254 2099 Argumentum
271 2073 322 2100 pro
342 2066 526 2093 instrumento
546 2064 587 2093 vel
605 2071 750 2101 apparatu.
807 2067 869 2098 165.
890 2074 916 2092 a.

45 2102 132 2130 Arma
155 2102 281 2130 hostibus
307 2103 511 2132 subministrare
533 2104 562 2131 in
584 2103 700 2132 subditis
722 2104 808 2131 etiam
831 2102 917 2131 hodie

77 2141 208 2176 *capitale
225 2141 274 2169 est.
698 2143 733 2170 11.
756 2151 820 2170 210.
842 2152 867 2169 a.
891 2143 917 2170 b.

21 2186 24 2189 ·
47 2178 179 2207 Arresta:
199 2188 296 2207 eorum
313 2181 404 2217 origo.
667 2183 732 2215 148.
755 2182 779 2208 b.
804 2188 867 2215 149.
888 2190 914 2209 a.

20 2224 22 2227 ’
184 2217 269 2245 Unde
286 2218 376 2247 sorum
392 2226 555 2256 competens
569 2220 728 2248 tribuerint.
804 2221 868 2254 148.
889 2220 913 2246 b.

185 2264 221 2283 ex
239 2255 295 2284 sola
312 2256 481 2291 subjectione
498 2258 666 2286 aestimanda.
849 2257 914 2286 ibid.

183 2302 249 2322 num
267 2295 339 2330 apud
357 2296 503 2325 Romanos
517 2298 545 2325 111
561 2297 628 2330 usu,
640 2296 666 2324 δί
681 2304 716 2324 an
732 2295 824 2324 forum
840 2304 915 2323 com-

83 2340 183 2369 petens
201 2334 361 2361 tribuerint.
850 2335 914 2362 ibid.

18 2374 21 2375 ’
45 2371 163 2402 Arre-sto
188 2380 223 2399 an
249 2372 368 2400 detineri
391 2379 497 2409 queant
521 2373 659 2410 Principis
680 2374 757 2401 bona
774 2373 801 2400 in
824 2373 916 2400 aliena

86 2411 204 2438 ditione.
765 2419 827 2448 151.
852 2419 914 2446 152.

183 2448 231 2475 ubi
248 2447 282 2476 ad
302 2448 402 2476 faetum
421 2449 557 2483 exempla.
840 2447 915 2477 ¹ibid.

47 2489 80 2516 ab
96 2486 211 2515 Arresto
227 2495 293 2515 num
311 2488 409 2522 Legati
427 2489 572 2516 immunes.
628 2491 691 2522 156.
711 2497 736 2516 α.
756 2488 780 2515 b.
805 2490 867 2522 158.
888 2498 913 2516 a.

48 2525 192 2557 Arrestare
213 2533 325 2553 eisteros
342 2528 428 2562 Hagae
450 2526 623 2562 magistratui
642 2527 765 2562 Hagano
788 2534 838 2554 cur
855 2534 914 2554 non

85 2566 160 2592 licet.
802 2571 866 2598 300.
888 2566 912 2593 b.

48 2603 186 2633 Arrestari
202 2609 237 2630 an
254 2602 355 2639 poffint
373 2604 466 2632 Cives.
498 2602 573 2632 Vide
589 2604 673 2631 Cives
689 2611 851 2638 magnarum
873 2611 916 2631 ur-

87 2643 174 2669 bium.

24 2713 29 2717 ,
48 2680 166 2712 Atrine,
186 2679 234 2707 ubi
258 2679 470 2708 intercesserunt
493 2680 645 2717 sponsalia,
667 2688 703 2708 ex
725 2679 826 2716 quibus
849 2686 915 2708 nata

13 2723 21 2730 ·
85 2726 144 2746 erat
169 2718 307 2751 obligatio
323 2740 330 2749 .
360 2718 385 2745 &
409 2728 441 2746 ex
465 2720 565 2754 quibus
588 2718 663 2754 justae
686 2718 913 2754 exspectabantur

86 2757 205 2793 nuptiae,
220 2756 286 2783 olim
305 2756 495 2785 reddebantur
511 2758 732 2794 quadruplicatae
758 2758 779 2784 1.
802 2764 866 2790 231.
887 2758 911 2784 b.

48 2811 129 2820 --
150 2797 177 2823 in
197 2794 292 2830 sponsa
309 2795 474 2829 proxinciali
488 2818 494 2829 ‚
511 2805 557 2829 ut,
580 2796 598 2824 fi
615 2796 714 2823 Praeses
730 2795 836 2822 aliusve
852 2793 911 2823 offi-

87 2834 165 2862 cialis
186 2841 247 2860 eam
269 2833 460 2869 desponsavit,
483 2844 566 2871 quam
588 2835 690 2863 ducere
709 2842 766 2861 non
783 2840 911 2869 poterat,

86 2873 247 2908 simpliciter
263 2878 343 2900 eraut
358 2870 514 2900 reddendae.
548 2873 637 2902 Aliter
654 2879 738 2908 atque
756 2872 837 2900 aliter
852 2873 912 2905 jure

88 2920 177 2939 novo.
800 2918 865 2944 232.
885 2921 910 2939 a.

14 2956 16 2958 ’
48 2951 202 2981 Artharum
220 2949 343 2980 mentio,
368 2948 417 2975 ubi
435 2947 469 2975 de
487 2948 657 2984 sponsalibus
671 2950 772 2984 agitur.
801 2949 864 2976 ibid.
886 2950 919 2977 b.-

48 2988 248 3023 Arrogationis
264 2988 385 3022 antiqua:
401 2986 521 3014 formula
538 2989 666 3025 expresfit
680 2989 724 3023 jus
746 2989 810 3016 vitae
824 2986 849 3014 ἃ
865 2995 912 3015 ne.

88 3029 126 3062 cis
146 3028 255 3054 Patruin
273 3027 299 3053 in
322 3026 433 3052 lzbei-os.

49 3067 215 3095 Arruntius.
239 3064 341 3091 nobilis
357 3063 530 3099 heredipeta.

49 3105 164 3135 Asinum
178 3104 319 3131 habebant
330 3103 456 3129 Gentiles
469 3101 759 3138 proJudaeorumDeo
810 3106 872 3136 178.
887 3104 912 3131 b.

50 3146 81 3172 ab
97 3143 182 3172 Asino
199 3141 302 3169 familia
320 3140 358 3168 est
374 3140 484 3168 Ast-iiia.
802 3149 864 3175 179.
886 3150 911 3168 a.

13 3186 17 3188 '
49 3181 213 3211 Affecurare
229 3189 270 3208 res
290 3179 408 3207 bostium
426 3188 460 3206 an
477 3178 568 3207 liceat.
737 3180 773 3207 Π.
797 3187 862 3214 230.
883 3188 924 3206 a.-

121 3223 125 3228 ’
183 3227 242 3247 11011
267 3218 333 3246 licet
355 3226 440 3247 naves
463 3217 642 3253 mercesque,
665 3224 734 3253 quas
756 3218 817 3252 J'ure
843 3215 910 3246 belli

913 110 1435 149 VERBORUM.

821 1879 867 1905 42.
890 1872 927 1899 α.“

800 3033 865 3061 347.
886 3027 930 3054 a.'

800 3072 866 3099 431.
887 3065 922 3092 b.·

1744 111 1820 166 a&

999 204 1072 233 recte
1088 211 1259 240 occupamus
1279 201 1304 231 ὅ(
1321 202 1505 239 publicamus.
1649 203 1687 238 11.
1710 217 1775 244 230.
1797 212 1824 239 α’.

1095 243 1195 278 quibus
1212 250 1269 270 non
1286 242 1360 270 licet.
1707 256 1773 282 475,
1795 258 1822 277 a.

1096 289 1130 308 an
1145 281 1210 308 licet
1226 288 1324 308 contra
1342 280 1458 308 Piratas.
1706 289 1771 321 428.
1794 296 1820 315 a.

962 319 1116 348 Affecurari
1132 327 1189 347 non
1205 321 1296 355 potest
1313 320 1418 346 lucrum
1435 318 1512 353 quod
1530 319 1661 356 speratur.
1754 331 1820 359 435.

1097 367 1131 385 an
1150 357 1230 393 possit
1248 359 1360 386 libertas
1378 358 1477 385 civilis.
1709 365 1774 396 428.
1796 366 1822 390 b.

1098 405 1131 424 an
1148 396 1172 424 &
1189 397 1333 432 quousque
1350 395 1448 432 poffint
1465 403 1559 423 naves.
1710 408 1776 434 437,
1796 410 1822 430 a,

960 435 1018 476 Qui
1033 435 1205 464 Ass'ecuravit
1223 444 1265 463 res
1283 435 1396 463 hostiles
1412 434 1454 462 vel
1470 441 1497 470 op
1516 435 1685 463 contrabande
1696 440 1824 473 goederen

998 482 1055 502 non
1074 481 1184 502 tenetur
1203 473 1237 501 tle
1257 475 1369 501 damno.
1713 483 1774 509 231.
1797 478 1824 505 b.

960 512 1136 542 Affecuratio
1153 514 1294 541 veteribus
1312 512 1337 541 ὅ(
1353 513 1417 550 Jure
1426 512 1559 540 Romano
1574 511 1657 549 plane
1668 513 1823 547 incognita.

1714 559 1778 585 230.
1799 562 1826 582 α.

1094 591 1160 625 Ejus
1175 595 1268 618 tamen
1284 591 1376 626 aliqua
1393 589 1494 625 species
1510 589 1549 617 est
1563 589 1636 626 apud
1647 589 1824 619 Suetonium.

1712 636 1776 662 231.
1798 638 1825 658 a.

1096 667 1232 695 hodierna
1250 668 1288 696 est
1305 666 1481 704 interpositio
1501 666 1565 695 fidei
1581 675 1632 703 pro
1648 675 1739 695 rerum
1759 666 1827 694 alie-

998 714 1095 734 narum
1113 707 1269 735 securitate.
1761 705 1827 733 ibid.

1097 745 1172 772 nulla
1194 745 1231 774 est
1243 767 1249 777 ,
1273 745 1289 773 11
1307 745 1492 773 instrumento
1508 753 1565 772 non
1583 743 1613 772 sit
1630 744 1761 772 insertum
1774 752 1825 772 no-

999 792 1063 812 men
1081 783 1153 817 loci,
1175 792 1189 811 a
1206 792 1282 821 quo,
1306 783 1331 812 &
1348 786 1382 811 ad
1404 792 1488 820 quem
1512 783 1680 812 destinatum
1702 783 1741 811 est
1761 784 1824 811 iter.

1712 829 1778 857 427.
1800 831 1826 850 α.

1095 860 1170 888 nulla
1180 860 1218 888 est
1236 861 1306 889 ultra
1317 861 1343 888 icl
1355 883 1361 892 ,
1378 861 1454 898 quod
1471 860 1707 889 dominiinterest.
1719 861 1782 889 ibid.
1799 861 1825 889 b.

1095 907 1128 927 an
1157 906 1214 927 rata
1236 899 1267 928 fit
1287 906 1384 927 contra
1409 900 1520 933 dolum.
1546 900 1694 936 culpamve
1715 900 1824 928 Navar-

995 939 1056 972 chi,
1079 938 1234 966 aliorumve
1249 944 1405 967 nautarum.
1711 946 1778 974 434·
1798 948 1825 967 a.

1098 986 1205 1009 rerum,
1229 977 1437 1012 mmciumque,
1459 985 1520 1013 quae
1543 983 1669 1013 tempore
1692 980 1766 1004 tactae
1783 986 1825 1005 us-

1000 1015 1183 1044 securationis
1199 1017 1254 1050 jam
1275 1015 1403 1053 profeetae
1422 1016 1499 1050 sunt,
1522 1016 1566 1043 vel
1587 1017 1642 1051 jam
1665 1018 1826 1053 perierunt,-

997 1054 1111 1089 quando
1135 1054 1218 1082 valet.
1712 1057 1777 1089 438.
1798 1057 1824 1083 ἱ).

996 1139 1081 1165 111110,
1102 1140 1134 1158 ac
1154 1130 1357 1159 restitutionem
1375 1133 1402 1159 in
1423 1133 1571 1166 integrum.
1711 1135 1776 1167 453.
1801 1133 1828 1161 b.

962 1168 1162 1207 sffecuratione
1179 1169 1248 1197 faeta
1264 1177 1291 1205 op
1308 1169 1468 1208 bedeofelyke
1484 1179 1514 1197 en
1525 1171 1715 1209 onbederfelyke
1730 1170 1822 1207 goede-

1001 1217 1062 1243 ren,
1084 1217 1119 1236 an
1136 1209 1411 1246 comprehendantur
1426 1208 1613 1244 frumentum,
1635 1210 1660 1238 ά
1678 1210 1825 1238 nor-deum.

962 1301 1074 1309 ———-
1099 1285 1169 1314 faeta
1188 1285 1222 1313 ad
1238 1285 1372 1319 fluvium,
1395 1294 1428 1314 an
1450 1285 1604 1323 periculum
1623 1286 1720 1319 cesset,
1745 1286 1761 1314 11
1779 1294 1827 1314 na-

997 1326 1038 1353 vis
1057 1324 1130 1352 salva
1151 1325 1185 1352 ad
1206 1324 1320 1352 fluvium
1342 1326 1516 1360 pervenerit,
1540 1325 1583 1352 sed
1611 1334 1718 1354 merces
1738 1326 1829 1362 perie-

998 1365 1073 1398 rint,
1093 1370 1244 1400 antequam
1262 1364 1289 1390 in
1306 1364 1402 1392 urbem
1419 1363 1531 1392 fuissent
1548 1364 1656 1393 delatae.
1759 1364 1828 1394 ibid.

1098 1401 1168 1430 faeta
1190 1411 1242 1430 van
1264 1402 1294 1429 de
1313 1401 1401 1438 struat
1424 1402 1530 1430 Davids
1555 1412 1620 1430 naar
1644 1401 1827 1439 Amslerdamfi

999 1442 1142 1478 quodnam
1159 1440 1312 1478 periculum
1329 1441 1456 1477 praetiant
1473 1441 1682 1470 assecuratores.
1713 1446 1778 1476 460.
1799 1452 1829 1472 a,

962 1480 1172 1518 Affbcuratiovzis
1189 1480 1261 1507 aetio
1276 1480 1375 1508 clirtha
1393 1479 1419 1508 ἀ
1433 1481 1582 1508 contraria.
1713 1488 1778 1515 430.
1801 1482 1830 1511 b.

1097 1519 1239 1555 praemium
1255 1518 1273 1546 11
1289 1522 1414 1547 nondum
1433 1518 1551 1547 solutum
1571 1518 1616 1553 fit,
1631 1527 1666 1557 an
1681 1520 1764 1547 rebus
1780 1519 1830 1547 de-

1000 1557 1132 1595 perditis,
1154 1558 1247 1585 valeat
1268 1558 1339 1585 aetio
1362 1558 1474 1587 directa.
1762 1558 1831 1588 ibid.-

1097 1596 1201 1633 praeinii
1227 1596 1299 1624 aetio
1320 1605 1354 1626 an
1378 1607 1435 1626 rem
1457 1597 1655 1631 affecuratatn‚
1676 1605 1711 1626 an
1735 1597 1831 1633 perso-

1000 1644 1066 1664 nam
1088 1635 1224 1663 duntaxat
1241 1635 1343 1664 habeat
1357 1637 1520 1672 obligatam.
1714 1643 1778 1671 431.
1801 1637 1830 1664 b.-

1100 1675 1202 1702 actioni
1217 1673 1252 1702 ad
1270 1674 1405 1704 summum
1423 1677 1495 1704 intra
1512 1676 1662 1704 triennium
1679 1675 1830 1713 praescribi-

1716 1722 1781 1749 449·
1803 1715 1831 1742 b-

1095 1752 1281 1782 instrumento
1305 1753 1368 1782 loca
1391 1760 1450 1782 non
1475 1754 1600 1790 expressa
1622 1753 1640 1781 ss
1661 1753 1798 1782 adeantur
1816 1770 1827 1788 ,

998 1792 1052 1820 iter
1071 1799 1208 1821 mutatum
1231 1792 1358 1829 intelligi.
1714 1796 1780 1828 456.
1800 1801 1829 1820 a.-

1096 1838 1172 1859 totus
1196 1831 1353 1860 contraditis
1370 1840 1404 1860 an
1421 1830 1453 1859 fit
1473 1831 1581 1864 nullus,
1605 1829 1624 1858 fi
1645 1830 1689 1859 vel
1709 1840 1764 1859 una
1780 1839 1828 1868 pa-

996 1870 1050 1898 etio
1068 1869 1164 1898 illicita
1184 1870 1311 1899 addatur.
1713 1874 1780 1905 476.
1801 1879 1828 1899 a.

961 1908 1177 1946 Affecuraciones
1193 1909 1342 1945 quomodo
1359 1908 1384 1937 ὅ(
1404 1917 1460 1946 qua
1475 1908 1565 1937 forma
1582 1908 1660 1937 fiunt.
1712 1911 1779 1944 478.
1799 1918 1828 1937 a.

1095 1955 1128 1974 an
1146 1946 1200 1974 fine
1218 1948 1350 1983 scriptura
1367 1947 1426 1976 fieri
1447 1947 1557 1984 poffiut.
1761 1947 1826 1976 ibid.

1097 1994 1132 2013 an
1149 1986 1299 2014 admittant
1317 1987 1420 2014 usuras.
1442 1994 1506 2021 433.
1521 1996 1546 2014 a.
1561 1987 1585 2014 b.
1599 1987 1664 2021 448.
1679 1995 1704 2014 a.
1719 1987 1786 2020 454.
1798 1996 1824 2014 α.

961 2022 1190 2062 Affecurationum
1206 2025 1289 2059 leges.
1671 2028 1737 2059 426.
1759 2032 1827 2059 427.

1095 2063 1139 2091 An
1162 2064 1194 2090 iis
1211 2063 1376 2091 renunciare
1399 2062 1492 2092 liceat.
1712 2070 1777 2098 431.
1798 2074 1825 2092 a.

1096 2101 1263 2137 quaestiones
1280 2101 1315 2129 de
1331 2107 1441 2131 mutato
1457 2101 1502 2131 vel
1518 2109 1575 2129 non
1591 2105 1702 2130 mutato
1715 2103 1824 2130 itinere.

1669 2148 1736 2174 442-
1757 2147 1826 2174 443-

1094 2178 1188 2207 usurae.
1487 2186 1553 2214 433.
1574 2189 1599 2207 a.
1621 2180 1644 2206 b.
1665 2186 1732 2212 442.
1755 2188 1778 2205 a.
1798 2180 1823 2207 b.

957 2216 1172 2255 Affecuratores,
1195 2217 1212 2245 fl
1228 2218 1307 2245 navis
1322 2218 1357 2245 ab
1373 2216 1499 2245 hostibus
1516 2216 1659 2248 derelista‚
1681 2216 1725 2243 vel
1741 2224 1756 2242 a
1773 2216 1824 2243 do-

996 2257 1074 2283 mino
1090 2255 1214 2283 redemta
1231 2257 1332 2289 suerit,
1355 2263 1413 2283 non
1430 2261 1559 2282 tenentur
1575 2256 1601 2282 in
1619 2253 1753 2288 solidum,
1777 2254 1823 2283 sed

997 2300 1106 2322 tantum
1124 2294 1158 2321 ad
1175 2294 1306 2321 damnum
1328 2294 1433 2321 datum.
1712 2300 1776 2327 237.
1797 2304 1824 2323 a.

1093 2335 1245 2369 numquam
1257 2332 1410 2360 liberantur
1425 2331 1506 2367 culpa
1515 2332 1672 2360 Navarchi.
1683 2339 1747 2367 434.
1760 2342 1784 2359 a.
1797 2333 1824 2361 b.

1094 2371 1162 2399 dolo
1184 2371 1329 2400 Navarchi
1354 2370 1522 2404 liberantur,
1545 2369 1564 2398 fi
1583 2379 1646 2399 cuin
1661 2370 1823 2398 exercitori-

998 2411 1050 2437 bus
1075 2417 1180 2445 agatur.
1752 2408 1817 2437 ibid.

1093 2447 1209 2483 quando
1237 2447 1309 2475 male
1335 2447 1472 2482 objiciant
1496 2446 1606 2483 cuipam
1636 2447 1765 2483 Magistri
1786 2451 1822 2475 ae

1001 1719 1054 1742 [ΠΥ.

995 2486 1115 2514 Domini
1140 2486 1230 2513 navis.
1660 2494 1728 2520 452.
1749 2496 1773 2514 a.
1795 2487 1821 2514 b.

1092 2529 1223 2552 tenenutr
1250 2524 1288 2552 ob
1311 2523 1414 2552 malam
1440 2523 1588 2552 Navarchi
1611 2524 1820 2561 profeffionem.

1708 2567 1773 2598 476.
1795 2573 1821 2591 a.

1094 2609 1127 2629 an
1138 2606 1305 2633 teneantur,
1317 2599 1336 2628 fi
1351 2601 1390 2629 ob
1405 2601 1602 2638 profeffionem
1619 2603 1752 2630 mercium
1771 2607 1820 2629 aut

991 2639 1096 2669 nullam
1113 2645 1160 2667 aut
1174 2639 1245 2666 male
1260 2638 1358 2667 fastam
1374 2648 1416 2668 res
1432 2641 1554 2676 perierit.
1572 2647 1637 2675 475.
1659 2641 1683 2668 b.
1706 2644 1771 2674 476.
1792 2650 1818 2668 α.

1090 2678 1182 2715 plures
1199 2676 1218 2705 fi
1234 2677 1299 2710 sint,
1323 2686 1357 2705 an
1374 2679 1540 2707 assecuratus
1554 2678 1650 2715 1101111,
1672 2687 1756 2714 quem
1774 2687 1821 2717 ye-

994 2717 1026 2745 lit
1041 2717 1168 2752 exigere,
1189 2715 1230 2750 ἃ,
1253 2724 1335 2751 quein
1355 2718 1423 2745 velit
1441 2718 1590 2745 dimittere.
1706 2724 1772 2750 429.
1793 2718 1818 2744 b.

1093 2764 1127 2783 an
1142 2755 1214 2782 reete
1235 2755 1356 2790 allegent
1377 2755 1564 2791 ignorantiam
1584 2753 1714 2790 profeuae
1729 2755 1820 2783 navis.

1090 2832 1108 2860 si
1125 2831 1237 2860 diversis
1254 2832 1280 2859 in
1298 2831 1366 2860 locis
1387 2832 1531 2865 habitant,
1553 2839 1588 2858 an
1607 2829 1684 2859 simui
1707 2831 1742 2859 ad
1752 2801 1819 2860 Ἐζᾶζ

994 2873 1063 2900 riam
1083 2872 1180 2898 vocari
1202 2869 1311 2906 poffint.
1666 2888 1669 2891 -
1706 2877 1771 2904 475.
1792 2871 1819 2899 b.

956 2909 1151 2948 Affecuratoris
1167 2909 1249 2936 unius
1264 2908 1355 2944 ἀπορίαι
1370 2917 1404 2936 an
1420 2908 1535 2945 reliquis
1551 2913 1672 2941 noceat,
1694 2908 1737 2935 vel
1755 2916 1819 2944 pro-

995 2949 1012 2976 fi
1029 2972 1035 2977 .
1744 2955 1772 2975 0.
1791 2956 1819 2975 a.

955 2956 1169 3026 Affetcuratorum
1193 2984 1319 3020 periculo
1335 2984 1451 3022 quando
1466 2993 1586 3019 merces,
1608 2954 1748 3021 navesqffe
1765 2985 1819 3013 esse

992 3026 1129 3062 incipiunt
1146 3023 1171 3052 &
1187 3023 1323 3052 desinunt.
1751 3032 1818 3058 429,

1090 3063 1279 3098 exceptiones.
1731 3074 1735 3077 ·
1751 3069 1821 3097 433..

1094 3100 1267 3128 defenfiones
1283 3099 1394 3136 aliquot
1414 3099 1532 3137 depulsae
1550 3107 1586 3128 ex
1607 3101 1691 3129 variis
1711 3100 1818 3133 cauus,-

994 3140 1020 3168 &
1037 3140 1158 3167 maxime
1173 3147 1208 3166 ex
1224 3145 1334 3166 mutato
1351 3139 1460 3166 itinere.
1666 3148 1730 3174 441.
1753 3146 1818 3173 453.

954 3178 1126 3216 Affecuratus
1141 3175 1288 3212 quomodo
1305 3177 1445 3212 pendente
1462 3176 1588 3211 periculo
1603 3177 1686 3213 poffit
1700 3185 1819 3209 cavere,
1843 3185 1849 3188 ·

991 3225 1027 3245 ne
1042 3215 1092 3244 fibi
1108 3221 1213 3245 noceat
1229 3215 1323 3250 ἀπορίαι
1342 3215 1542 3244 affectu-aroris.
1574 3223 1641 3250 429.
1662 3218 1686 3245 b.
1707 3223 1772 3251 430.
1794 3224 1823 3242 a.-

1131 3255 1271 3290 PPP2
1747 3251 1826 3291 am·

1098 1101 1133 1120 an
1158 1092 1286 1120 admittat
1314 1093 1549 1129 praescriptionem
1573 1094 1689 1122 actionis
1714 1094 1748 1122 dc
1778 1093 1827 1121 da·
1868 1119 1873 1123 ,
