2008 3436
798 71 1007 123 ⁷(mm

284 205 676 261 CORNELH
746 221 882 257 vAN

954 169 1581 265 ssYNKnRsHOEK

125 364 332 448 (3:ss
386 359 1738 452 SJEJR.x⁷Ji7r31‹].nl[JrA

28 533 716 630 JURIS'

320 682 727 736 L.lB13R

687 827 869 864 CAP

921 535 1821 612 ROM.ANI

882 683 1516 739 OCJT„AbfLsS

921 828 1038 865 UT
1136 829 1163 864 1.

477 928 532 963 Ad
555 927 798 974 Inscriptionem
825 927 864 961 L.
894 938 950 972 31.
981 926 1018 962 ff.
1049 928 1170 964 Locat.
1201 930 1364 967 continet.

118 1034 131 1043 ⁸
157 1037 177 1064 a
212 1022 340 1058 onstitui
358 1025 396 1056 ali
422 1033 479 1055 uot
498 1023 610 1065 Capita
628 1024 700 1055 dare
712 1023 828 1056 Alscno
842 1025 899 1056 Va-

80 1065 88 1072 '
186 1067 188 1071 ’
237 1076 273 1098 ro
296 1067 326 1098 in
350 1034 533 1107 cxfflicanda
550 1065 686 1104 celebri,
718 1075 775 1097 nec
797 1066 898 1098 minus

135 1106 138 1143 ]
166 1113 186 1134 θ’
236 1107 356 1139 difficili
378 1108 459 1148 l.31.
512 1105 635 1138 .Locat.
651 1106 788 1138 Conana.
806 1106 896 1139 Hunc

156 1145 185 1163 “³
235 1158 359 1187 autem,
381 1157 452 1180 cum
484 1147 696 1188 nscriptione,
714 1148 755 1181 fic
766 1148 893 1181 Floren-

238 1191 291 1222 tiae
308 1190 406 1222 edidit
425 1189 625 1222 Taurellius:

29 1273 228 1308 ALFENUS
275 1273 406 1306 LIBRO
449 1271 629 1321 QUINTO
682 1270 892 1306 DIGESTO-

121 1325 222 1359 RUM
250 1324 278 1357 A
306 1323 450 1356 PAULO
481 1322 798 1357 EPITOMARUM.

68 1421 87 1442 n
100 1420 208 1442 navem
239 1409 354 1451 Saufeji
377 1419 440 1440 cum
462 1408 619 1449 complures
627 1407 813 1447 frumentum
828 1415 890 1439 con-⁴

27 1409 66 1494 I
80 1451 267 1492 funderunt,
292 1450 430 1493 Saufe'jus
444 1451 495 1482 uni
513 1459 549 1481 ex
573 1450 617 1480 his
628 1449 813 1489 frumentum
828 1450 890 1481 red-

27 1496 142 1526 uiderat
159 1495 192 1525 de
210 1494 350 1524 communi
359 1515 370 1531 ,
394 1492 429 1527 ἐξ
447 1493 536 1523 navis
548 1492 687 1532 perierat.
735 1489 889 1535 Quaefitunz

27 1534 87 1575 est,
107 1545 147 1566 an
161 1536 249 1566 ceteri
258 1540 310 1576 pro
320 1534 379 1575 stra
400 1539 486 1574 parte
495 1533 646 1573 frumenti
666 1541 731 1577 cum
749 1538 841 1564 nauta
857 1543 887 1564 a·

25 1572 93 1620 g'ere
136 1576 224 1618 offunt
248 1577 340 1608 oneris
364 1573 459 1613 aversi
481 1573 620 1606 afflone?
642 1573 821 1615 Respondit,
842 1583 885 1605 re-

25 1629 90 1650 rum
107 1583 264 1649 lecatorum
288 1619 340 1649 duo
365 1626 477 1658 genera
486 1615 537 1656 effe
547 1638 558 1654 ,
579 1621 612 1646 ut
630 1621 682 1646 aut
700 1616 776 1646 idem
788 1616 885 1655 redde-

24 1665 124 1699 retur,
142 1657 230 1698 ficuti
249 1669 312 1690 cum
328 1658 502 1700 vestimenta
521 1657 638 1698 fulloni
664 1658 795 1688 curanda
811 1657 885 1688 loca-

22 1708 125 1732 rentur
134 1723 145 1740 ‚
167 1706 219 1732 aut
233 1701 356 1742 ejusdem
370 1700 487 1748 generis
503 1700 690 1736 redderetur,
718 1699 812 1744 veluti
822 1708 886 1730 cum

21 1748 176 1785 argentum
185 1742 451 1784 prqulatumjabro
471 1742 609 1779 daretur,
636 1745 668 1770 ut
681 1739 885 1786 vasa-fierent,

21 1781 72 1816 dut
88 1793 212 1821 aurum,
245 1789 277 1814 ut
298 1785 390 1815 anuli.
438 1782 645 1823 Exsuperiore
661 1785 746 1823 causa
765 1791 824 1813 rem
839 1783 885 1813 do-

21 1825 95 1856 mini
116 1834 231 1856 manere
246 1848 256 1864 ,
279 1835 315 1855 ex
350 1823 479 1866 osteriore
499 1825 532 1855 in
552 1825 694 1855 creditum
709 1825 758 1856 iri.
804 1823 885 1856 Idem

17 1866 96 1909 juris
111 1865 161 1907 effe
178 1867 211 1897 in
236 1829 379 1908 depostga:
409 1876 478 1897 nam
489 1863 518 1904 fi
535 1866 599 1907 quis
613 1867 770 1905 pecuniam
787 1875 884 1896 nume-

19 1913 115 1939 ratam
136 1909 181 1939 ita
205 1906 366 1950 depojuiffet
385 1931 396 1946 ,
429 1913 461 1938 ut
481 1917 571 1948 neque
588 1907 696 1948 clusam
711 1917 799 1954 neque
818 1904 884 1946 obsi-

20 1955 142 1992 gnatam
159 1951 306 1987 traderet,
319 1951 373 1990 sed
390 1950 613 1987 adnumeraret,
637 1948 713 1979 nihil
724 1949 805 1979 aliud
820 1958 883 1980 eum

21 1991 118 2022 debere
136 2013 148 2029 ,
178 2000 195 2022 a
216 1992 254 2022 ud
275 2001 357 2033 quem
381 1988 506 2031 depofita
530 1989 618 2030 effer,
641 1987 698 2028 nz'fi
713 1991 883 2021 tantundem

15 2033 144 2071 pecunia
153 2031 186 2072 fir
200 2038 289 2064 veret.
322 2033 483 2064 Secundum
503 2042 562 2073 quoe
576 2032 672 2062 videri
692 2033 823 2062 triticum
828 2031 882 2072 fa-

21 2072 96 2103 cium
115 2072 250 2115 Saufefl,
279 2073 315 2108 ὃ)
339 2073 411 2105 reste
428 2074 536 2104 datum.
584 2071 670 2120 Quod
682 2071 711 2111 fi
716 2073 881 2120 separatim

21 2113 129 2144 tabulis
148 2135 160 2151 ,
189 2120 239 2144 aut
266 2115 415 2146 her-onibus
434 2137 446 2153 ,
476 2121 528 2145 aut
546 2115 579 2145 in
603 2115 665 2145 alia
683 2121 756 2155 cupa
772 2115 880 2161 elusum

19 2154 239 2196 uniuscujusque
257 2157 388 2186 triticum
399 2155 503 2196 fuIffet
515 2177 526 2193 ,
545 2157 590 2186 ita
605 2161 637 2186 ut
655 2157 811 2197 internosci
816 2162 880 2196 pos-

9 2195 77 2237 Jet,
95 2196 164 2238 quid
187 2197 318 2238 cujusque
349 2196 433 2237 effet,
461 2207 517 2227 non
530 2196 650 2238 potuzffe
667 2207 717 2228 nos
729 2203 879 2237 permuta-

18 2238 125 2268 tionem
130 2236 235 2278 facere
245 2260 257 2276 ,
269 2238 324 2279 sed
339 2243 400 2268 tum
421 2244 460 2278 po
481 2248 495 2268 e
510 2248 592 2276 eum,
613 2238 694 2280 cujus
702 2238 808 2279 fuiffet
827 2240 878 2270 tri-

17 2279 124 2317 ticum,
156 2280 228 2319 quod
252 2285 344 2310 nauta
359 2278 439 2320 fhlvi
462 2285 510 2317 et,
543 2280 706 2310 vindicare.
753 2280 797 2311 Et
817 2281 879 2311 ideo

7 2318 41 2360 se
58 2321 217 2360 improbare
243 2319 369 2351 ustiones
390 2322 483 2351 oneris
506 2318 625 2358 aversi:
648 2322 716 2362 quia
730 2320 795 2360 five
818 2322 880 2364 ejus

15 2362 130 2404 generis
158 2360 244 2402 effent
267 2371 373 2393 merces
386 2383 398 2399 ,
422 2372 481 2404 quae
499 2367 594 2392 nauta>
610 2363 795 2394 traderentur
811 2385 824 2402 ,
846 2368 879 2394 ut

14 2403 146 2440 continuo
163 2401 342 2445 ejusfierent
353 2425 364 2441 ,
385 2402 421 2438 δέ)
440 2412 582 2434 mercator
597 2404 630 2434 in
647 2405 788 2435 creditum
809 2405 878 2442 iret,

13 2452 70 2474 non
83 2445 232 2475 videretur
255 2454 324 2475 onus
348 2444 399 2485 effe
422 2445 554 2486 averficm
570 2467 582 2483 ‚
604 2446 705 2486 quippe
738 2446 792 2476 uod
806 2455 878 2476 nau-

11 2490 49 2516 tae
57 2485 179 2526 fuiffit3
195 2483 258 2524 five
279 2487 377 2517 eadem
394 2496 458 2524 res,
487 2496 546 2527 quoe
561 2487 672 2517 tradita
690 2454 775 2527 efflet,
796 2488 878 2518 reddi

13 2527 144 2565 deberet,
162 2526 245 2566 furti
262 2526 312 2568 effe
329 2526 469 2558 actionem
492 2528 614 2558 locatori
621 2538 631 2559 .-
653 2526 688 2561 &²
703 2529 765 2559 ideo
773 2528 878 2570 super-

13 2576 138 2600 vacuum
162 2567 212 2608 effi’
231 2569 376 2610 judicium
392 2570 486 2599 oneris
502 2566 606 2607 averfi.
655 2568 711 2600 Sed
716 2568 746 2608 fi
764 2571 809 2600 ita
825 2571 876 2601 da-

13 2613 75 2639 tum
97 2608 162 2649 effet
177 2631 189 2647 ,
220 2615 252 2640 ut
271 2611 302 2640 iu
311 2608 404 2647 fimili
420 2620 450 2641 re
458 2609 541 2651 solvi
552 2606 636 2651 poffit
647 2632 659 2649 ,
680 2609 878 2642 conductorem

11 2649 127 2690 culpam
144 2651 289 2681 duntaxat
305 2652 413 2683 debere.
460 2652 545 2683 Nam
569 2652 601 2682 in
621 2662 672 2690 re,
696 2662 755 2694 quae
769 2654 876 2684 utrius-

11 2700 63 2732 que
89 2692 174 2732 causa
197 2691 414 2724 contraheretur
432 2715 444 2731 ,
465 2693 580 2733 culpam
596 2693 713 2724 deberi:
737 2704 826 2736 neque
848 2704 876 2725 o-

11 2733 152 2763 mnimodo
180 2733 294 2773 culpam
318 2732 368 2804 {Ue
379 2756 391 2772 ,
419 2735 491 2775 quod
512 2735 565 2765 uni
580 2734 744 2775 reddidiffet
760 2746 796 2766 ex
803 2735 874 2775 fru-

11 2779 106 2803 mento
116 2795 128 2810 ,
149 2775 283 2814 quoniam
302 2784 319 2804 a
335 2776 393 2806 icat·
411 2776 540 2815 primum
556 2776 674 2807 reddere
690 2786 754 2808 eum
771 2776 876 2818 τηεψ

5 2812 131 2853 fuiffet,
153 2813 266 2852 tametsi
284 2815 426 2847 meliorem
447 2817 510 2859 ejus
531 2817 725 2849 conditionem
734 2818 876 2859 faceret,

11 2864 97 2895 quam
109 2860 276 2887 ceterorum.

54 2925 105 2958 Ad
134 2924 231 2967 ipsam
254 2926 348 2959 Inferi
373 2927 494 2962 tionem
517 2930 597 2972 legis

648 2932 768 2964 uaedam
796 2941 874 2973 prae-

10 2967 183 3000 mittamus.
243 2977 281 2999 ua
301 2977 340 2999 au
372 2969 487 3002 oritate
503 2970 611 3004 Guido

655 2973 815 3005 ancirolus
834 2974 875 3005 L.

12 3008 53 3041 II.
79 3007 156 3039 Var.
181 3008 242 3040 Let
257 3034 265 3040 .
292 3009 324 3040 C.
340 3017 391 3050 43.
436 3010 606 3044 Antistium
624 3013 803 3046 Labeonem
820 3014 875 3046 hu-

11 3050 60 3091 jus
78 3049 155 3090 legis
175 3049 334 3081 auctorem
357 3049 418 3081 effe
436 3050 592 3124 scripserit
605 3076 616 3092 ,
639 3056 778 3087 nondum
797 3055 875 3087 mihi

12 3089 156 3129 constat,
181 3090 211 3122 in
229 3091 376 3123 omnibus
390 3091 473 3123 enim
520 3093 701 3136 ibris‚quos
716 3095 875 3134 consului,

11 3131 131 3164 Alfeno
154 3131 312 3164 tribuitur.
355 3131 408 3164 De
421 3133 568 3166 omnibus
586 3135 710 3177 Alfenis
724 3159 736 3175 ,
765 3138 819 3176 qui
845 3138 876 3168 in

12 3173 114 3206 veteri
132 3173 285 3206 memoria
299 3182 494 3214 occurrunt,
520 3184 689 3217 agerenon
707 3177 879 3218 constitui,

942 1024 1015 1065 quin
1033 1035 1072 1057 ne
1086 1026 1212 1066 quidem
1229 1027 1268 1058 dc
1286 1028 1404 1061 Alfeno
1421 1030 1484 1062 hoc
1500 1027 1608 1064 nostro
1625 1055 1634 1072 ,
1660 1043 1730 1065 cum
1752 1033 1817 1065 hoe

940 1065 1164 1106 praestitermt,
1189 1069 1240 1110 qui
1259 1070 1341 1101 vitas
1356 1071 1510 1111 JCtorum
1529 1082 1671 1105 veterum
1689 1076 1740 1106 ilbi
1761 1077 1813 1106 dc-

940 1105 1115 1140 l'cribendas
1136 1108 1351 1151 sumpserunt,
1377 1114 1407 1145 ἃ
1427 1123 1467 1145 ex
1485 1115 1649 1146 occaiione
1672 1116 1743 1147 data
1762 1117 1814 1148 vel

939 1157 1061 1189 arrepta
1085 1150 1190 1191 passiln
1211 1152 1275 1184 alii.
1320 1153 1366 1185 Ut
1384 1163 1487 1193 autem
1516 1155 1597 1187 inter
1619 1166 1729 1189 omnes
1748 1167 1813 1189 non

940 1189 1082 1230 constat,
1118 1192 1250 1233 Alfenus
1268 1194 1374 1227 noster
1399 1195 1499 1228 fuerit
1519 1197 1597 1229 olim
1615 1198 1712 1230 Sutor
1733 1199 1810 1231 Cre-

938 1233 1093 1264 monensis
1105 1257 1114 1272 ,
1126 1234 1156 1265 ot
1175 1235 1256 1267 ultra
1272 1237 1430 1278 crepidam
1471 1239 1624 1270 errexerit
1642 1240 1678 1271 ad
1693 1239 1746 1280 Jus
1758 1240 1812 1273 Ci-

938 1275 1003 1305 vile
1015 1298 1024 1313 ,
1050 1274 1094 1305 ita
1108 1276 1240 1308 omnino
1261 1277 1400 1318 constat,
1454 1280 1567 1319 Lfenusn
1584 1281 1701 1313 Varum
1718 1281 1813 1314 fuisse

937 1315 1114 1347 auditorem
1133 1317 1235 1350 Servii
1252 1319 1384 1361 Sulpicii
1404 1321 1476 1353 Ruli
1491 1347 1499 1362 ,
1526 1322 1564 1354 ab
1581 1332 1684 1363 eoque
1713 1324 1810 1364 pluri-

935 1366 1021 1388 mum
1041 1356 1229 1399 profecisse,
1247 1361 1322 1401 quin
1341 1362 1423 1393 inter
1437 1364 1598 1396 auditores
1618 1365 1720 1397 Servii
1737 1375 1813 1398 cum

935 1398 1020 1430 Aulo
1044 1399 1145 1431 Ofilio
1170 1400 1309 1440 habuisse
1334 1403 1506 1444 plurimum
1524 1406 1741 1446 auctoritatis,
1766 1406 1810 1439 fic

934 1448 969 1471 ut
985 1441 1014 1472 δε
1034 1439 1153 1473 Consul
1171 1440 1270 1474 fuerit
1288 1467 1298 1483 ‚
1322 1454 1391 1486 quae
1417 1446 1523 1478 omnia
1543 1447 1676 1479 totidem
1701 1448 1810 1480 verbis

932 1489 1037 1514 narrat
1049 1482 1243 1524 Pomponius
1261 1485 1292 1517 in
1316 1486 1336 1518 l.
1362 1496 1389 1519 1.
1414 1487 1441 1529 ᾗ.
1467 1498 1518 1529 44.
1539 1488 1581 1530 ff.
1601 1490 1634 1520 de
1662 1488 1703 1522 O.
1726 1489 1763 1531 J.

974 1522 1153 1556 Posteritati
1172 1525 1307 1559 Alfenus
1328 1529 1459 1570 reliquit
1483 1530 1590 1561 Libros
1613 1530 1687 1563 XL.
1709 1531 1754 1563 Di
1778 1539 1807 1563 e-

924 1564 1056 1606 storum,
1081 1575 1159 1605 nee,
1184 1576 1299 1607 praeter
1316 1569 1395 1609 hos,
1421 1571 1516 1603 ullius
1533 1571 1623 1611 libri,
1649 1542 1807 1614 quemfil-

929 1606 1022 1638 fenus
1038 1606 1224 1648 seripfiss'et,
1249 1611 1393 1643 meminit
1412 1611 1510 1644 index
1529 1612 1753 1655 Florentinus,
1772 1616 1809 1648 in

930 1647 1098 1680 Pandestas
1115 1658 1241 1690 quoque
1257 1652 1344 1684 nulla
1364 1652 1471 1685 Alfeni
1499 1655 1551 1686 lex
1578 1664 1618 1687 ex
1641 1657 1704 1689 alio
1727 1666 1818 1698 quo-¹

929 1699 1022 1731 quam
1042 1690 1109 1730 ejus
1128 1690 1211 1722 libro
1233 1693 1330 1724 relata
1348 1693 1402 1726 est.
1451 1702 1591 1734 ss-‘n'wyoem
1610 1705 1713 1729 tamen
1729 1722 1739 1738 ,
1763 1707 1806 1731 ex

928 1731 1118 1763 auctoritate
1144 1733 1238 1764 Gellii
1263 1734 1302 1766 L.
1320 1735 1374 1767 VI.
1400 1736 1490 1769 Νοὲἶ.
1515 1737 1613 1770 Attic.
1643 1740 1674 1771 C.
1691 1749 1721 1780 5.
1748 1740 1804 1773 Al-

927 1771 1004 1804 feno
1029 1773 1125 1804 etiam
1152 1775 1297 1807 tribuunt
1328 1777 1435 1814 Libros
1458 1778 1512 1811 lV.
1549 1780 1806 1822 Corzjetiarzeorum

927 1813 991 1846 five
1010 1813 1270 1857 Coniectaneorum,
1296 1828 1365 1850 nam
1387 1829 1417 1850 1n
1435 1829 1472 1851 ea
1490 1831 1573 1852 voce
1595 1822 1746 1855 differunt
1763 1823 1806 1855 E-·

927 1855 1089 1894 ditiones,
1113 1859 1257 1897 quamvis
1283 1869 1331 1890 res
1361 1861 1473 1893 eodem
1498 1863 1615 1898 redcat.
1660 1864 1805 1897 Exhibet

928 1895 1053 1928 Gellius
1072 1898 1168 1929 verba
1187 1898 1316 1932 foederis
1337 1901 1419 1933 inter
1437 1903 1599 1936 Romanos
1622 1906 1652 1937 ὅ(
1671 1906 1803 1938 Cartha‹

925 1937 1078 1979 ginienses
1100 1948 1140 1970 ex
1163 1940 1271 1973 Alfeni
1298 1942 1390 1974 Libro
1418 1943 1607 1987 Digestorum
1637 1947 1802 1981 XXXIV,

928 1980 1182 2022 Corrjectaneorum
1196 1989 1292 2014 autem
1302 1984 1440 2023 secundo.
1465 1986 1631 2028 Pei-peram
1649 1989 1717 2020 haec
1729 1999 1800 2021 ver-

924 2021 963 2052 ba
980 2019 1192 2065 distlnxerunt
1208 2025 1397 2057 Bertrundus
1414 2027 1443 2058 dc
1461 2028 1513 2059 alii
1528 2052 1537 2067 ,
1561 2028 1777 2063 existimantes
1788 2055 1801 2071 ‚

924 2063 1050 2094 Librum
1073 2063 1190 2097 XXX.
1214 2065 1403 2109 Digestorum
1423 2067 1458 2103 ὅ)
1473 2068 1529 2101 IV.-
1556 2071 1802 2105 Collectaneorum

923 2104 1053 2143 adduci,
1067 2105 1097 2136 ὅ(
1117 2115 1278 2147 perperam
1290 2118 1417 2149 quoque
1434 2110 1505 2141 inde
1516 2110 1692 2144 effecerunt
1703 2137 1712 2153 ,
1725 2114 1800 2156 quia

922 2152 1042 2187 quartus
1062 2146 1306 2180 Collectaneorum
1329 2150 1473 2183 laudatur
1492 2174 1502 2190 ‚
1525 2153 1632 2194 plures
1657 2155 1799 2187 Collecia-

922 2197 1038 2218 neorum
1061 2188 1160 2220 libros
1188 2200 1253 2222 non
1272 2190 1365 2223 fuiffe
1383 2216 1393 2231 ,
1419 2193 1504 2234 quod
1526 2202 1695 2238 utrumque
1713 2197 1803 2230 reste

923 2228 1106 2261 observavit
1127 2231 1226 2273 Bayle
1252 2233 1364 2264 Lex-uo
1391 2234 1508 2266 Gallico
1529 2236 1620 2268 Verb.
1639 2237 1797 2279 Alfenus,

922 2271 954 2301 in
970 2271 1054 2302 notis.
1103 2271 1246 2305 Credidit
1265 2281 1369 2306 tamen
1389 2276 1464 2315 ille,
1501 2285 1536 2308 ut
1561 2277 1709 2311 hactenus
1731 2290 1800 2313 cre-

921 2311 1069 2344 diderunt
1093 2323 1202 2346 omnes
1216 2338 1226 2354 ,
1261 2315 1359 2347 libros
1383 2317 1534 2357 quosdam
1553 2319 1801 2354 Colletianeorum

922 2352 986 2384 five
997 2353 1252 2395 conjeuaneormn
1271 2356 1390 2388 Alfeno
1401 2357 1464 2389 esse
1473 2358 1711 2402 adscribendos,
1723 2373 1798 2397 cum

920 2393 1034 2426 diserte
1050 2395 1082 2427 id
1100 2396 1244 2429 videatur
1265 2398 1385 2429 tradere
1406 2397 1541 2433 Gellius.
1567 2402 1626 2434 Sed
1644 2405 1716 2445 quia
1733 2415 1796 2437 ma-

919 2435 969 2475 jor
985 2437 1066 2477 apud
1083 2446 1133 2468 me
1150 2438 1196 2470 est
1213 2439 1331 2471 Indicis
1346 2439 1371 2471 F
1373 2440 1523 2473 lorentini
1536 2466 1547 2483 ‚
1572 2453 1664 2485 quam
1683 2444 1797 2486 Gellii,

920 2476 997 2508 fides
1013 2499 1024 2515 ,
1047 2478 1077 2510 &
1098 2480 1170 2520 quia
1188 2481 1275 2512 nulla
1293 2480 1410 2522 uspiam
1437 2483 1511 2515 ahbi
1539 2485 1798 2528 Conjeuaneoram

920 2517 1031 2558 Alfeni
1055 2521 1178 2552 mentio
1200 2545 1212 2561 ,
1247 2531 1308 2564 ego
1334 2523 1487 2563 subfist03
1511 2526 1587 2566 quin
1606 2528 1665 2559 alia
1685 2531 1796 2570 potius

921 2568 986 2590 rem
1003 2561 1166 2602 aggredior
1182 2564 1236 2595 via
1252 2587 1262 2603 ,
1292 2565 1337 2596 ita
1354 2571 1479 2605 tamen,
1506 2576 1542 2598 ut
1559 2577 1673 2608 praeter
1687 2571 1798 2611 conje1

920 2600 1039 2633 &turam
1057 2602 1137 2636 nihil
1157 2605 1324 2647 quicquam
1338 2606 1502 2648 pollicear.
1534 2609 1690 2643 Recenset
1705 2621 1792 2643 nem·
1838 2619 1840 2621 ’

920 2651 959 2683 pe
977 2642 1172 2684 Pomponius
1192 2647 1224 2679 in
1247 2647 1268 2679 l.
1291 2657 1318 2680 2.
1352 2647 1382 2689 §.
1403 2658 1456 2689 44.
1483 2648 1524 2690 ff.
1550 2651 1583 2681 de
1611 2652 1649 2682 Ο.
1675 2651 1713 2692 J.
1737 2653 1791 2684 de-

920 2693 988 2715 cern
1008 2684 1144 2724 illustres
1160 2687 1263 2720 Servii
1273 2689 1444 2721 Auditor-es
1454 2713 1464 2729 ,
1488 2700 1622 2731 quorum
1639 2691 1795 2726 familiam

919 2725 1009 2756 ducit
1028 2726 1160 2767 Alfenus
1179 2729 1299 2769 Varus,
1322 2738 1444 2768 narrat,
1468 2741 1509 2768 ex
1524 2732 1572 2762 his
1588 2731 1795 2768 Decemviris

919 2766 994 2798 otto
1012 2775 1135 2800 tantum
1153 2770 1252 2802 libros
1268 2769 1483 2812 conscripfiffe
1497 2793 1508 2809 ,
1532 2782 1650 2813 quorum
1673 2784 1794 2816 omnes,

918 2817 995 2840 mox
1011 2809 1118 2848 addit,
1141 2813 1190 2852 qui
1206 2811 1336 2851 fuerunt
1358 2812 1449 2850 libri,
1472 2811 1578 2855 digesti
1592 2813 1713 2855 suntab
1725 2817 1789 2849 Au-

913 2849 987 2890 fidio
1011 2851 1145 2892 Namuja
1170 2853 1201 2883 in
1224 2859 1339 2884 centum
1350 2854 1549 2894 quadraginta
1562 2854 1657 2887 libros.
1683 2856 1790 2904 Quam

919 2891 993 2923 huic
1018 2893 1106 2932 operi
1132 2892 1369 2934 inscriptionem
1394 2893 1515 2925 dederit
1543 2893 1703 2937 Namusa,
1725 2909 1791 2933 non

918 2933 1058 2979 explicat
1086 2932 1281 2974 Pomponius
1296 2956 1306 2972 ,
1339 2932 1390 2965 sed
1415 2944 1508 2966 nemo
1531 2937 1658 2978 negabit
1672 2962 1683 2978 ,
1707 2941 1793 2973 reste

918 2974 1103 3014 inici-iptum
1120 2972 1214 3005 fuiss'e
1225 2973 1488 3010 COLLECTANEA
1505 2976 1568 3008 five
1587 2977 1791 3021 CONJECTA-

919 3023 1009 3052 NEA,
1031 3014 1116 3054 quod
1143 3024 1256 3056 nempe
1281 3015 1545 3056 complecteretur
1568 3021 1710 3054 omnium
1728 3022 1791 3055 Au-

918 3056 1057 3086 ditorum
1083 3055 1185 3087 Servii
1209 3065 1326 3097 opera,
1355 3058 1387 3088 in
1407 3067 1503 3090 unum
1526 3059 1651 3102 Corpus
1672 3064 1798 3097 coneda

920 3095 972 3127 seu
997 3095 1147 3137 conjecta,
1171 3096 1330 3137 adscripto
1348 3121 1358 3137 ‚
1387 3106 1422 3129 ut
1445 3108 1494 3131 res
1510 3101 1708 3144 postulabat,
1732 3106 1790 3138 fin-

919 3136 1002 3177 gulis
1021 3137 1108 3169 libris
1124 3137 1252 3170 auftore
1270 3138 1344 3178 su0,
1369 3139 1399 3171 δε
1415 3143 1564 3181 peculiari
1583 3145 1698 3185 titulo,
1724 3156 1793 3188 quo
1830 3163 1835 3166 ·

920 3176 985 3219 ipse
1003 3176 1107 3210 fuerat
1127 3179 1208 3212 usus.
1238 3179 1309 3213 Hos
1327 3181 1425 3222 igitur
1449 3181 1549 3217 CXL.
1575 3185 1674 3220 libros
1694 3187 1794 3230 sul'pi‘

1737 3238 1797 3262 cor
