2008 3436
176 128 253 161 162
411 122 817 159 CORNELII

172 203 309 237 iiaritate
336 202 431 234 nimia
452 213 461 236 ι
494 212 594 245 neque
612 203 696 235 aliud
712 203 786 244 quid
803 212 892 245 aeque
905 201 1042 245 perdidit

173 243 371 285 Alphons'um
395 244 449 276 VI.
481 245 647 278 Lusitaniae
672 245 789 285 Regem
808 268 817 284 ,
850 254 940 286 quain
956 243 1041 285 quod

172 285 333 317 humilitas
358 285 425 326 ejus
447 286 477 318 &
501 287 665 328 turpitudo
689 286 817 327 publice
834 286 1039 317 innotuerint.

172 326 217 359 At
241 335 320 358 vero
346 327 399 368 qui
425 325 547 369 sapiunt
566 352 576 367 ,
611 328 641 359 &
665 327 695 359 se
718 326 772 358 fibi
791 327 910 367 priores
929 327 1040 368 proba-

173 375 266 407 runt,
300 377 364 399 non
388 368 521 407 habent,
552 369 637 409 quod
659 367 903 400 afamiliaritate
922 370 951 399 ὥς
967 376 1041 398 con-

174 415 301 450 temptu
332 417 497 441 metuant:
528 410 560 441 hi
586 411 687 449 enim,
721 418 785 450 quo
803 409 1039 449 magis'innote-

174 448 285 490 scunt,
310 460 350 482 eo
367 451 465 492 plui-is
481 460 606 492 quoque
623 451 721 489 fiunt,
748 460 798 480 nec
821 451 938 480 virtuti
959 451 1040 489 peri-

174 493 277 523 culum
300 491 341 532 efi
358 516 368 529 ‚
399 503 434 524 ne
456 495 572 523 admota
594 493 686 523 oculis
716 492 878 522 revilesccit
901 515 911 530 ,
947 489 1043 522 verba

176 531 248 564 sunt
267 533 394 565 Senecae
411 536 445 565 de
464 533 633 574 Tranqriitt.
649 534 739 563 anim.
766 533 790 563 C
819 542 866 574 15.
911 531 976 571 Hi,
997 531 1041 562 di-

175 574 307 615 gnitatis
327 574 388 606 suae
406 575 523 613 securi,
557 573 772 606 familiaritate
790 573 843 606 sua
859 572 922 606 sese
937 573 1041 604 extol-

174 616 247 647 lunt
262 639 272 654 ,
305 616 335 648 ὃς
359 616 447 648 simul
473 616 636 654 efficiunt,
666 625 706 646 ne
725 616 860 647 aliorum
876 615 1042 656 indignita·

176 664 242 688 tem
265 657 358 689 nimis
381 657 548 688 videantur
574 655 734 697 spernere,
758 666 821 698 quo
841 657 871 689 ἃ
885 657 1042 696 pertinet,

176 697 263 738 quod
278 699 395 730 Seneca
412 697 507 738 Epist.
526 707 578 738 47.
607 697 779 739 disputavit
801 708 859 739 pro
884 696 1044 728 familiari-

177 744 244 770 tate
257 749 330 770 cum
345 738 452 771 servis.
498 739 544 771 Ut
563 739 662 770 verbo
679 740 797 771 dicam:
822 739 873 779 qui
892 738 989 779 pluris
997 739 1043 769 vi-

176 779 244 811 deri
263 780 396 819 volunt,
421 790 514 821 quam
530 779 619 819 sunt,
637 781 732 812 nimia
748 780 964 812 familiaritate
973 788 1044 820 pro-

177 821 292 852 bantur
311 821 462 862 impares,
489 822 518 853 ἃ
536 821 699 863 publicum
716 821 760 853 sui
782 821 950 853 ludibrium
967 830 1044 861 prae-

177 861 253 893 bent
270 886 279 902 ,
312 864 366 904 qui
389 862 567 895 didicerunt
597 872 672 894 vere
702 861 805 904 sapere
822 886 831 902 ,
869 862 1046 894 didicerunt

179 912 328 944 quoque,
360 903 537 945 supremum
562 903 624 935 esse
644 913 800 946 quemque
826 903 869 936 sui
892 903 1047 944 judicem,

180 953 241 976 nec.
255 945 389 977 aliorum
410 945 527 986 judicia
558 945 779 978 extimescunt.
825 946 856 977 Si
873 954 948 976 vere
965 944 1046 986 sape-

179 992 251 1017 rent
266 987 368 1018 cunCti
382 1010 391 1026 ‚
416 997 476 1019 nee
491 987 546 1019 nisi
564 987 759 1028 dignioribus
776 986 954 1018 Provinciae
969 985 1046 1017 fuis-

178 1025 247 1058 sent
265 1028 458 1068 commiss'ae‚
491 1028 657 1060 Praessdum
680 1028 831 1060 mandatis
846 1028 968 1059 incerta
983 1037 1047 1059 non

179 1068 256 1101 esset
274 1069 470 1109 admonitio,
494 1079 603 1111 quam,
630 1077 666 1101 ut
684 1079 768 1101 nunc
787 1068 858 1100 sunt
877 1069 906 1100 ὃς
929 1067 1047 1110 semper

180 1108 311 1143 fuerunt
328 1110 471 1143 homines
490 1113 520 1143 'oz
538 1120 662 1150 mores,
687 1110 779 1142 inseri
799 1110 927 1150 placuit.

223 1152 260 1184 In
284 1152 312 1193 §.
335 1162 360 1184 1.
386 1153 415 1184 d.
439 1153 460 1183 l.
481 1162 527 1189 19.
553 1152 697 1193 praecipit
718 1149 930 1191 Callistratus,
955 1160 1046 1191 eum,

181 1193 236 1236 qui
251 1194 299 1235 jus
312 1193 409 1234 dicit,
434 1193 466 1226 in
482 1192 705 1234 cognoscendo
729 1202 830 1236 neque
845 1192 1048 1224 excandesce-

798 1291 1157 1328 CAPUT

893 121 1071 158 VAN'

1127 117 1731 160 RYNKER'SHOEK

1084 210 1117 232 re
1141 209 1290 243 oportere
1318 201 1463 233 adversus
1492 212 1547 234 eos
1564 227 1574 242 ,

1084 252 1185 283 neque
1208 243 1354 284 precibus
1380 243 1635 276 calamitosbruni
1667 246 1882 288 inlacrymari,
1914 252 1943 282 id

1084 285 1167 315 enini
1192 294 1256 316 non
1282 284 1342 315 ess'e
1367 283 1539 316 constantis
1559 287 1588 317 δ’.
1608 286 1682 318 10611
1703 288 1835 327 judicis,
1860 292 1945 333 cujus

1084 326 1178 356 animi
1194 334 1302 357 motum
1318 327 1425 357 vatius
1442 328 1565 366 detegit.

1083 376 1141 407 pro
1157 367 1334 408 sententia,
1363 377 1421 408 pro
1439 378 1499 409 qua
1518 368 1700 410 simpliciter
1718 372 1832 412 judicis
1853 381 1946 407 motus

1084 417 1115 438 in
1139 408 1158 439 l.
1176 418 1227 440 21.
1252 408 1279 450 §.
1297 409 1355 440 ult.
1374 409 1414 450 ff.
1429 412 1462 440 cle
1480 409 1581 449 Tollit).
1607 411 1636 442 &
1672 413 1692 442 l.
1713 423 1763 444 20.
1782 414 1820 454 ff.
1841 416 1944 449 Comm.

1084 451 1180 480 divid.
1201 460 1272 481 nam
1291 451 1422 482 omnino
1443 459 1496 482 aut
1514 460 1596 483 errat
1616 461 1669 484 aut
1685 453 1765 486 ludit
1781 456 1946 491 Raevardus

1086 490 1163 522 J..1.
1182 491 1310 522 Varior.
1334 492 1405 532 C.7.
1431 493 1483 533 qui
1501 493 1532 524 in
1557 495 1617 524 cit.
1636 504 1756 536 20.pi·0
1775 499 1947 541 wiotujztdi-

1086 533 1128 562 cis
1153 531 1312 563 substituit
1340 533 1549 574 Magistratus
1570 538 1693 575 imperio
1712 559 1721 573 ,
1743 545 1887 580 tanquam
1905 550 1947 573 er-

1086 582 1157 604 rore
1175 583 1215 604 ex
1237 572 1319 614 siglis
1341 583 1428 614 nato,
1474 576 1582 608 Motus
1604 577 1764 618 izepiffime
1788 581 1819 612 in
1849 582 1948 615 Codice

1085 614 1241 660 judicibus
1256 613 1428 659 adscriptus
1445 617 1474 648 ἀ
1493 621 1639 659 ancipites
1654 621 1841 661 judiciorum
1856 631 1948 656 tttoltts

1089 655 1230 701 Valerius
1253 656 1335 687 dixit
1364 657 1403 688 L.
1429 657 1515 691 Vlii.
1548 661 1578 692 C.
1602 670 1628 692 1.
1655 663 1756 701 princ.
1781 664 1811 695 δι.
1828 663 1949 699 Gellius

1086 696 1124 727 de
1139 696 1249 736 Judice
1272 697 1311 729 L.
1334 698 1422 730 XIV.
1451 700 1481 730 C.
1502 711 1531 732 2.
1570 709 1603 733 itt
1622 725 1630 740 ‚
1656 713 1768 745 quoquo
1785 707 1817 737 z'iz
1835 707 1892 738 loco
1915 718 1948 740 ac

1088 745 1219 784 tempore.
1241 747 1378 783 movetur
1395 764 1406 778 ,
1434 740 1518 780 figuti
1542 743 1578 778 ὅ)
1598 746 1713 776 indicia
1736 747 1840 786 faciat
1855 755 1949 780 motus

1089 787 1179 820 atque
1192 782 1300 820 sensus
1319 783 1376 819 sui.
1422 782 1518 829 Quod
1550 793 1654 817 autem
1687 787 1739 819 hic
1768 789 1799 820 in
1825 789 1951 823 Praeside

1087 822 1287 868 commendat
1301 822 1516 864 Callistratus,
1548 827 1579 858 in
1604 826 1796 861 proconsule
1815 831 1858 862 est
1873 833 1952 873 apud

1090 862 1267 909 Eunapium
1291 864 1420 905 Juliano
1446 874 1478 906 p.
1503 877 1541 899 tiz.
1569 877 1619 909 97.
1657 878 1728 901 nam
1750 870 1922 905 proconsul
1939 898 1950 914 ‚

1090 913 1183 944 quem
1210 904 1252 936 lbl
1276 905 1401 946 laUdat‚
1435 911 1465 947 ἰᾖ
1480 912 1558 945 own-Z
1576 913 1675 943 mehr-’d
1692 914 1730 941 ’τήν
1746 913 1850 951 ἔννοιαι,
1865 914 1952 953 silen-

1091 952 1132 975 zzo
1155 948 1250 977 animi
1273 956 1384 979 motum
1411 953 1495 990 tegit.
1542 951 1664 983 Basilici
1687 951 1836 987 summam
1864 958 1952 999 liujus

1091 985 1118 1027 §.
1143 996 1168 1018 1.
1193 986 1234 1019 fic
1249 989 1481 1031 expresserunt:
1506 993 1570 1026 μκὸὲ
1588 994 1706 1024 amico„
1730 998 1760 1032 κῇ
1775 999 1833 1030 3de
1849 999 1923 1029 ι’λεωι
1939 1000 1956 1032 5*

1090 1029 1273 1068 ὀςγζέμῖμθ,
1306 1042 1341 1062 ne
1361 1033 1453 1064 vultu
1475 1040 1619 1073 appareat
1643 1036 1810 1075 misericors
1825 1047 1879 1070 aut
1894 1043 1951 1072 ira-

1090 1072 1215 1116 cztiiciits.
1267 1073 1453 1106 Refflffime.
1498 1076 1586 1117 Saepc
1607 1077 1688 1108 inter
1718 1079 1839 1118 judiees
1869 1082 1952 1122 vidi,

1089 1121 1141 1152 qui
1164 1111 1258 1144 vultu
1282 1113 1466 1146 sententiam
1490 1116 1637 1150 dicebant
1655 1142 1664 1157 ,
1697 1121 1792 1152 etiam
1812 1132 1872 1154 una
1892 1120 1955 1155 tanss

1090 1160 1160 1199 tum
1180 1162 1268 1199 parte
1288 1156 1411 1195 audita,
1443 1156 1522 1197 stepo
1544 1159 1574 1190 <St
1597 1169 1725 1197 neutra3
1750 1162 1779 1194 δε
1794 1157 1844 1194 liis
1861 1164 1956 1205 igitur

1090 1195 1177 1226 utilis
1193 1204 1254 1227 erit
1271 1196 1441 1229 Callistrati
1458 1199 1642 1232 admonitio.

1254 1293 1349 1329 XV.

548 1379 821 1429 ,Qgtemadmodum
846 1386 974 1415 veteres
999 1378 1088 1425 JCti
1112 1379 1230 1415 Libros
1245 1379 1324 1427 suos
1349 1381 1567 1429 distinxerint.

273 1484 372 1508 eteres
402 1475 475 1517 JCti
501 1476 539 1508 ad
561 1477 854 1520 interpretationem
878 1476 959 1517 Juris
974 1475 1048 1508 scri-

295 1517 422 1560 pserunt
446 1517 498 1549 vel
513 1518 613 1552 libros
636 1519 819 1561 singulares,
844 1518 897 1550 vel
913 1518 1019 1560 plures
1036 1539 1048 1556 ‚

182 1569 222 1594 ut
240 1559 414 1601 argumenti
437 1559 573 1601 dignitas
599 1561 765 1593 videbatur
785 1560 922 1601 exigere.
968 1559 1048 1592 Sim-

204 1603 280 1635 lices
295 1600 364 1632 fere
380 1601 410 1632 &
423 1600 574 1633 modestae
593 1611 682 1635 erant
705 1611 814 1634 eorum
830 1601 985 1634 librorum
1001 1600 1047 1632 in-

190 1644 238 1676 cri
264 1643 387 1682 tiones,
411 1651 475 1674 non
490 1642 665 1676 ambitiosae
679 1668 689 1684 ,
721 1653 785 1676 non
801 1642 1048 1685 sesquipedales,

179 1692 217 1718 ut
247 1684 333 1716 iodie
357 1683 455 1715 moris
479 1683 534 1715 est.
580 1684 652 1717 Hos
669 1685 768 1718 libros
786 1694 852 1717 non
873 1683 1049 1716 scribebant

180 1727 333 1759 continua
348 1723 442 1764 serie,
468 1723 519 1756 sed
533 1726 716 1760 dividebant
731 1727 764 1759 in
779 1725 932 1765 Titulos,
951 1725 1048 1757 &hos

178 1769 296 1801 iterum
320 1766 351 1798 in
377 1765 605 1808 Paragraphos,
629 1768 711 1808 five,
735 1775 772 1800 ut
792 1774 868 1799 tunc
885 1767 983 1808 magis
1000 1766 1047 1798 lo-

181 1809 375 1851 quebantur,
400 1808 431 1839 in
450 1809 553 1840 Locos.
585 1809 693 1842 Tituli
708 1819 771 1842 non
790 1808 909 1850 semper
921 1808 1048 1849 quidem

180 1850 296 1890 additi,
322 1849 372 1881 sed
386 1858 445 1881 nec
463 1850 582 1892 semper
597 1851 716 1890 omiffi,
749 1859 785 1883 ut
799 1858 927 1892 apparet
947 1859 986 1880 ex
1001 1859 1047 1881 re-

180 1893 294 1931 ceptis,
323 1900 392 1932 quae
417 1889 579 1932 supersunt
595 1916 604 1931 ‚
638 1892 733 1924 Pauli
744 1893 929 1933 sententiis,
954 1891 985 1922 &
1008 1899 1048 1922 ex

180 1933 327 1974 Ulpiani,
344 1932 476 1974 aliisque
491 1934 609 1966 veteris
621 1933 878 1976 Jurisprudentiae
893 1932 1047 1974 reliquiis,

180 1984 257 2016 quas
287 1974 320 2006 in
342 1973 422 2005 hanc
445 1984 510 2006 rem
535 1984 576 2007 ex
599 1975 786 2008 eruditionis
809 1974 870 2007 suae
897 1983 980 2016 penu
997 1973 1048 2005 de-

180 2014 333 2058 prompsit
347 2013 397 2047 Cl.
417 2015 633 2058 Schultingius
647 2017 724 2049 Not.
753 2017 791 2049 ad
811 2016 952 2057 Inscript.
975 2015 1046 2047 Sen-

180 2063 258 2089 tent.
275 2055 363 2087 Paul.
386 2057 470 2088 reite
492 2057 633 2090 refutato
646 2081 656 2098 ,
689 2058 743 2100 qui
761 2059 839 2091 olim
855 2057 1048 2090 contradice-

179 2098 253 2138 bat,
277 2096 418 2138 Cujacio.
463 2098 537 2130 Sive
552 2108 658 2132 autem
673 2100 780 2132 Tituli
807 2099 961 2138 adessent,
985 2097 1050 2130 five

181 2139 339 2178 abessent,
363 2138 572 2172 distinffionis
589 2149 691 2173 tamen
714 2139 804 2173 causa
823 2140 1048 2172 adhibebantur

182 2179 336 2213 sectiones
364 2180 397 2212 in
420 2180 547 2213 modum
575 2181 602 2222 §.
623 2182 651 2223 §.
684 2183 796 2224 quibus
819 2191 903 2213 nunc
918 2181 1046 2212 utimur.

182 2222 225 2255 Et
240 2221 284 2254 fic
300 2220 470 2262 oportebat
486 2231 619 2264 propter
637 2223 774 2255 diversas
790 2223 820 2254 &
833 2233 850 2254 a
866 2221 896 2253 se
912 2222 1049 2254 invicem

180 2262 339 2296 distinCtas
352 2261 558 2304 quaestiones,
583 2274 654 2305 quae
668 2264 867 2303 incidebant,
891 2264 929 2295 ad
950 2263 1048 2304 Leges

183 2305 214 2337 ἀ
231 2304 349 2336 Ε111ξὶε.
395 2303 462 2336 Has
485 2303 638 2337 sectiones
661 2316 700 2338 an
717 2306 822 2346 versus
843 2304 1048 2347 appellaverit

182 2344 370 2387 Justinianus
393 2346 427 2377 in
447 2345 684 2387 Praefationibus
708 2346 931 2380 Pandetiarztm
945 2369 954 2385 ‚
982 2355 1047 2378 non

182 2396 281 2427 usque
297 2386 374 2418 adeo
391 2387 499 2428 liquet.
545 2386 651 2430 Negat
666 2388 803 2422 Contius
819 2389 856 2420 L.
869 2388 892 2420 Ι.
911 2387 1046 2421 ὶεὲἶῐοη.

182 2428 337 2468 Subseciv.
361 2428 393 2459 C.
408 2432 437 2462 8.
460 2427 602 2463 adfirmat
618 2429 785 2463 Duarenus
814 2431 852 2462 L.
872 2429 911 2461 II.
936 2429 1047 2470 Dispit-

184 2475 243 2501 ται.
261 2468 429 2507 Annivers.
454 2471 487 2502 C.
512 2474 541 2502 6.
571 2470 704 2503 subsistit
726 2471 848 2513 Lipsius
864 2472 988 2503 Centztr.
1008 2472 1046 2504 V.

183 2510 285 2551 Epist.
304 2519 356 2552 39.
401 2511 532 2544 Veteres
559 2521 613 2553 per
635 2514 740 2554 versus
764 2513 861 2545 libros
879 2512 950 2544 suos
967 2513 1047 2544 divi-

183 2552 250 2586 fiffe
274 2551 398 2584 constat
424 2561 464 2585 ex
484 2551 671 2586 Graecorum
694 2554 942 2595 Latinorumque
956 2554 1050 2586 variis

185 2593 448 2634 auetoritatibus,
494 2604 547 2625 uas
573 2594 768 2627 advocarunt
785 2595 938 2634 Contius,
963 2594 1048 2627 Dua-

184 2635 293 2674 r'enus,
318 2633 357 2666 Li
381 2634 450 2667 sius.
472 2603 542 2666 (llis
556 2635 702 2669 omnibus
717 2637 797 2669 addo
817 2636 1050 2683 Quintilianum

182 2676 224 2708 L.
243 2675 314 2708 Vll.
366 2674 451 2716 nJiit.
484 2676 609 2708 Orator.
639 2677 671 2709 C.
701 2687 727 2710 1.
759 2678 894 2715 Multis,
919 2678 1048 2718 inquit,

183 2717 319 2750 millibus
343 2726 508 2750 vERsumvi
522 2719 589 2757 scio
609 2721 688 2759 apud
708 2722 849 2761 quosdam
873 2718 926 2759 effe
949 2718 1048 2760 quaest-

185 2765 251 2791 tum
262 2781 273 2798 ,
287 2762 423 2801 quomodo
436 2760 642 2791 inveniremus
651 2783 661 2799 ,
670 2767 824 2802 unapars
834 2762 948 2792 deberet
961 2764 1048 2802 prior

184 2802 294 2833 dicere.
338 2800 382 2833 Et
402 2801 442 2832 L.
463 2800 507 2833 X.
533 2801 564 2833 C.
586 2811 613 2834 1.
635 2804 741 2844 quippe
756 2813 821 2834 cum
835 2805 868 2834 in
887 2802 984 2833 Bruto
998 2802 1044 2834 M.

188 2842 310 2874 Tullius
329 2849 372 2874 tot
391 2843 522 2874 minibus
537 2852 701 2877 VERSUUM
716 2847 750 2877 de
764 2845 907 2876 Romanis
926 2850 1047 2875 tantum

187 2884 374 2916 Oratoribus
391 2885 543 2926 loquatur.
591 2885 634 2917 Et
655 2886 694 2918 L.
711 2886 754 2919 X.
782 2887 812 2918 C.
836 2896 866 2928 3.
888 2887 920 2918 in
932 2885 991 2926 firi.
1009 2886 1046 2916 ii-

185 2925 228 2955 los
254 2924 272 2966 (
292 2924 482 2967 sermones)
514 2936 635 2958 numero
663 2931 827 2960 VERSUUM
856 2929 1044 2959 metiebatur.

189 2965 217 2996 Η
224 2975 259 2997 os
277 2965 384 2999 versus
397 2966 504 2999 Graeci
521 2972 601 3004 ςίχες
616 2969 784 3001 vocabant.
830 2968 984 3015 Quamvis
993 2978 1044 2999 au-

185 3013 249 3036 tem
280 3016 321 3038 cx
348 3009 518 3047 omnibus,
558 3019 627 3050 quae
653 3009 836 3051 supersunt,
864 3008 1048 3041 testimoniis

186 3054 249 3076 non
274 3056 360 3079 certa
379 3049 440 3081 fide
461 3050 601 3090 dixeris,
633 3051 746 3093 ecquid
760 3056 901 3090 versuum
922 3050 1048 3082 nomine

1093 1475 1124 1507 δι
1142 1475 1214 1524 inde
1230 1477 1291 1524 esse
1307 1485 1356 1514 tot
1372 1480 1507 1513 millium
1523 1491 1704 1524 numerum,
1721 1485 1869 1520 brevibus
1879 1499 1955 1531 quo-

1092 1526 1153 1557 que
1166 1518 1271 1565 Libris
1287 1518 1485 1567 adscriptum.
1531 1525 1591 1557 Sed
1613 1525 1680 1557 haec
1700 1527 1841 1569 transeo,
1866 1538 1955 1573 utpo-

1092 1566 1124 1589 te
1137 1559 1175 1590 ab
1191 1560 1260 1592 aliis
1277 1561 1329 1592 hic
1349 1561 1415 1594 illic
1431 1573 1598 1607 occupata.
1871 1587 1874 1591 ’

1134 1599 1219 1648 illud
1244 1610 1324 1648 puto
1346 1602 1408 1635 effe
1435 1607 1637 1641 certiffimum
1654 1634 1665 1650 ‚
1698 1619 1842 1645 veterum
1859 1612 1955 1654 JCto-

1090 1650 1160 1688 rum
1176 1642 1346 1676 distinctas
1366 1643 1533 1680 sententias
1556 1659 1615 1690 pro
1639 1652 1688 1684 rio
1710 1654 1840 1686 nomine
1861 1655 1963 1688 dietas.

1090 1682 1184 1714 fuisse
1201 1685 1276 1717 locos
1294 1685 1358 1718 five
1376 1687 1449 1721 loca.
1494 1689 1588 1723 Unde
1635 1693 1757 1734 lpianus
1773 1695 1805 1727 in
1829 1696 1849 1728 l.
1862 1702 1892 1732 8.
1903 1704 1956 1739 pr.

1085 1724 1125 1771 ff.
1141 1727 1176 1756 de
1189 1726 1299 1769 Inqffic.
1320 1727 1434 1770 testam.
1465 1730 1630 1774 postquam
1653 1735 1812 1768 recitasset
1836 1737 1958 1773 senten·-

1092 1774 1168 1799 tiam
1181 1769 1344 1809 quamdam
1358 1770 1518 1813 Papiniani
1534 1783 1576 1807 ex
1598 1775 1638 1808 L.
1659 1776 1700 1809 V.

1091 1818 1169 1840 mox
1180 1811 1288 1850 addit,
1304 1814 1443 1854 sequenti
1460 1816 1517 1847 loco
1528 1818 1654 1857 scribit,
1675 1818 1707 1850 id
1723 1776 1801 1860 giu?
1810 1789 1958 1862 pi‘odliginng

1090 1850 1163 1897 post
1180 1851 1260 1884 hanc
1275 1853 1306 1885 &
1318 1854 1460 1888 distinCta
1485 1857 1666 1899 quaestione.
1712 1861 1756 1893 Et
1778 1862 1956 1896 Maecianus

1091 1901 1124 1923 in
1142 1894 1163 1924 l.
1178 1893 1329 1941 30.·§.·7.
1349 1897 1391 1938 ff.
1409 1900 1446 1930 ad
1464 1899 1505 1931 L.
1523 1900 1639 1933 Falcid.
1660 1902 1732 1943 post
1745 1903 1874 1936 relatam
1883 1904 1956 1937 Cel·

1090 1934 1113 1967 fi
1137 1934 1167 1966 &
1186 1936 1299 1975 juliani
1321 1936 1528 1981 sententiam,
1552 1952 1608 1984 quo
1629 1944 1687 1975 loco
1703 1967 1713 1981 ,
1743 1944 1786 1976 ait
1794 1966 1806 1983 ,
1826 1946 1954 1987 amptius

1091 1975 1243 2023 quoefitum
1263 1977 1324 2016 esi,
1356 1980 1417 2012 ἃς.
1449 1981 1640 2022 Hujusmodi
1658 1986 1713 2016 loci
1724 1985 1788 2017 sive
1808 1985 1838 2018 se
1861 1995 1954 2020 aratae

1092 2017 1244 2066 sestiones
1264 2018 1320 2051 sub
1343 2031 1469 2064 quoque
1482 2023 1599 2057 Titulo
1619 2026 1719 2058 adhuc
1735 2025 1831 2067 'super
1849 2036 1904 2061 unt
1920 2029 1957 2062 iu.

1093 2060 1254 2106 Collatione
1273 2062 1344 2093 LL.
1371 2064 1493 2101 Mojaic.
1521 2065 1558 2100 ἐξ
1581 2067 1710 2099 Roman.
1735 2068 1814 2100 &in
1830 2071 1954 2111 antiquo

1093 2102 1280 2149 consultore,
1303 2112 1394 2143 quem
1418 2105 1565 2146 Cujacius
1585 2108 1720 2149 primum
1743 2108 1858 2151 edidit,
1882 2112 1955 2152 ubi,

1090 2151 1172 2175 inter
1189 2144 1267 2184 alia,
1293 2148 1383 2178 terrio
1397 2147 1455 2179 loco
1466 2150 1515 2179 vel
1531 2152 1628 2189 capite
1645 2152 1893 2191 interrogandum
1911 2162 1953 2186 me

1083 2185 1251 2232 specialius,
1274 2189 1454 2233 consuluisti.
1498 2189 1586 2222 Paria
1610 2191 1653 2224 ibi
1668 2191 1740 2224 sunt
1758 2194 1839 2226 locus
1854 2195 1886 2227 ὃς
1905 2204 1953 2227 ca-

1088 2232 1165 2267 put,
1193 2227 1350 2269 adscripto
1371 2231 1464 2265 etiam
1490 2240 1632 2265 numero.
1676 2233 1772 2266 Plane
1787 2243 1823 2267 ut
1840 2236 1872 2268 in
1887 2245 1954 2268 mo-

1090 2275 1243 2300 numento
1266 2270 1370 2310 prisco
1398 2271 1604 2313 Aquilejfflifi,
1630 2275 1715 2316 quod
1732 2275 1863 2308 exhibet
1881 2277 1954 2318 Lip-

1080 2309 1150 2344 ,fius
1172 2309 1209 2340 ad
1235 2309 1342 2343 Taciti
1376 2312 1492 2354 Hister.
1523 2315 1564 2346 L.
1584 2315 1623 2347 Π.
1655 2316 1758 2357 infin.
1781 2317 1955 2359 adscriptus

1090 2359 1217 2392 quoque
1234 2350 1280 2383 est
1295 2362 1457 2387 numerus:

1133 2391 1373 2426 DESCRIPTUM.
1395 2405 1449 2428 ET.
1465 2406 1709 2429 RECOGNITUM.
1730 2408 1785 2431 nx.
1803 2408 1954 2436 TARULA.
1976 2408 1979 2413 “

1092 2441 1220 2464 ΑΕΝΕΑ.
1251 2444 1341 2474 QUAE.
1369 2446 1458 2469 FIXA.
1485 2446 1553 2469 EST.
1583 2447 1788 2472 ROMAE.'1N.
1815 2449 1953 2473 CAPITO-

1091 2482 1161 2505 LIO.
1190 2482 1248 2506 AD.
1283 2485 1393 2508 ARAM.
1412 2487 1548 2510 GENTIS.
1566 2489 1688 2520 JULIAE.
1707 2490 1873 2514 DEFORAS.
1896 2490 1951 2513 ΡΟ-

1091 2523 1166 2547 Dio.
1203 2525 1455 2552 SINISTERIORE.
1496 2529 1573 2552 TAB-

1091 2565 1253 2588 XXXXHII.

1133 2596 1183 2629 Ad
1211 2597 1270 2631 lios
1290 2598 1444 2645 JCtorum
1468 2602 1559 2634 locos
1582 2602 1749 2644 respexiffe
1772 2604 1952 2646 juvenalem

1092 2638 1197 2686 Satyr.
1215 2639 1271 2686 VJ.
1303 2646 1378 2688 vers.
1405 2653 1476 2683 244.
1509 2644 1601 2676 valde
1621 2645 1698 2677 milii
1719 2646 1765 2678 est
1780 2645 1950 2687 probabile.

1090 2679 1249 2721 Litigandi
1281 2683 1473 2724 pruriginem
1513 2694 1679 2717 notaverat
1710 2687 1742 2720 in
1772 2686 1956 2719 mulieribus

1090 2726 1166 2768 varj.
1196 2731 1269 2769 241⁸.
1294 2723 1330 2757 ὃ
1350 2734 1422 2765 242.
1448 2734 1524 2757 mox
1549 2726 1578 2758 ἅ
1603 2735 1694 2760 notat
1714 2729 1745 2760 in
1765 2728 1874 2760 iisdem
1891 2725 1950 2760 stu-

1089 2763 1176 2794 dium
1199 2763 1454 2806 Jurisprudentiae
1470 2790 1481 2805 ,
1512 2776 1552 2799 ex
1581 2777 1616 2799 ca
1641 2769 1799 2811 prurigine
1833 2775 1952 2800 natum.

1091 2803 1183 2835 Unde
1206 2810 1282 2843 vers.
1300 2815 1371 2847 243.

1172 2845 1352 2892 Componunc
1374 2849 1439 2888 ipsae
1455 2854 1509 2889 per
1519 2850 1552 2888 se
1566 2850 1767 2893 formantque
1786 2852 1909 2884 libellos.

1090 2884 1166 2927 Ipsae
1187 2885 1308 2918 scilicet
1324 2887 1499 2930 funguntur
1517 2890 1670 2931 JCtorum
1695 2902 1807 2934 opera,
1832 2893 1880 2932 &,
1910 2898 1951 2924 ne

1088 2927 1191 2958 minus
1215 2925 1318 2968 sapere
1331 2931 1454 2969 credas,
1478 2933 1553 2970 vers.
1573 2941 1644 2972 244.

1172 2968 1360 3016 Principiam
1375 2978 1464 3012 atque
1486 2974 1560 3004 locos
1574 2974 1649 3011 Cei-io
1667 2973 1781 3006 ditiore
1801 2980 1927 3013 paratae.

1091 3008 1191 3057 Vetus
1209 3010 1396 3044 Scholiasies
1410 3022 1465 3053 per
1490 3015 1601 3048 Cetium
1620 3015 1770 3056 intelligit
1792 3015 1952 3047 Oratorem

1090 3050 1175 3081 iltius
1209 3055 1371 3092 temporis,
1411 3056 1464 3095 qui
1493 3055 1563 3088 VII.
1607 3056 1697 3088 libros
1726 3056 1946 3096 Institutionem

187 3085 401 3135 intellexerint
418 3114 428 3129 ‚
461 3100 534 3137 non·
550 3101 611 3122 una
632 3099 735 3123 tamen
751 3093 872 3124 ratione
890 3101 1046 3138 move-012,
1081 3093 1212 3138 scriptos
1227 3095 1362 3134 reliquit.
1405 3095 1613 3137 Interpretes‚
1637 3098 1689 3138 qui
1709 3098 1767 3129 illo
1792 3106 1950 3139 praeeunte

187 3134 243 3156 cur
256 3129 430 3166 proclivior
446 3131 499 3163 siin
527 3142 557 3164 in
579 3131 764 3165 sententiam
786 3133 915 3173 Conni,
940 3131 1044 3165 existi·
1087 3133 1270 3175 intelligunt
1292 3133 1418 3168 Celsum
1440 3137 1606 3169 Medicum
1630 3140 1659 3170 &
1677 3138 1874 3177 Rhetorem,
1893 3147 1946 3180 Per

185 3166 319 3205 mantis,
342 3167 471 3210 singulas
488 3172 584 3205 lineas
609 3174 778 3215 appellatas
802 3174 895 3207 fuisse
918 3178 1042 3216 versus,

1086 3174 1162 3207 iocos
1196 3184 1323 3218 quoque
1353 3177 1536 3219 intelligunt
1557 3180 1641 3217 jedes
1677 3181 1944 3221 argumentorum,

1874 3229 1943 3251 nam

1617 2531 1649 2553 T.
1689 2529 1766 2554 PAG.
1805 2532 1844 2554 11.
1875 2531 1968 2555 Loc.·

1990 26 2008 74 1‚.

1985 73 1990 99 l
2002 94 2003 98 ,

2002 105 2003 121 l

1617 327 1712 359 Dixit
1733 331 1825 361 (inimi
1840 341 1945 365 virutum
1997 357 1999 362 .

1609 213 1689 244 quos
1713 205 1811 237 malos
1829 215 1940 253 putat,
1990 191 2008 234 '¹³
