2008 3436
163 118 233 152 414
410 103 810 142 CORNELII
888 112 994 137 vari

163 190 206 219 bo
222 187 424 218 au&01·itates
445 187 475 219 ὃς
489 184 633 227 exempla
644 193 734 225 ‚quae
754 180 1031 222 utrumque,quod

162 230 250 266 dixi,
276 227 475 260 confirment.

205 269 350 311 Collegia
378 269 407 300 ἂ
436 268 595 309 Corpora,
623 276 692 308 quae
711 266 846 306 primum
864 262 970 295 Numa
988 263 1030 294 in-

163 310 268 343 stituit
289 332 299 348 ‚
334 317 370 341 ut
400 309 587 342 Plutarchus
614 307 742 340 tradidit
758 307 790 337 in
815 305 919 336 Numa
937 311 968 345 p.
992 314 1030 335 m.

167 355 238 383 126.
262 351 344 392 apud
360 351 520 383 Romanos
536 349 666 381 fuerunt
684 357 756 379 cum
775 347 882 385 licita,
908 354 975 377 tum
995 345 1030 376 il-

165 393 272 430 licita;
296 393 392 434 quin,
414 402 483 432 quae
503 392 593 423 licita
614 390 761 427 fuerant,
784 386 983 428 postmodum
1005 395 1033 416 a·

163 433 313 474 liquando
337 433 497 475 prohibita
523 431 594 464 sunt
610 456 619 471 ,
653 430 675 463 fi
701 438 811 469 nempe
830 429 1034 459 abuterentur

162 475 233 514 iure
248 473 322 507 suo:
347 475 377 506 &
391 475 500 513 aliam,
523 472 610 505 forte
625 471 762 508 licitam,
787 469 923 500 coeundi
940 468 1034 498 ratio-

165 526 238 548 nem
262 523 473 557 praetexerent
495 537 505 552 ‚
535 515 627 546 aliam
654 520 730 543 vero
745 532 757 548 ,
784 518 914 549 eamque
942 508 1034 540 illici-

167 566 230 589 tam
245 579 256 595 ,
277 557 436 588 haberent.
480 555 531 587 De
558 552 712 594 ejusmodi
731 550 885 591 Collegiis
907 549 936 580 &
954 548 1034 580 Cor-

167 599 298 641 poribus
313 597 384 638 JCti
409 596 506 628 nostri
533 604 628 635 quum
646 600 758 634 agant,
779 591 877 632 quaeri
900 589 1005 620 videas
1024 613 1034 628 ,

165 650 204 672 an
220 640 315 671 etiam
333 638 508 678 Religionis
524 634 615 667 causa
632 639 721 666 coi're
749 631 869 665 liceat?
893 630 935 662 Et
950 631 1035 662 Mar-

166 681 274 712 cianus
296 680 327 711 in
349 680 370 711 l.
385 689 411 710 1.
431 685 480 719 pr.
495 677 538 718 ff.
560 677 594 707 de
622 675 730 717 Colleg.
753 673 788 709 &³
812 674 926 713 Corpor.
951 671 1034 712 post-

166 732 257 763 quam
278 720 421 760 Collegia
439 719 469 750 ἃ
495 717 646 749 SodalitIa
671 715 784 748 illicita
804 712 1008 745 enumerasset
1025 736 1035 751 ‚

167 764 199 795 in
231 762 260 803 §.
290 771 315 792 1.
345 760 452 791 addit:
489 759 544 791 Sed
567 758 736 800 Religionis
766 755 852 796 causa
883 756 957 785 coire
978 764 1036 784 non

162 805 355 846 prohihentur
370 825 379 839 ,
412 802 478 832 dum.
509 807 607 831 tamen
634 806 687 839 per
706 798 756 829 hoc
779 806 836 827 non
854 794 913 835 fiat
936 802 1037 826 contra

171 843 453 884 Senatusconsultzmz
473 864 485 880 ,
518 851 569 883 quo
597 840 708 872 illicita
738 838 869 879 Collegia
889 842 1035 867 arcentur.

206 896 250 917 uae
271 883 333 916 fine
354 883 536 924 ambagibus
553 883 597 913 ita
623 882 814 921 interpretor
833 889 841 909 ε
866 877 1039 909 convenire

168 928 265 960 licere
277 949 286 964 ,
312 924 489 965 Religionis
508 922 569 955 suae
587 922 771 954 exercendae
789 928 885 960 ergo,
910 918 965 950 etsi
985 927 1038 959 pu-

168 969 252 1000 blice
268 976 332 998 non
350 974 488 1007 receptae
501 989 510 1004 ‚
535 963 708 996 dummodo
723 971 762 994 ne
782 961 903 992 vetitae.
948 959 1037 1000 Jaco-

169 1010 228 1041 bus
243 1007 415 1040 Raevardus
436 1007 476 1039 L.
498 1005 552 1038 III.
583 1003 750 1046 Conjefiian.
786 1003 818 1035 C.
848 1011 896 1043 13.
920 999 1036 1032 intelli-

167 1052 216 1093 git
245 1051 272 1081 d.
299 1049 327 1090 §.
354 1058 381 1080 1.
412 1048 451 1080 de
477 1045 730 1089 profectionibus
754 1043 790 1075 ad
817 1041 970 1082 templum
986 1041 1040 1072 ali-

171 1092 256 1134 quod
267 1115 276 1130 ,
300 1091 339 1122 de
355 1089 468 1131 quibus
484 1088 529 1120 est
544 1087 623 1129 apud
639 1086 776 1118 Plinium
800 1084 842 1116 L.
861 1082 921 1115 lx.
941 1080 1036 1123 Epist.

169 1144 220 1177 39.
251 1133 281 1165 ὅ(
308 1130 486 1172 cujusmodi
510 1128 723 1171 profestiones
738 1150 748 1166 ‚
782 1124 957 1165 Religionis
975 1123 1038 1154 Ro-

170 1185 271 1208 manae
298 1171 412 1210 causa,
441 1170 497 1203 sub
523 1168 768 1211 imperatoribus
785 1164 969 1198 Christianis
992 1172 1037 1195 et-

172 1218 235 1250 iam
255 1214 406 1247 Libanius
424 1218 653 1244 commemorat
671 1210 702 1241 in
723 1208 813 1240 Orat.
831 1213 890 1252 pro*
899 1205 1038 1245 Templis,

169 1256 224 1291 sed
251 1266 288 1288 ea
315 1253 469 1288 sententia
494 1263 553 1286 nos
578 1261 643 1284 non
673 1250 792 1281 utimur
808 1272 817 1287 ,
839 1256 930 1287 qu1a,
954 1245 1039 1285 quod

170 1298 356 1333 Marcianus
377 1296 481 1335 dixit,
503 1293 634 1326 omnino
652 1291 734 1322 dixit
748 1290 786 1321 de
802 1288 969 1332 Religione
987 1295 1039 1326 pe-

169 1340 314 1382 regrina,
337 1346 409 1369 nam
428 1337 467 1368 de
486 1336 647 1372 Romana,
671 1340 769 1372 eaque
792 1327 1040 1373 patriaQadmo-

169 1390 265 1420 nere,
298 1378 382 1421 quod
406 1378 472 1418 ejus
493 1374 584 1408 causa
609 1377 698 1405 corre
720 1372 851 1408 liceret,
875 1368 950 1409 quld
965 1367 1042 1399 effet

171 1422 230 1456 nisi
252 1430 348 1463 nugas
375 1428 464 1460 agere
485 1418 502 1450 ἱ)
530 1415 685 1461 Quinimo
715 1421 775 1444 nec
793 1412 837 1443 ita
855 1409 1043 1441 conveniret

171 1464 276 1496 addita
291 1460 457 1501 exceptio,
480 1459 548 1490 dum
571 1463 669 1488 tamen
686 1460 741 1495 per
760 1453 809 1484 hoc
825 1461 883 1483 non
901 1449 959 1491 fiat
979 1459 1043 1481 con-

173 1511 223 1537 tra
248 1504 358 1535 SCtum
380 1500 438 1532 &a
484 1497 647 1540 Significat
674 1496 771 1538 igitur
787 1516 798 1533 ,
828 1493 911 1524 inter
927 1491 1044 1523 cortio-

172 1555 228 1579 nes
254 1543 382 1576 illicitas
407 1550 472 1573 non
499 1549 566 1571 eam
590 1538 652 1570 effe
684 1535 868 1568 censendam
884 1557 895 1574 ,
920 1542 988 1574 quae
1007 1532 1045 1564 fit

172 1585 263 1620 causa
285 1583 462 1625 Religionis
480 1605 491 1621 ‚
524 1580 739 1621 cujuscunque
762 1577 888 1609 demum
905 1598 915 1614 ,
947 1573 1044 1605 modo

174 1637 215 1662 ne
241 1626 310 1659 Lex
340 1622 557 1657 intercesserit.
604 1621 656 1654 Ob
677 1619 807 1651 eandem
829 1616 983 1649 rationem
1006 1614 1044 1646 ab

173 1670 237 1703 hoc
255 1668 331 1700 loco
350 1666 446 1697 etiam
464 1665 564 1697 aliena
581 1671 681 1704 puto,
704 1670 775 1702 quae
794 1658 942 1699 Cujacius
957 1664 1045 1688 nota-

172 1711 223 1744 vit
253 1709 295 1741 L.
326 1706 398 1739 VII.
444 1706 567 1748 Observ.
597 1714 650 1746 30.
681 1710 814 1744 quaeque
837 1699 892 1730 alii
909 1698 1045 1730 fideliter

171 1747 433 1791 transcripserunt
451 1771 462 1788 ‚
496 1747 535 1779 de
554 1745 716 1778 Fredianis
734 1765 744 1782 ,
776 1738 1018 1781 Dendrophoris
1033 1763 1044 1778 ,

172 1790 383 1829 chiliarchis,
408 1790 439 1821 &
454 1787 667 1825 Centenariis,
689 1784 721 1817 hi
738 1784 841 1822 enim,
865 1789 901 1813 ut
918 1788 1046 1822 apparet

175 1845 217 1867 ex
238 1835 258 1865 l.
282 1842 333 1864 20.
358 1832 391 1863 C.
416 1830 521 1862 Theod.
546 1830 579 1860 de
604 1828 652 1860 Pa
675 1836 724 1858 an.
736 1823 868 1866 sacrific.
888 1821 924 1856 ὅ)
946 1822 1043 1863 templ.

175 1873 413 1909 constituebant
440 1870 585 1912 Collegia
613 1869 646 1910 ip
662 1876 752 1899 orum
778 1863 977 1908 Gentilium,
1002 1871 1046 1894 at-

177 1926 239 1959 que
257 1915 335 1947 adeo
364 1922 427 1946 non
450 1911 649 1954 pertinebant
675 1908 712 1940 ad
726 1905 847 1938 causam
868 1904 1046 1944 Religionis

175 1957 369 2001 peregrinae,
393 1954 433 1987 de
449 1963 509 1996 qua
526 1952 592 1985 sola
609 1951 687 1984 licet
705 1945 1046 1983 Marcianumexaudi-

176 2010 220 2033 re.

221 2039 384 2073 Habemus
408 2039 505 2080 igitur
532 2036 690 2079 regulam,
714 2032 863 2065 habemus
882 2030 1044 2072 exceptio-

177 2091 260 2115 nem.
305 2080 426 2122 Regula
441 2080 504 2111 est:
529 2087 652 2110 exteras
675 2075 857 2116 Religiones
884 2073 960 2115 licet
976 2081 1047 2112 pro-

177 2122 281 2161 fiteri,
313 2122 347 2153 δε
370 2121 422 2152 vel
448 2122 480 2152 in
499 2130 566 2152 eam
584 2128 649 2151 rem
665 2116 847 2149 convenire.
891 2113 1047 2158 Quamvis

179 2164 264 2196 enim
293 2171 403 2194 verum
427 2161 504 2193 esset
520 2185 530 2200 ‚
557 2159 641 2202 quod
660 2158 760 2199 vulgo
784 2156 907 2194 fertur,
929 2155 1046 2186 Romu-

179 2206 247 2238 lum
271 2204 371 2246 prima
392 2203 422 2234 &
445 2202 623 2244 rigidissima
642 2200 696 2231 illa
719 2198 832 2240 Populi
855 2194 989 2228 Romani
1009 2204 1047 2225 ae-

180 2254 247 2278 tate
277 2244 459 2287 peregrinos
489 2243 578 2275 Deos
605 2239 751 2282 repulisse
776 2262 786 2278 ,
817 2246 953 2269 attamen
971 2259 981 2274 ,
1010 2243 1047 2266 ut

182 2296 260 2319 mox
283 2286 407 2324 dicam,
431 2284 537 2326 postea
566 2282 686 2325 placuit
710 2290 763 2312 eos
788 2279 929 2311 Civitate
951 2277 1045 2308 dona-

181 2337 237 2366 re,
267 2328 323 2366 δε,
352 2334 389 2359 ut
418 2326 449 2358 id
479 2325 589 2364 fieret,
623 2323 719 2355 etiam
746 2321 828 2354 ratio
852 2319 1048 2361 Reipublicae

181 2368 389 2410 postulabat,
418 2368 508 2408 cujus
537 2365 616 2398 salus
652 2363 792 2405 suprema
829 2360 948 2401 semper
980 2360 1049 2392 Lex

180 2411 256 2443 fuit.
302 2409 352 2441 De
363 2408 462 2451 prisca
482 2408 536 2439 illa
554 2406 668 2447 Populi
689 2403 824 2438 Romani
843 2409 936 2435 aetate
954 2401 1050 2433 etiam

182 2451 366 2492 Propertius
389 2450 472 2482 dixit
496 2449 535 2481 L.
560 2447 615 2480 IV.
643 2446 732 2490 Eleg.
755 2445 780 2478 I.

231 2492 323 2525 Nulli
346 2502 415 2523 cura
428 2492 496 2532 suit
516 2495 649 2521 externos
668 2497 790 2530 quaerere
814 2486 931 2524 Divos,

272 2532 371 2579 Quum
393 2537 526 2564 tremeret
542 2531 641 2571 patrio
672 2529 800 2571 pendula
822 2529 906 2559 turha
929 2527 1027 2558 Sacro.

225 2575 308 2613 Sed,
331 2582 367 2605 ut
389 2574 475 2611 dixi,
509 2572 594 2604 aliud
617 2571 728 2603 deinde
750 2569 947 2610 Reipublicae
971 2568 1051 2601 salus

187 2615 344 2657 exigebat.
390 2613 607 2652 Contradicit,
631 2612 758 2651 fateor,
788 2611 949 2643 Maecenas
974 2611 1052 2643 Ora-

188 2660 269 2690 tione
293 2658 331 2688 ad
350 2654 517 2698 Augustum
547 2655 628 2695 apud
649 2654 789 2686 Dionem
811 2652 853 2684 L.
876 2652 945 2684 LII.
962 2658 1051 2694 prope

178 2699 238 2741 fin.
257 2698 333 2730 dum
351 2697 476 2735 suadet,
505 2695 666 2736 peregrina
698 2695 791 2726 Sacra
812 2694 874 2725 ess'e
894 2694 1024 2725 arcenda
1039 2719 1050 2734 ‚

184 2750 251 2773 non
279 2738 375 2771 modo
408 2737 553 2770 Deorum
580 2736 678 2777 gratia
696 2759 705 2774 ,
740 2734 791 2766 sed
818 2735 847 2766 δι
871 2734 955 2775 quod
978 2744 1051 2766 cum

184 2781 356 2824 peregrinis
385 2779 486 2812 Sacris
512 2778 683 2819 peregrinae
716 2777 809 2808 etiam
833 2775 933 2815 Leges
955 2776 1050 2807 adsci-

183 2822 329 2861 scantur,
355 2821 385 2853 &
409 2820 481 2852 inde
503 2818 667 2851 nascantur
695 2818 854 2850 coitiones
883 2818 914 2847 dc
937 2817 1051 2848 tumul-

186 2871 256 2903 tus,
279 2862 477 2904 Reipublicae
504 2870 636 2902 graves;
669 2860 719 2892 sed
751 2859 805 2890 diu
828 2856 872 2889 est
894 2880 903 2895 ,
927 2866 967 2888 ex
988 2868 1052 2898 quo

185 2905 360 2936 didicerant
385 2903 539 2940 Romani,
558 2902 688 2934 difficile
710 2901 772 2933 effe
792 2898 967 2940 Religionis
997 2900 1051 2930 im-

187 2954 297 2987 petum
329 2944 479 2976 cohibere
495 2966 505 2980 ,
538 2944 567 2975 &
584 2966 595 2982 ,
624 2943 646 2975 fi
677 2950 784 2975 extera
807 2942 900 2973 Sacra
923 2939 1053 2980 proscri-

183 2987 320 3024 bantur,
352 2985 503 3027 proscribi
534 2985 628 3016 etiam
659 2983 825 3020 homines,
847 2980 962 3023 qui'eo
979 2982 1052 3013 zelo

187 3028 365 3067 ducuntur,
387 3028 418 3059 ὅ(
441 3027 473 3059 id
496 3026 527 3058 in
550 3026 659 3067 primis
682 3024 877 3065 Reipublicae
902 3022 963 3054 ess'e
985 3032 1050 3063 gra-

189 3077 232 3099 ve
255 3078 289 3099 ac
312 3069 456 3100 noxium.
478 3067 552 3100 Sola
574 3067 700 3108 Religio
720 3067 782 3105 est,
807 3074 895 3106 quae,
920 3072 954 3096 ut
977 3064 1050 3096 alibi

189 3107 369 3142 Lactantius
397 3111 465 3149 ait,
500 3110 565 3150 cogi
592 3118 649 3140 non
672 3107 776 3150 poffit,
805 3107 836 3138 ἀ
865 3104 988 3137 exstant
1019 3105 1050 3137 in

190 3157 258 3193 eam
292 3149 475 3183 sententiam
503 3150 665 3190 complura
698 3150 851 3181 Veterum
880 3147 910 3178 ἀ
933 3146 1051 3179 Recen-

148 3235 153 3245 .
190 3197 308 3222 tiorum
329 3191 518 3231 Benedicta,
538 3200 605 3233 quae
628 3192 702 3233 quia
721 3190 758 3224 ab
780 3189 849 3223 aliis
863 3187 979 3224 dudum
995 3196 1048 3220 co-

1072 97 1672 136 BYNKERSHOEK

1073 189 1217 213 acervata
1240 178 1330 217 sunt,
1353 176 1417 218 ipse
1439 188 1501 209 non
1527 186 1696 218 apponam;
1722 186 1757 208 ut
1770 187 1868 219 neque
1883 187 1935 213 ex.

1074 224 1182 264 sequar
1203 221 1350 265 rationes,
1377 229 1445 260 quae
1470 229 1528 259 pro
1551 219 1604 250 illa
1627 216 1798 257 sententia,
1823 220 1935 253 veriffi-

1074 274 1124 296 ma
1147 265 1178 295 ὃς
1200 261 1384 302 aequisiima,
1406 259 1519 292 adferri
1544 259 1675 300 ροίῖῑῃῐ,
1707 260 1778 300 quia
1803 260 1832 291 ὅ(
1855 260 1887 291 id
1908 272 1937 293 a·

1075 306 1110 337 lii
1139 304 1264 346 prolixe
1302 301 1514 343 praestiterunt
1532 325 1540 340 ,
1581 303 1611 332 ἃ
1647 311 1745 342 nuper
1765 301 1859 332 etiam
1880 302 1938 336 Vir

1076 346 1161 379 Clar.
1182 344 1339 376 Gerardus
1362 342 1475 374 Noodt
1501 342 1663 380 Oratione,
1699 351 1790 382 quam
1814 342 1939 384 habuit,

1075 389 1109 419 de
1141 388 1299 429 Religione
1330 386 1365 415 nb
1399 386 1517 424 imperio
1548 383 1625 423 Jure
1659 384 1801 414 Gentium
1837 384 1938 417 libera.

1076 428 1230 460 Nostrum
1265 427 1325 458 erit
1353 434 1513 467 quaerere,
1535 433 1599 456 non
1623 424 1714 464 quid,
1739 431 1792 455 aut
1815 434 1875 465 qua
1895 435 1940 459 ra-

1077 470 1165 502 tione
1186 469 1223 500 de
1248 468 1392 500 libertate
1414 465 1588 507 Religionis
1609 466 1748 497 dixerint
1763 488 1772 503 ,
1795 467 1848 497 vel
1869 476 1941 500 con.

1077 511 1264 543 tradixerint
1287 508 1457 546 Antrones,
1481 508 1531 539 scd
1554 507 1679 547 potius,
1714 506 1788 547 quid
1809 507 1944 541 fecerint

1078 552 1229 590 Romani,
1255 559 1348 590 atquc
1372 550 1415 580 ita
1439 559 1502 590 quo
1526 548 1574 580 illi
1598 548 1672 579 loco
1698 548 1864 581 habuerint
1884 548 1947 581 Re«

1077 594 1211 635 ligiones
1230 590 1415 633 peregi-inas.

1122 635 1277 667 Videntur
1300 640 1404 662 autem
1427 630 1578 670 Romani,
1602 631 1641 663 de
1664 630 1849 664 Gentilibus
1869 624 1956 665 semss

1078 677 1276 718 perloquor,
1302 682 1374 704 cum
1392 672 1582 712 Symmacho
1593 673 1646 703 suo
1656 672 1794 712 sensisse,
1811 674 1886 714 qui,
1911 675 1944 709 in

1079 717 1169 750 causa
1198 714 1372 757 Religionis
1390 735 1401 750 ‚
1432 712 1470 744 L·
1496 713 1541 744 X.
1569 712 1663 754 Epist.
1695 724 1747 754 54.
1779 716 1823 747 ita
1844 716 1915 749 infit
1936 728 1949 750 :-

1080 759 1163 807 Quid
1193 755 1338 797 interest,
1371 763 1427 794 qun
1458 755 1574 795 quisque
1594 756 1754 794 prudencia
1775 767 1876 788 verum
1899 759 1958 789 in,-v

1078 800 1205 842 quirat?
1236 808 1290 830 uno
1324 797 1428 826 itinere
1461 805 1517 825 non
1545 795 1635 836 potest
1654 799 1804 836 perveniri
1827 800 1865 830 ad
1885 805 1950 831 tam

1080 843 1193 885 grande
1216 840 1372 881 secretum.
1423 836 1459 882 Si·
1488 836 1598 868 Titius
1632 837 1729 878 igitur
1748 839 1832 870 aliud
1854 841 1915 872 iter
1935 864 1946 880 ,

1104 894 1173 915 uam
1207 881 1348 914 Maevius
1365 901 1375 917 ,
1405 877 1460 909 fibi
1495 878 1679 909 calcandum
1708 878 1860 919 duxerit,
1884 880 1950 914 fine

1098 925 1190 956 raude
1214 923 1243 954 ei
1266 922 1348 957 fuit;
1371 919 1400 951 &
1424 918 1497 949 hinc
1519 918 1582 958 est,
1612 919 1696 960 quod
1719 920 1800 961 apud
1822 920 1948 964 Diony-

1081 967 1158 1000 fium
1182 960 1384 998 Halicarnass.
1419 960 1550 1001 legimus
1582 960 1622 993 L.
1648 960 1688 992 ΙΙ.
1706 967 1738 1002 p.
1763 972 1800 993 m.
1825 971 1878 998 91.
1901 964 1947 996 in-

1082 1014 1225 1040 numeras
1256 1004 1376 1036 Gentes
1408 1002 1542 1033 Romam
1572 1003 1686 1033 commi
1713 1002 1816 1041 rasse,
1845 1004 1876 1036 ἃ.
1896 1013 1948 1046 pa-
1989 1007 1993 1012 '

1082 1049 1160 1080 trios
1182 1047 1271 1079 Deos
1303 1042 1476 1076 domestico
1507 1043 1571 1074 ritu
1595 1044 1744 1082 coluiie,
1773 1043 1824 1076 sed
1847 1053 1950 1078 tamen

1081 1089 1242 1132 peregrina
1265 1087 1356 1119 Sacra
1376 1084 1504 1126 publice
1525 1091 1651 1125 recepta
1669 1094 1733 1117 non
1747 1084 1849 1118 fuiss'e.
1874 1086 1954 1121 Hoc·

1080 1131 1159 1162 dicit
1182 1129 1236 1161 ille
1258 1129 1368 1165 locus,
1388 1135 1472 1163 non,
1494 1133 1530 1156 ut
1554 1125 1652 1167 vulgo
1672 1126 1810 1166 dicitur,
1831 1128 1951 1160 Romu·

1083 1173 1149 1209 lum
1169 1169 1351 1214 simpliciter
1373 1175 1482 1199 omnes
1512 1167 1695 1208 peregrinos
1724 1167 1813 1200 Deos
1834 1169 1951 1202 arcuis-

1083 1212 1122 1245 se.
1169 1211 1244 1243 Huc
1264 1218 1359 1241 etiam
1381 1208 1520 1248 pertinet
1535 1230 1547 1246 ,
1576 1208 1662 1248 quod
1683 1208 1837 1243 Eusebius
1856 1220 1953 1243 anno-

1085 1253 1167 1285 tavit
1191 1252 1321 1291 Praepar.
1358 1249 1507 1289 Euangel.
1539 1248 1579 1280 L.
1605 1249 1644 1280 II.
1683 1251 1715 1281 C.
1743 1260 1791 1283 10.
1824 1260 1952 1284 exteros

1083 1302 1196 1334 nempe
1226 1292 1338 1323 Romae
1370 1289 1539 1321 secundum
1571 1289 1651 1321 ritus
1670 1292 1789 1331 patrios
1810 1293 1952 1335 Religio-

1084 1344 1156 1366 nem
1188 1332 1273 1365 suam
1297 1330 1395 1369 ¹fuiss'e
1432 1329 1614 1371 professos,
1644 1332 1771 1372 publice
1800 1333 1953 1367 duntaxat

1084 1376 1164 1407 nihil
1196 1383 1306 1406 eorum
1340 1372 1450 1412 recipi.
1495 1371 1564 1403 Imo
1594 1372 1624 1403 ἀ
1643 1379 1770 1414 recepta
1788 1375 1958 1416 aliquando

1084 1416 1177 1448 fuiss'e
1206 1415 1368 1457 peregrina
1398 1414 1512 1452 Sacra,
1542 1411 1614 1444 satis
1635 1413 1681 1446 est
1703 1423 1845 1455 apertum
1865 1426 1906 1447 ex
1929 1417 1954 1448 i-

1086 1457 1141 1500 psa
1159 1458 1263 1498 Lege,
1287 1466 1358 1498 quae
1383 1454 1460 1486 olim
1484 1463 1588 1485 novos
1618 1454 1707 1487 Deos
1740 1457 1805 1489 coli
1826 1458 1957 1491 vetabat

1087 1500 1168 1541 apud
1201 1499 1390 1531 Ciceronem
1421 1495 1463 1528 L.
1488 1494 1529 1528 II.
1554 1497 1587 1527 de
1612 1497 1657 1528 Le
1681 1498 1720 1529 ib.
1748 1499 1779 1530 C.
1808 1508 1857 1536 19.
1904 1499 1955 1533 Se-

1082 1541 1233 1583 paratim‚
1253 1539 1375 1580 inquit,
1399 1547 1480 1569 nemo
1504 1536 1621 1579 habeffit
1676 1548 1739 1578 eos,
1758 1549 1831 1572 neve
1849 1550 1958 1574 novos:

1078 1582 1133 1625 sed
1159 1592 1194 1614 ne
1227 1582 1356 1613 advenas
1370 1601 1382 1618 ‚
1411 1577 1468 1617 nisi
1495 1579 1612 1620 publice
1644 1580 1788 1622 adscitos,
1806 1584 1958 1622 privatim

1088 1624 1210 1656 colunto.
1257 1621 1363 1654 Habes
1387 1620 1505 1661 Legem
1534 1621 1714 1662 antiquam,
1749 1624 1839 1663 quus
1859 1616 1967 1657 ratio-²

1087 1675 1160 1697 nem
1182 1663 1364 1706 exsequitur
1395 1661 1510 1693 Cicero
1538 1663 1566 1694 d.
1592 1663 1633 1695 L.
1656 1663 1697 1695 11.
1732 1664 1762 1695 C.
1786 1674 1838 1706 25.
1853 1665 1922 1707 suos
1943 1684 1958 1706 ⁵

1088 1707 1153 1746 ait,
1175 1706 1270 1744 Deos,
1293 1711 1344 1737 aut
1365 1713 1473 1742 novos,
1503 1710 1555 1735 auc
1583 1705 1770 1747 alienigenas
1789 1707 1863 1747 coli,
1888 1717 1958 1739 com

1081 1747 1227 1789 fufionem
1242 1748 1328 1779 habet
1348 1745 1550 1788 Religionum.
1598 1745 1705 1778 Habes
1718 1749 1959 1789 exceptionem,

1088 1789 1145 1829 nist
1168 1789 1225 1822 Dii
1241 1788 1393 1831 peregrini
1408 1787 1524 1828 publice
1539 1787 1663 1827 fuerint
1685 1788 1799 1828 adsciti.
1844 1789 1957 1824 Finxit

1088 1832 1214 1873 quidem
1234 1830 1303 1862 illas
1334 1828 1435 1869 Leges
1459 1826 1575 1860 Cicero
1595 1852 1604 1868 ,
1633 1828 1686 1861 sed
1710 1829 1822 1870 finxit,
1846 1831 1867 1863 fi
1889 1840 1954 1865 non

1088 1882 1129 1919 ex
1151 1872 1242 1914 Jure,
1268 1878 1355 1903 certe
1376 1879 1417 1901 ex
1437 1878 1525 1901 more
1548 1869 1711 1910 Majorum
1728 1894 1737 1910 ,
1763 1879 1798 1903 ut
1822 1870 1886 1913 ipse
1909 1872 1956 1904 di-

1088 1923 1138 1946 Xit
1161 1915 1190 1946 d.
1215 1913 1254 1945 L.
1275 1912 1314 1959 Il.
1341 1914 1410 1952 Cap.
1437 1921 1488 1953 23.
1539 1910 1583 1943 Et
1611 1921 1701 1952 quam
1721 1912 1863 1946 liberales
1885 1912 1956 1946 fue-

1087 1957 1152 1989 rint
1172 1956 1306 1988 Romam
1331 1955 1362 1986 in
1394 1950 1598 1985 adsciscendis
1627 1953 1718 1986 novis
1740 1952 1832 1992 Diis,
1853 1954 1955 1995 palam

1087 1997 1239 2039 fignificat
1273 1995 1424 2027 Caecilius
1454 1994 1535 2035 apud
1556 1995 1736 2028 Minucium
1760 1995 1898 2028 Felicem
1922 1996 1956 2030 in

1092 2038 1239 2072 Octavio:
1260 2037 1360 2075 Dum,
1385 2036 1487 2078 inquit
1505 2035 1544 2066 de
1565 2035 1736 2076 Romanis,
1762 2039 1887 2080 undique
1908 2038 1955 2070 ho·

1079 2081 1174 2123 spites
1197 2079 1274 2112 Deos
1292 2084 1439 2120 quierunt,
1473 2086 1518 2108 ET
1537 2087 1618 2109 suos
1637 2087 1809 2117 rixemur,
1833 2081 1902 2111 dum
1923 2087 1957 2112 a*

1088 2133 1137 2154 ras
1157 2119 1308 2161 exstruunt
1318 2142 1329 2158 ,
1353 2120 1441 2150 etiam
1463 2119 1571 2160 ignotis
1595 2119 1776 2151 Numinibus
1795 2119 1832 2155 &²
1850 2120 1958 2153 Mani-

1089 2165 1156 2200 bur,-
1173 2162 1216 2201 fic
1231 2185 1242 2201 ,
1262 2164 1329 2193 dum
1355 2162 1556 2200 universarum
1592 2161 1733 2192 Gentium
1758 2161 1851 2193 Sacra
1862 2161 1961 2204 susti-³

1086 2207 1198 2246 piunt,
1228 2205 1316 2235 etiam
1348 2212 1442 2244 regna
1466 2208 1642 2233 meruerunt.
1675 2202 1727 2243 qui
1762 2203 1852 2235 locus
1870 2226 1880 2243 ,
1920 2209 1965 2236 ut·

1089 2255 1173 2278 nunc
1197 2245 1328 2286 legitur,
1359 2243 1442 2274 reue
1474 2242 1607 2283 legitur,
1635 2251 1794 2284 perperam
1818 2243 1958 2277 solicita-

1093 2295 1144 2319 tus
1169 2286 1207 2318 ab
1237 2285 1377 2318 Heraldo
1414 2284 1487 2315 Not.
1518 2285 1556 2315 ad
1587 2284 1702 2316 Minui.
1727 2284 1818 2317 Felic.
1864 2285 1962 2318 Unde

1093 2329 1123 2360 δε
1148 2327 1296 2365 Deorum,
1318 2325 1496 2366 ubicunque
1519 2324 1672 2357 Gentium
1694 2326 1875 2366 cultorum,
1907 2336 1963 2359 cu-'

1092 2371 1157 2408 ria,
1182 2376 1218 2401 ut
1237 2367 1456 2413 Tertullianus
1479 2366 1634 2408 appellat,
1671 2366 1780 2398 Romae
1799 2366 1879 2407 fuit,
1900 2367 1958 2401 nifi

1091 2411 1176 2452 quod
1201 2411 1274 2442 huic
1299 2409 1404 2441 Curiae
1431 2417 1495 2439 non
1526 2407 1707 2439 interfuerit
1736 2406 1850 2447 Deus,
1888 2409 1960 2450 qui-

1093 2462 1165 2484 cum
1187 2451 1242 2484 alii
1274 2459 1383 2482 omncs
1411 2458 1476 2480 non
1504 2448 1576 2480 satis
1599 2449 1839 2481 conveniebant.
1883 2450 1958 2483 &la-

1094 2494 1178 2525 viter
1201 2493 1231 2524 id
1255 2491 1400 2533 exprcffit
1429 2489 1618 2531 Augustinus
1652 2489 1693 2521 L.
1717 2489 1742 2521 1.
1771 2491 1805 2521 de
1826 2490 1960 2539 Consens..

1096 2534 1243 2576 Euangel.
1270 2534 1302 2565 C.
1331 2537 1377 2567 18.
1402 2531 1476 2563 dum
1499 2532 1565 2568 ait,
1585 2531 1745 2562 Romanos
1767 2532 1899 2565 coluisse
1921 2542 1957 2564 o-

1094 2585 1182 2607 mnes
1219 2574 1307 2606 Deos
1327 2597 1338 2613 ‚
1367 2579 1480 2613 praeter
1509 2581 1606 2603 unum
1624 2595 1634 2610 ,
1666 2571 1697 2602 id
1727 2571 1788 2612 est,
1818 2582 1928 2606 verum
1944 2593 1963 2613 ,-

1114 2618 1182 2655 uia,
1209 2615 1315 2655 addit,
1333 2614 1429 2655 solum
1449 2612 1483 2654 se
1513 2613 1568 2643 coli
1596 2613 1740 2651 voluerit,
1775 2615 1840 2646 illos
1859 2621 1956 2648 autem

1130 2668 1196 2696 eos,
1254 2666 1301 2686 uos
1327 2653 1376 2698 isli
1404 2655 1469 2696 jam
1499 2653 1656 2691 colebant,
1691 2655 1746 2686 coli
1764 2657 1962 2696 prohibuerit.-

1095 2697 1245 2739 Oportuii
1260 2705 1292 2727 et
1317 2695 1407 2734 sane,
1438 2694 1459 2726 ii
1490 2704 1600 2726 verum
1624 2693 1728 2727 Deum
1752 2697 1961 2738 recepissent,-

1095 2748 1203 2771 omnes
1236 2737 1314 2769 alios
1330 2759 1341 2775 ,
1369 2736 1432 2768 five
1467 2735 1626 2777 indigenas
1645 2760 1655 2775 ‚
1675 2736 1754 2769 ,five
1792 2738 1960 2781 hospites,

1094 2780 1184 2812 Urbe
1203 2779 1233 2811 &
1258 2777 1394 2818 Imperio
1416 2777 1586 2818 expellere.
1609 2777 1693 2819 quod
1714 2779 1780 2812 fieri
1809 2789 1874 2813 non
1894 2779 1959 2822 pla·

1075 2849 1078 2853 .
1095 2821 1171 2853 cuit.

1113 2861 1203 2911 ..Sed
1219 2870 1296 2907 age,
1317 2866 1496 2906 pei-'partes
1518 2860 1706 2901 probemus,
1731 2862 1890 2895 Romanos
1905 2871 1960 2895 va·-

1095 2912 1149 2935 rus
1174 2901 1346 2940 (sentibus,
1374 2909 1453 2932 intra
1476 2901 1600 2943 Imperii
1624 2900 1669 2933 sui
1693 2903 1786 2943 fines,
1830 2903 1957 2937 ermifis-

1095 2944 1125 2976 sc
1148 2952 1249 2975 mores
1271 2943 1300 2974 <St
1322 2943 1401 2974 ritus
1425 2942 1547 2981 sacros,
1569 2943 1663 2975 etiam
1684 2943 1802 2977 absurdi
1829 2953 1908 2977 imos
1925 2944 1958 2977 Gt

1095 2983 1293 3025 turpissimos.
1339 2983 1449 3015 Refert
1470 2983 1654 3016 Bardesanes
1684 2985 1764 3026 apud
1788 2985 1958 3018 Eusebium

1094 3026 1222 3065 Praepar.
1251 3025 1398 3067 Euangel.
1421 3026 1461 3057 L.
1484 3025 1537 3056 VI.
1566 3026 1597 3057 C.
1624 3030 1653 3061 8.
1679 3027 1797 3059 multos
1811 3025 1867 3059 suo
1880 3035 1955 3059 tem-

1116 3076 1170 3112 ore
1190 3065 1293 3112 Persas
1316 3065 1407 3098 fuisse
1430 3067 1463 3098 in
1485 3066 1645 3109 AEgypto,
1668 3065 1820 3110 Phrygia,
1844 3068 1874 3100 &
1892 3065 1954 3098 Ga-

1095 3116 1167 3154 ·atia
1183 3130 1200 3153 ³.
1220 3116 1272 3148 qui
1297 3107 1539 3146 Romanorum,
1568 3107 1681 3149 quibus
1709 3107 1877 3148 suberant,
1914 3108 1955 3140 de

1091 3148 1217 3180 incestis
1249 3149 1367 3189 nuptiis
1401 3148 1500 3190 Leges
1522 3158 1587 3180 non
1610 3147 1790 3188 servabant3
1818 3150 1892 3182 item
1915 3158 1954 3182 ue

1092 3188 1222 3230 Gallos,
1257 3190 1369 3232 quibus
1396 3198 1488 3224 vetus
1518 3188 1564 3222 est
1595 3189 1661 3231 pati
1680 3190 1871 3230 muliebria,
1913 3200 1955 3223 ne

1907 3241 1953 3264 in-
