2008 3436
7 1584 10 1589 ·
23 1573 121 1607 bitrio
151 1570 218 1603 suo.

277 127 563 178 QUAEST.
618 124 839 173 JURIS
888 123 1241 167 PRIVATI,
1293 124 1552 164 LlB.I.C.ll.

36 209 87 241 rit.
132 207 271 240 Eandem
294 208 373 239 banc
399 206 462 238 esse
490 206 617 238 Curiam
644 204 710 244 ejus
732 204 899 236 Senatores

35 250 247 287 contendunt,
273 249 302 280 δε
318 257 422 280 amant
441 248 597 289 appellare
612 247 660 277 het
677 245 747 285 Hos
755 247 877 291 3gcrigt
888 269 897 284 ,

33 291 214 327 vocabulo,
245 290 328 330 quod
354 290 382 321 in
413 290 550 330 antiquis
573 294 812 326 monumentis,
844 287 899 318 nisi

34 331 122 364 sallat:
142 332 313 369 memoria,
336 331 412 362 mibi
440 340 503 362 non
530 328 680 361 occurrit.
726 327 772 358 Ec
797 327 897 359 uando

30 382 136 405 autem
153 372 275 404 Scabini
293 371 389 413 Hagae
408 372 528 403 fuerint
548 370 665 408 creati,
690 378 754 400 non
783 369 843 400 atis
862 370 896 400 li-

34 423 118 455 quet.
163 414 299 445 sculteti
322 414 352 446 &
374 413 578 445 scabinorum
603 411 724 443 mentio
741 409 842 442 exstat
865 411 897 442 in

31 455 200 497 privilegio
214 477 224 492 ,
248 455 332 495 quod
356 455 504 486 Albertus
527 453 660 484 Bavarus
685 451 822 492 flaganis
844 452 895 483 de-

30 497 77 529 dit
107 506 195 538 1370.
221 496 279 537 (4)
303 497 332 528 δε
361 505 400 526 ex
424 504 488 535 quo
512 503 675 535 poenarum
698 493 897 534 quarumdam

29 537 153 570 exaftio
173 537 369 579 permittitur
386 536 533 568 Sculteto
548 535 577 566 δι
594 534 752 573 Scabinis,
777 534 832 566 nili
854 544 898 566 ta-

32 589 103 612 men
131 578 246 611 Comes
264 600 275 616 ,
306 576 471 609 Comitissa
486 600 497 616 ,
529 585 681 608 eorumve
708 575 899 608 succcll'ores

30 621 127 661 Hagae
147 618 267 651 fuerint
286 617 469 660 praesentes,
490 627 566 650 tunc
582 618 665 649 enim
684 627 719 648 ea
734 617 899 648 cxaftionc

30 662 67 694 iis
82 661 290 693 interdicitur.
317 660 400 692 Ante
417 669 530 691 annum
555 663 645 691 1260.
660 659 812 691 Scabinos
830 658 894 690 Ha-

30 713 75 746 gae
92 701 184 734 fuisse
201 710 325 734 creatos
345 711 440 733 nemo
467 700 563 732 facile
587 701 693 739 dicet,
722 710 793 732 nam
817 700 895 731 adeo

29 744 134 778 tenuia
153 742 283 775 fuerunt
304 742 403 784 Hagae
422 742 530 781 initia,
554 749 588 773 ut
611 742 697 781 ejus,
721 751 780 782 qua
805 741 894 782 pagi,

28 795 142 819 nomen
159 794 261 826 neque
282 792 357 816 tunc
369 807 379 823 ‚
402 793 503 825 neque
520 792 611 815 antea
632 793 758 824 usquam
784 791 894 814 occur-

27 836 82 860 rat.
128 825 231 858 Prima
245 826 449 858 Scabinorum
467 825 607 863 mentm,
640 834 709 865 qua:
727 825 764 856 ad
785 832 894 855 manus

27 878 111 901 meas
130 868 293 907 pervenit,
317 866 361 899 est
381 868 411 898 in
433 865 659 904 instrumento,
683 866 764 906 apud
789 864 893 897 Scabi-

27 919 86 942 nos
106 909 253 951 Haganos
269 908 418 940 confecto
436 918 518 940 anno
544 917 635 949 1311.
658 907 734 947 (5)
759 907 811 937 ubi
831 905 893 937 Ha-

25 961 64 993 ga
81 951 142 991 jam
153 960 287 982 vocatur
306 951 410 988 Scede,
433 949 576 991 quamvis
601 948 791 989 aliquamdiu
811 946 894 989 post·

24 1001 61 1026 ea
78 993 171 1024 etiam
191 994 263 1034 pagi
280 992 408 1023 nomine
423 999 580 1022 occurrat.

69 1034 166 1076 Quod
185 1033 280 1065 Curia
302 1033 365 1071 ait,
389 1032 419 1063 se
441 1032 479 1063 ab
503 1041 586 1063 anno
607 1040 698 1071 1250.
723 1029 823 1071 Hagae
847 1030 892 1068 ju-

25 1074 161 1112 dicall'e,
185 1084 248 1106 non
269 1075 359 1106 aliter
383 1073 553 1111 intelliuic,
576 1081 669 1113 quam
690 1071 729 1102 de
746 1071 890 1111 judiciis,

25 1127 92 1159 quae
109 1116 162 1157 ipli
182 1114 360 1147 Graviones
377 1123 491 1145 exerce
515 1121 579 1145 ant.
615 1112 795 1144 Graviones
812 1110 892 1143 scili-

25 1167 97 1196 cet,
131 1165 165 1187 ut
191 1156 269 1188 olim
294 1156 456 1197 Principes
481 1155 640 1194 Romani,
672 1155 703 1186 in
727 1153 893 1185 confilium

26 1198 212 1233 adhibebant
229 1197 406 1229 Adfessores
417 1220 428 1236 ,
449 1206 585 1238 quorum
596 1195 766 1228 sententias
781 1194 892 1235 explo-

25 1242 132 1274 rabant
148 1241 178 1271 in
193 1239 328 1280 publicis
345 1239 541 1280 privatisque
564 1237 670 1269 caufis.
717 1236 763 1268 Hi
785 1235 894 1268 Adses—

24 1283 106 1316 sores
134 1281 321 1312 dicebantur
348 1280 476 1318 Roden,
499 1278 759 1320 quemadmodum
786 1277 893 1309 Adses-

25 1323 110 1358 sores
131 1322 160 1354 δε
180 1323 248 1362 jure
267 1322 411 1353 Romano
429 1321 559 1352 audiunt
584 1319 750 1358 Confiliarii
770 1319 799 1350 in
817 1319 837 1350 l.
861 1329 892 1360 3.

26 1365 62 1402 ὅ)
89 1374 136 1397 10.
164 1364 195 1395 C.
218 1365 251 1394 de
278 1363 421 1405 Adseffor.
446 1363 476 1394 δε
504 1361 738 1393 comitabantur
762 1360 894 1392 Gravio-

24 1416 115 1444 nem,
139 1405 319 1445 ubicunque
336 1413 420 1443 erat,
446 1404 475 1436 ὅ(
495 1412 689 1445 quocunque
714 1401 891 1444 proficisce-

23 1449 141 1485 batur,⁴
168 1455 204 1477 ut
227 1446 365 1478 consiliis
389 1446 450 1480 suis
480 1444 585 1486 presto
611 1444 720 1477 ess'cnt.
772 1443 893 1475 Eorum

25 1498 129 1522 tamen
155 1488 318 1520 sententiae
341 1497 405 1520 non
428 1486 691 1524 numerabantur,
723 1485 796 1523 sed,
819 1494 893 1517 cum

22 1529 224 1573 judicandum
241 1529 339 1568 esset,
365 1528 429 1570 ipse
452 1527 575 1559 Gravio
593 1528 752 1568 judicabat
778 1536 820 1558 ex
847 1536 892 1558 ar-

263 1571 477 1603 Audiebantur
505 1570 551 1601 illi
579 1569 780 1607 Confiliarii,
801 1578 838 1600 ut
861 1568 893 1599 in

23 1613 220 1655 Cognitione
243 1612 398 1653 Principis
423 1612 556 1644 Romani
579 1611 714 1651 eleganti
743 1610 893 1652 exemplo

23 1654 158 1689 illustrat
180 1654 355 1687 Marcellus
371 1654 402 1685 in
419 1653 440 1685 l.
458 1664 488 1695 3.
506 1653 546 1695 ff.
565 1654 599 1684 de
620 1653 701 1692 His,
723 1662 783 1695 quae
800 1654 834 1684 in
850 1658 891 1683 ce-

17 1695 105 1741 stam.
126 1696 233 1727 delent.
259 1695 328 1734 sed,
358 1703 394 1726 ut
416 1705 454 1727 ex
476 1695 572 1727 animi
596 1693 639 1726 sui
662 1694 817 1726 sententia
841 1693 892 1724 de-

23 1737 194 1771 cernebant
213 1736 422 1778 Imperatores
439 1736 573 1768 Romani
595 1738 622 1768 d.
642 1736 662 1767 l.
683 1746 713 1778 3.
734 1735 770 1771 ὅ)
787 1736 807 1767 l.
832 1735 891 1767 ult.

19 1779 59 1822 ff.
77 1781 111 1811 de
132 1778 208 1820 Jure
224 1778 302 1820 Fisc.
311 1778 354 1811 fic
373 1778 403 1810 ὅ(
415 1777 592 1810 Graviones
608 1777 772 1810 Hollandi.
796 1776 893 1809 Hunc

26 1821 224 1855 Gravionum
251 1829 325 1851 cum
350 1819 542 1852 consiliariis
567 1818 628 1851 suis
643 1818 818 1851 consessum
838 1819 893 1850 Cu-

23 1865 100 1897 riam
128 1861 276 1904 appellari
306 1861 409 1902 poss'e,
437 1862 467 1893 ὅ(
493 1861 535 1893 fic
553 1870 681 1902 quoque
702 1860 894 1902 appellatum

23 1903 134 1943 fuisse,
162 1903 269 1935 nullus
293 1904 385 1944 plane
405 1903 531 1934 dubito.
586 1902 654 1944 Ipsa
680 1901 893 1940 Machteldis,

25 1945 192 1984 wilelmi,
215 1944 430 1976 Romanorum
454 1944 568 1986 Regis,
593 1951 692 1976 mater
708 1944 741 1975 in
758 1943 894 1984 quodam

25 1987 197 2029 diplomate
217 1985 256 2026 (6
292 1986 435 2017 meminit
453 1986 565 2025 Curiae,
589 1995 682 2028 quam
698 1983 822 2016 Gravio
841 1984 893 2015 ha-

24 2029 92 2061 buit
119 2028 230 2060 Arenae
278 2027 387 2059 omitis
404 2026 480 2068 (7),
506 2028 537 2059 &
560 2028 652 2059 multi
682 2036 786 2058 rerum
810 2025 892 2057 Hol-

26 2069 219 2102 landicarum
234 2069 412 2109 Scriptores
436 2069 495 2110 (8)
513 2069 656 2108 tradunt,
680 2067 892 2106 wilelmum,

26 2118 150 2143 mutato
163 2110 330 2142 domicilio
347 2109 469 2152 Hagam
494 2109 681 2142 transtulisse
703 2109 894 2149 judiciorum

28 2151 151 2190 sedem,
178 2158 268 2192 quam
290 2151 401 2183 Arenae
430 2152 586 2184 habuerat.
632 2151 709 2183 Erat
731 2159 835 2182 autem
859 2159 895 2180 ea

28 2193 143 2231 Curia,
179 2201 214 2224 ut
237 2191 309 2224 satis
334 2193 557 2225 animadvertis
574 2216 585 2231 ,
615 2202 680 2225 non
707 2201 770 2224 tam
797 2190 895 2223 Curia

27 2233 230 2272 Hollandiae‚
252 2242 344 2272 quam
361 2233 453 2274 ipfius
471 2233 654 2266 Gravionis.

71 2275 131 2308 Sed
151 2274 280 2306 interest
295 2273 391 2314 scire,
415 2275 454 2306 de
475 2276 588 2316 quibus
603 2275 700 2307 caufis
721 2275 800 2307 olim
814 2273 894 2306 Gra-

26 2316 732 2399 32202225ssffffic‘e'ssflnsscfflt‘ffissssvffirss‘io‘?
752 2315 894 2390 aaa&

134 2376 138 2388 ι
307 2379 317 2394 ,
724 2381 733 2397 ,
882 2375 893 2381 -

29 2403 99 2432 bem
123 2398 272 2439 judicasse
296 2398 335 2428 de
362 2397 554 2437 Nobilibus,
578 2398 787 2437 Confiliariis‚
811 2399 893 2430 aliis-

30 2450 91 2481 que
106 2440 302 2472 officialibus
314 2462 325 2477 ‚
348 2440 400 2480 qui
418 2448 506 2472 erant
529 2441 561 2472 in
582 2440 661 2472 Aula
680 2441 710 2472 &
728 2439 894 2472 Comitatu

31 2482 95 2516 suo,
139 2480 211 2514 Hos
228 2480 422 2512 Gravionem
441 2481 570 2513 alterius
592 2481 799 2521 jurisdictioni
825 2480 893 2513 sub-

29 2523 133 2564 jecisse
148 2523 217 2564 quis
229 2523 335 2554 credat
347 2522 363 2554 ἱ)
387 2531 483 2563 atque
497 2523 528 2553 hi
549 2523 731 2562 Officiales‚
755 2522 819 2554 five
833 2532 895 2553 ma-

29 2564 131 2606 iores,
167 2563 230 2595 five
263 2564 400 2595 minores
417 2585 427 2601 ‚
467 2573 531 2595 uno
557 2564 716 2596 vocabulo
745 2563 895 2605 appellati

31 2605 101 2641 Sunt
118 2605 241 2638 Subditi
259 2604 447 2643 Gravionis,
465 2605 516 2637 vel
528 2605 651 2637 Subditi
669 2606 754 2638 illius
771 2605 897 2643 Curiae,

31 2656 122 2688 quam
142 2645 264 2677 Gravio
282 2647 315 2677 in
329 2645 494 2677 confilium
514 2647 702 2686 adhibebat,
723 2647 832 2687 Suppoo
847 2643 897 2677 len

32 2696 91 2721 van
107 2689 162 2718 den
186 2687 285 2718 Gra-ve
308 2687 341 2726 of
352 2697 413 2718 van
432 2688 488 2718 den
507 2688 603 2719 Hove.
651 2689 700 2720 Ad
725 2688 793 2720 haec
852 2697 896 2719 ra-

31 2729 84 2761 vio
105 2728 265 2769 judicabat
284 2728 323 2759 de
347 2728 442 2760 caufis
466 2730 734 2770 appellationum,
769 2732 800 2762 <Sc
826 2729 895 2762 aliis

32 2769 237 2812 quibusdam,
274 2778 345 2810 quae
372 2770 498 2809 majoris
535 2772 689 2803 momenti
716 2779 805 2802 erant
821 2794 831 2809 ,
866 2771 897 2803 ssc

33 2815 117 2849 bam,
129 2819 227 2852 puto,
246 2811 288 2842 ob
304 2809 426 2841 causam
444 2809 524 2852 saepe
543 2812 646 2843 adibat
662 2812 846 2844 Provincias
866 2812 897 2844 ὃ(

32 2851 134 2884 Urbes
147 2851 275 2892 meerii
292 2851 336 2883 sui
346 2873 356 2889 ‚
382 2859 417 2882 ut
433 2851 472 2882 de
487 2853 536 2884 his
556 2853 653 2885 caufis
668 2852 896 2896 cognosceret,

119 2983 133 3019 )
153 2984 251 3021 Ampel
273 2983 378 3020 Berigt.
399 2993 426 3021 p.
448 2992 493 3018 99.

121 3023 238 3088 jssApud
255 3022 290 3050 de
308 3023 422 3051 Riemer
432 3022 650 3060 ,Beffcbrywvan
665 3025 687 3053 ’s
694 3025 776 3063 Hage
788 3024 866 3054 Part.
876 3025 899 3055 I.

161 3082 166 3087 .
191 3069 217 3095 p.
238 3063 304 3095 832.

151 3097 253 3126 Ibidem
274 3099 350 3127 Part.
372 3101 393 3128 Ι.
417 3098 450 3128 Τ.
464 3097 493 3128 -1.
515 3099 545 3128 C.
567 3109 594 3136 4.
615 3109 643 3138 p.
659 3109 722 3136 107.

155 3137 175 3162 's
191 3137 387 3175 Gravenjande.

156 3173 238 3210 Apud
259 3175 293 3203 de
312 3176 429 3203 Riemer
447 3174 473 3203 d.
495 3176 541 3204 loc.
562 3177 591 3204 in
609 3177 700 3206 Notis.

154 3211 254 3242 Rerum
280 3213 423 3253 Burgund.
455 3214 490 3242 L.
508 3216 542 3243 V.
571 3216 602 3243 in
616 3215 705 3245 Carolo
720 3214 849 3253 Pugnan
868 3216 902 3244 ad

72 2983 110 3020 (4

41 3023 110 3057 .(5

62 3070 108 3088 om.

55 3101 130 3131 v(6)

72 3136 134 3172 (7)

73 3174 134 3210 (8)

75 3214 133 3248 (9)

1735 126 1802 176 golt

942 205 973 236 &
991 204 1126 246 reliquas
1140 204 1262 235 audiret
1278 205 1438 244 querelas,
1461 216 1529 246 quae
1546 208 1582 239 ad
1602 218 1671 241 cum
1687 205 1806 240 defere-

942 245 1063 277 bantur.
1086 245 1138 277 De
1156 245 1275 277 Carolo
1294 245 1461 286 Burgundo
1479 249 1545 279 liaec
1561 251 1720 281 memor-iffi
1734 260 1804 290 pro-

941 287 988 318 dit
1005 287 1124 318 Pontus
1149 286 1324 318 Heuterus:
1349 287 1407 328 (9)
1437 288 1526 318 Liber
1546 290 1598 319 hac
1623 292 1720 331 hyeme
1743 291 1802 321 Po„

940 338 1025 370 gnczx
1046 338 1065 359 a
1091 328 1190 367 Bello,
1224 328 1382 362 Brobantis
1406 327 1632 370 Harmonia—que
1653 333 1702 372 jus
1728 333 1804 362 cisce-

940 374 1011 408 lmt,
1043 375 1087 401 ter
1112 368 1241 411 singulis
1264 370 1481 401 hebdomadibus
1514 372 1591 401 inter
1624 372 1806 410 Coufiliarlor

935 409 1106 452 praeficlens,
1142 421 1177 441 ac
1193 417 1245 451 pro
1268 411 1366 451 infimo
1384 421 1546 453 quocunque
1566 435 1576 450 ‚
1605 418 1636 442 ut
1654 413 1703 454 jus
1720 414 1806 453 sitnm

940 454 1099 492 obtineret,
1124 462 1223 483 curam
1251 462 1350 494 agens.
1400 453 1501 494 Mense
1524 453 1628 494 Aprili
1647 455 1743 484 eodem
1772 456 1806 484 cle

941 493 1027 534 cailliz
1064 496 1096 525 in
1122 495 1329 525 occidentalem
1367 494 1543 525 Flarzdriam
1575 492 1615 535 est
1665 494 1807 535 rosetlus,

944 535 1046 576 listris&
1066 535 1153 578 Illajo
1172 536 1334 574 szduvz',
1360 535 1445 576 Julio
1464 536 1593 578 Brugis,
1651 535 1749 578 agusto
1774 538 1807 566 1'72

943 576 1107 608 Hollandia
1123 587 1157 608 ac
1179 576 1344 615 Zelandia,
1365 579 1472 608 mirum
1488 579 1521 608 in
1537 578 1667 615 modum,
1691 579 1740 608 hoc
1750 577 1805 616 far*

942 617 984 649 ᾶο
994 640 1005 656 ,
1028 618 1219 659 Popularimn
1231 618 1341 661 ergase
1359 628 1481 650 amorem
1497 629 1531 650 ac
1548 621 1742 650 reve-rentiam
1757 628 1805 649 ex·-

939 661 1046 691 citans.
1090 660 1205 691 Adibat
1220 683 1228 699 ‚
1262 668 1296 691 ut
1318 660 1382 691 dixi
1404 683 1413 698 ,
1448 658 1511 701 ipse
1534 660 1653 691 Gravio
1676 660 1807 692 Provin-

939 701 1003 732 cias
1023 700 1108 739 suas,
1133 711 1173 732 ne
1189 710 1280 741 eum,
1306 701 1397 732 bellis
1416 701 1497 742 saepe
1521 711 1730 743 occupatum,
1755 701 1805 732 hic

940 742 1005 773 illic
1027 741 1138 774 frustra
1155 751 1330 783 quaercrent
1351 742 1534 783 litigantes,
1557 744 1587 775 &
1608 744 1712 776 adibat
1734 752 1807 773 cum

940 782 1121 822 szfiliariz'r
1142 783 1221 822 suis,
1254 794 1333 825 quos
1354 783 1456 815 secum
1479 785 1632 823 ducebat,
1664 794 1807 826 quocun-

938 834 998 864 que
1018 825 1340 865 proficiscebatur-,ut
1359 825 1395 857 iis
1411 825 1563 858 consultis
1582 827 1681 858 tutius
1699 827 1727 858 δε
1743 835 1806 858 me-

938 866 994 898 lius
1009 868 1203 899 decerneret.
1249 867 1292 899 Hi
1312 866 1487 898 Consiliurii
1508 869 1573 908 ejus
1593 869 1711 899 Curiam
1728 877 1802 899 con-

936 906 1122 947 stituebant,
1154 910 1184 940 ὅς
1208 908 1275 940 haec
1301 907 1395 939 Curia
1416 910 1502 948 erat,
1536 909 1715 950 ubicunque
1739 917 1807 940 erat

935 948 1067 981 Gravio.
1114 950 1218 982 Etiam
1238 949 1401 990 Philippus
1417 951 1616 993 Burgundus,
1644 961 1677 982 ut
1694 953 1725 983 in
1740 951 1806 991 ejus

935 990 999 1020 vita
1018 992 1128 1023 retulit
1146 991 1265 1023 Pontus
1282 991 1462 1030 chterus,
1479 993 1560 1033 (10)
1575 991 1737 1033 postquam
1753 1002 1805 1023 an-

934 1040 977 1062 no
991 1040 1080 1071 1455.
1105 1033 1290 1072 Supremam
1308 1031 1438 1072 justitiae
1456 1032 1638 1065 Concilium
1656 1033 1805 1066 instituis-

935 1071 1003 1109 set,
1016 1073 1229 1113 stmmsemper
1249 1073 1402 1105 Senatores
1418 1074 1516 1104 aulam
1525 1074 1610 1116 sequi
1627 1076 1803 1112 volmsst‚lmc

935 1115 1048 1146 ratione
1075 1115 1259 1145 Suadam-mn
1290 1115 1373 1154 lites,
1398 1115 1589 1155 appellatione
1616 1118 1804 1158 cogniturus,

935 1165 970 1186 ac
988 1165 1049 1197 quae
1066 1157 1192 1199 alicujus
1199 1156 1305 1197 forent
1320 1158 1479 1195 momenti,
1496 1156 1551 1198 silo
1572 1159 1683 1199 judicio
1696 1156 1804 1197 finitu-

935 1207 993 1228 rus.
1039 1198 1137 1229 Rec‘te
1154 1206 1187 1229 ut
1208 1197 1386 1237 Heuterus‚
1412 1208 1449 1229 ex
1466 1199 1678 1239 appellatione,
1705 1208 1806 1240 neque

935 1239 1019 1270 enim
1039 1237 1180 1278 Gravio,
1207 1241 1257 1279 'Jus
1279 1239 1437 1277 dicturus,
1459 1241 1648 1281 occupavit,
1679 1239 1808 1271 ubicun-

935 1287 997 1321 que
1022 1281 1219 1320 morabatur,
1250 1281 1495 1321 jurisdictionem
1522 1291 1651 1320 eorum,
1683 1282 1734 1323 qui
1761 1277 1804 1312 ibi

935 1322 1009 1354 lites
1027 1321 1238 1361 definiebant,
1261 1331 1323 1354 non
1348 1321 1392 1353 ibi
1410 1331 1535 1354 omnem
1557 1323 1805 1363 jurisdictionem

934 1364 990 1396 fibi
1015 1363 1204 1405 adrogabat,
1233 1362 1285 1395 sed
1310 1362 1500 1405 superiorem
1526 1364 1697 1403 duntaxat,
1724 1363 1803 1396 infe-

935 1405 1019 1436 riore
1042 1405 1149 1436 relitta
1170 1405 1224 1443 iis,
1250 1405 1303 1446 qui
1328 1414 1395 1436 earn
1415 1404 1614 1438 exercebant.
1669 1406 1712 1438 Et
1736 1414 1802 1437 tan-

935 1454 1002 1478 tum
1020 1445 1121 1486 abest,
1147 1454 1182 1478 ut
1204 1446 1382 1478 Graviones
1404 1456 1532 1479 omnem
1556 1447 1804 1487 jurisdifflonem

933 1487 987 1520 fibi
1006 1488 1188 1527 tribuerint,
1216 1496 1251 1519 ut
1269 1488 1373 1520 Maria
1390 1488 1554 1529 Burgunda
1572 1489 1604 1520 in
1623 1488 1650 1530 §.
1671 1499 1702 1529 5.
1729 1488 1804 1520 LL.

934 1540 1004 1571 quas
1030 1529 1192 1561 Hollandis
1214 1529 1251 1565 ὅ)
1269 1529 1411 1561 Zelandis
1434 1531 1514 1561 dedit
1535 1534 1625 1571 1476.
1650 1530 1724 1562 huic
1749 1529 1804 1577 ipsi

935 1571 1063 1609 Curiae,
1085 1581 1155 1613 quae
1174 1570 1376 1613 Magistratui
1397 1570 1532 1613 Hagano
1550 1571 1741 1604 omnimodae
1758 1580 1805 1611 Ju-

935 1613 1125 1645 risdietionis
1148 1612 1396 1645 controversiam
1422 1619 1551 1651 movet,
1582 1613 1806 1651 interdixerit,

934 1664 974 1687 ne
990 1653 1093 1686 statim
1105 1677 1116 1693 ,
1139 1660 1183 1686 ter
1208 1652 1317 1696 eersten
1341 1652 1483 1694 inflantie
1495 1677 1506 1693 ,
1527 1654 1720 1696 cognoscere
1736 1654 1802 1686 vel-

935 1697 981 1728 let
1000 1695 1039 1727 de
1056 1695 1166 1734 causa,
1192 1705 1260 1737 quae
1280 1696 1318 1727 ad
1336 1695 1471 1728 Urbium
1487 1695 1804 1738 Pagorumquejuris-

935 1737 1107 1770 distionem
1124 1738 1162 1769 ab
1178 1737 1273 1769 initio
1290 1738 1440 1779 pertinet.
1483 1736 1639 1769 Dubitavi
1667 1737 1803 1778 aliquan-

936 1780 996 1819 do,
1019 1789 1057 1812 an
1080 1788 1144 1811 non
1170 1779 1265 1811 etiam
1296 1778 1437 1818 Gravio‚
1469 1779 1649 1820 ubicunque
1673 1778 1749 1810 effer
1773 1779 1806 1811 in

937 1820 1112 1853 Hollandia
1144 1821 1198 1852 vel
1222 1820 1371 1853 Zelandia
1387 1844 1396 1860 ,
1429 1820 1621 1862 judicaverit
1650 1820 1689 1852 de
1713 1820 1809 1852 caufis

937 1862 1150 1896 criminalibus
1165 1885 1176 1902 ,
1213 1872 1279 1904 quo
1298 1861 1343 1894 fic
1364 1886 1373 1901 ,
1406 1862 1475 1903 ipso
1501 1862 1653 1903 praesente
1667 1886 1677 1901 ,
1711 1861 1806 1893 ceffa-

937 1904 1020 1935 verit
1036 1904 1128 1936 Ballii
1154 1904 1207 1936 vel
1229 1904 1364 1936 Sculteti
1390 1904 1551 1942 officium,
1582 1904 1633 1945 qui
1661 1903 1805 1943 alioquin

936 1955 1009 1977 eum
1030 1944 1300 1987 repraesentab'ant.
1346 1945 1526 1984 Movebat,
1556 1945 1643 1986 quod
1668 1944 1803 1976 Gravio-

936 1996 1011 2024 nes,
1034 1987 1099 2019 fine
1116 1987 1347 2028 appellatione,
1373 1986 1454 2027 saepe
1466 1987 1505 2018 de
1523 1986 1707 2018 criminibus
1727 1986 1807 2026 judi-

936 2028 1055 2067 carint,
1078 2029 1167 2068 cujus
1184 2028 1228 2059 rei
1248 2027 1370 2060 illustre
1385 2028 1565 2069 exemplum
1585 2027 1684 2061 'exstat
1700 2028 1731 2058 in
1749 2027 1807 2059 Ca-

935 2070 1008 2101 rolo
1024 2070 1214 2111 Burgundo,
1237 2069 1272 2111 (1
1283 2069 1319 2110 1)
1342 2070 1372 2102 ὃς
1385 2070 1470 2116 quod
1490 2070 1520 2101 in
1536 2069 1726 2111 privilegio,
1739 2068 1804 2100 Ha-

937 2111 1024 2152 ganis
1042 2111 1116 2143 dato
1135 2120 1225 2153 1370·
1269 2111 1405 2143 Sculteti
1420 2110 1561 2142 officium
1584 2109 1804 2152 suspendatur,

937 2154 958 2185 1i
976 2152 1063 2184 forte
1087 2151 1208 2184 Gravio
1235 2152 1277 2184 ibi
1306 2153 1454 2184 haereret:
1488 2152 1518 2184 &
1549 2153 1633 2193 quod
1656 2152 1803 2183 Albertus

937 2194 1075 2225 B'avarus
1104 2193 1136 2226 in
1162 2194 1296 2234 quadam
1326 2193 1480 2226 sententia
1497 2216 1507 2231 ,
1538 2203 1587 2234 25.
1613 2193 1684 2225 Oc‘t.
1713 2202 1801 2234 1399.

938 2235 1021 2273 lata,
1044 2234 1126 2276 (12)
1149 2235 1288 2274 dixerit,
1321 2236 1373 2266 (lat
1393 2237 1427 2266 de
1455 2234 1552 2266 Heere
1578 2236 1611 2266 de
1637 2234 1807 2266 Vreaemar

938 2277 1076 2319 beregten
1092 2276 1159 2315 καὶ,
1182 2277 1217 2317 of
1227 2286 1323 2318 zynen
1339 2276 1464 2308 Bailliu.
1509 2276 1568 2308 Sed
1587 2276 1620 2307 in
1632 2285 1665 2307 re
1685 2276 1806 2307 incerta

937 2318 1017 2350 nihil
1034 2318 1113 2349 certi
1129 2317 1223 2349 aufim
1241 2318 1461 2359 pronunciare.

979 2358 1041 2391 His
1058 2359 1101 2390 ita
1121 2358 1304 2391 constitutis
1318 2367 1514 2391 revertamur
1524 2358 1561 2390 ad
1579 2357 1682 2400 Hagae
1699 2359 1804 2397 initia,

937 2410 1006 2442 quae
1022 2400 1091 2432 sane
1106 2400 1183 2431 adeo
1199 2401 1305 2432 tenuia
1323 2399 1452 2431 fuerunt
1458 2409 1514 2438 ,ut
1532 2407 1604 2430 ante
1619 2399 1807 2431 exsti-naam

936 2451 953 2473 a
976 2441 1131 2473 Wilelmo
1144 2442 1246 2473 aulam
1264 2450 1327 2472 non
1343 2449 1489 2481 appareat
1505 2441 1568 2472 ulla
1585 2440 1626 2470 ibi
1653 2439 1806 2472 exstructa

936 2482 1030 2514 fuisse
1049 2482 1190 2514 aedificia.
1235 2481 1328 2513 Unde
1344 2481 1470 2522 quidam
1496 2481 1623 2513 tradunt
1642 2481 1754 2513 Aulam
1772 2482 1807 2513 il-

937 2524 998 2555 lam
1023 2522 1116 2554 fuisse
1140 2522 1327 2555 exstruCtam
1345 2524 1379 2553 in
1405 2522 1530 2563 deserto,
1563 2521 1689 2562 quidam
1717 2523 1808 2562 juxta

938 2564 1083 2606 Hagam,
1105 2573 1170 2605 quo
1188 2564 1347 2595 vocabulo
1364 2563 1453 2595 forte
1468 2564 1658 2604 appellatum
1683 2564 1727 2596 est
1754 2574 1806 2596 ne-

939 2615 1031 2643 mus,
1052 2605 1137 2646 quod
1162 2605 1265 2646 Hagae
1292 2605 1451 2643 adhaeret3
1477 2614 1547 2636 nam
1572 2614 1613 2635 ex
1635 2604 1705 2643 sede
1728 2605 1806 2637 Gra-

939 2647 1045 2678 vionis
1075 2646 1187 2678 deinde
1209 2644 1334 2677 acceffit
1360 2646 1532 2687 appellatio
1559 2645 1658 2688 Hagae
1688 2647 1807 2678 Comitis

938 2688 1004 2720 five
1019 2687 1118 2729 Hagae
1144 2686 1351 2726 Comitatenfir.
1397 2686 1458 2726 Et,
1485 2687 1505 2719 fi
1532 2686 1616 2718 sedes
1640 2687 1681 2718 ibi
1708 2688 1807 2719 cletta

938 2729 976 2761 fit
999 2729 1036 2760 ad
1054 2729 1249 2768 venandum,
1280 2737 1316 2760 ut
1335 2728 1425 2767 sunt,
1459 2728 1513 2769 qui
1533 2727 1690 2766 scribunt,
1716 2729 1806 2760 locus

939 2770 1051 2811 utique
1075 2769 1212 2802 desertus
1228 2779 1321 2811 quam
1344 2770 1476 2801 maxime
1501 2769 1663 2799 venationi
1683 2768 1727 2800 est
1751 2779 1807 2810 tp-

940 2819 1102 2852 portunus.
1148 2812 1208 2843 Sed
1231 2811 1379 2852 quicquid
1403 2810 1469 2849 ejus·
1494 2810 1537 2840 rei
1563 2809 1618 2847 fit,
1651 2810 1808 2842 adsentor

940 2853 998 2892 iis,
1021 2853 1076 2895 qui
1093 2852 1291 2889 existimant,
1314 2851 1446 2884 aedificia
1471 2851 1617 2888 demum,
1640 2850 1806 2924 postdcon-

1729 2901 1805 2924 itam

941 2988 1054 3016 Annum
1077 2991 1160 3021 1469.
1389 3011 1392 3014 .
1553 3006 1555 3009 .

980 3027 1058 3063 (10)
1079 3026 1179 3053 Rerum
1207 3021 1349 3059 Burgund.
1376 3020 1412 3049 L.
1434 3020 1470 3050 11.
1491 3022 1520 3049 in
1539 3019 1659 3058 Philippo
1683 3020 1754 3051 Bono
1774 3022 1808 3051 ad

941 3065 1051 3093 Annum
1074 3070 1169 3097 1455μ

987 3102 1065 3138 (11)
1087 3102 1194 3128 Pontus
1220 3099 1362 3127 Heuterus
1385 3097 1485 3125 Rerum
1504 3097 1646 3134 Burgund.
1667 3097 1701 3127 L.
1722 3099 1758 3129 V.
1779 3100 1808 3127 in

943 3140 1032 3168 Caulo
1053 3139 1180 3173 Pugnace
1199 3137 1233 3165 ad
1251 3137 1361 3164 Annum
1383 3140 1466 3169 1469.

980 3177 1063 3214 (12)
1083 3176 1286 3204 Oudenhoven
1307 3173 1534 3210 Zuyd—Holland
1554 3182 1582 3211 p.
1605 3180 1669 3208 530.

1053 3263 1149 3305 Pas
