2008 3436
165 91 234 136 362
417 87 821 125 CORNELII
892 97 1000 124 van

773 186 1130 223 CAPUT

1073 85 1673 138 BYNKERSHOEK

1228 184 1312 221 IX.

217 273 271 309 De
295 272 486 320 expositione
511 273 695 319 infantum,
724 274 834 314 licita,
860 285 900 307 em
929 274 1045 308 illicita
1071 272 1156 318 Jzaere
1180 272 1421 309 Pandeflarum.
1471 271 1710 318 Repetitionem
1734 273 1883 321 equfin-

362 336 431 359 rum
448 349 461 368 ,
486 323 623 370 refufis,
650 325 705 358 vel
727 335 785 357 non
811 321 927 367 reficlis
955 324 1117 358 alimentis
1134 351 1144 365 ‚
1170 324 1254 357 nihil
1276 324 1334 357 huc
1357 323 1533 368 pertinere.

1585 320 1653 367 Jus
1677 333 1729 356 no-

584 385 678 416 vum,
705 372 784 417 quod
807 372 849 405 ad
874 370 1055 417 expositos,
1087 384 1131 406 an
1158 384 1178 406 a
1203 373 1307 406 veteri
1333 371 1512 418 discrepet?

175 467 178 470 ’
230 470 334 503 xstant
363 470 443 510 apud
463 465 651 510 Dionysium
673 465 939 499 Halicarnaffeum
960 466 1032 499 duae

252 511 351 550 Leges
380 511 506 542 Romuli
543 511 580 540 de
601 517 700 549 patria
746 507 879 539 otestate
901 507 1029 539 Civium

164 554 389 587 Romanorum.
436 552 569 583 Primam
612 550 682 589 lego
744 573 752 580 .
780 548 821 580 II.
859 555 890 589 p.
915 559 954 580 m.
977 553 1028 583 88.

161 604 261 636 eaque
285 593 455 631 Romulus,
477 600 541 632 quo
567 589 739 622 Civitatem
758 598 905 631 augeret,
929 589 1030 630 justit,

162 644 200 667 ut
224 636 354 676 quisque
385 634 512 664 tolleret
541 632 570 663 ἃ
603 631 749 662 educaret
770 631 891 672 prolem
911 630 1027 662 mascu-

161 677 245 715 lam,
279 677 308 707 &
341 684 380 705 ex
409 673 532 705 filiabus
559 672 819 713 primogenitam,
845 672 875 704 &
898 681 937 703 ne
960 672 1029 712 quis

162 717 300 749 triennio
325 716 495 752 minorem,
517 722 580 744 non
604 711 834 750 monstrosum,
857 713 1029 744 occideret.

161 754 413 796 Circumscripfit
446 756 502 786 hac
534 753 618 795 Lege
644 754 775 795 patriam
813 753 1000 794 potestatem
1018 776 1029 792 ‚

160 808 268 836 antea,
291 805 326 828 ut
349 797 493 835 videtur,
517 795 645 826 liberam
667 795 851 836 legibusque
875 794 1028 832 solutam3

161 838 214 873 sed
237 847 315 869 vero
333 861 344 876 ‚
375 835 429 868 sub
461 835 528 877 ipso
560 836 720 874 Romulo,
744 845 884 867 veterem
903 836 1028 867 liberta-

162 888 226 913 tem
249 879 431 925 Quiriti··=us
451 877 544 909 fuisse
561 877 712 909 redditam
731 886 916 918 argumento
935 877 979 909 est
1001 886 1030 908 e-

160 921 279 961 jusdem
310 919 437 952 Romuli
473 929 556 950 nova
590 919 656 950 Lex
677 943 686 958 ‚
725 917 881 961 Dionysio
917 918 1031 950 deinde

161 970 334 994 memorata
362 962 390 993 d.
422 960 462 992 L.
487 959 524 992 11.
543 967 575 1000 p.
606 970 643 992 m.
666 963 716 997 96.
744 960 799 991 hac
823 960 906 992 enim
929 958 1030 1001 poste·

161 1003 247 1034 riore
282 1003 479 1043 omnigenam
519 999 623 1032 rursus
662 1006 849 1042 potestatem
891 1001 1031 1043 patribus

162 1043 314 1076 conceffit
347 1042 560 1081 decernendi,
593 1050 628 1074 ut
658 1042 836 1082 videretur,
860 1043 891 1075 111
916 1042 1031 1074 liberos

161 1086 377 1126 cujuscunque
408 1085 510 1116 aetatis
543 1084 594 1115 vel
626 1083 835 1123 conditionis,
869 1093 925 1116 eos
944 1083 1030 1115 occi-

162 1126 278 1165 dendi,
299 1126 474 1163 vendendi,
498 1125 528 1157 &
547 1124 568 1157 si
590 1124 664 1165 quid
688 1125 749 1156 illis
773 1125 861 1166 pejus
880 1124 936 1157 est.
970 1124 1031 1156 Ex-

161 1168 324 1199 hibuimus
344 1166 406 1208 ipsa
428 1167 523 1197 verba
546 1165 640 1206 Legis
667 1166 699 1197 C.
726 1165 748 1197 I.
777 1167 806 1197 ἁ
830 1167 1032 1207 probavimus

164 1209 199 1240 C.
227 1207 264 1240 II.
285 1208 364 1239 hanc
388 1208 433 1240 Le
456 1217 526 1246 em,
559 1206 764 1248 posteriorem
788 1217 919 1248 nempe,
940 1206 1032 1238 fuisse

158 1248 310 1281 insertam
336 1248 410 1280 XII.
436 1250 440 1256 '
471 1248 592 1287 abulis,
616 1248 875 1288 quemadmodum
897 1248 1033 1279 rotunde

161 1290 246 1322 dixit
276 1289 460 1332 Dionysii-18.
505 1289 612 1330 thue
640 1289 683 1319 ita
715 1287 868 1327 nesciam,
893 1298 952 1329 qua
971 1288 1032 1319 fide

161 1331 392 1373 Interpretibus
453 1330 611 1362 uinusdam
649 1329 803 1369 placuerit
842 1330 1002 1361 adfirmare
1020 1353 1031 1369 ‚

161 1374 300 1415 priorem
325 1372 409 1404 illam
462 1380 549 1413 egem
573 1370 665 1402 fuisse
685 1377 804 1410 partem
825 1369 901 1402 XII.
924 1370 1030 1402 Talin.

162 1423 261 1455 quum
292 1413 369 1445 nihil
401 1412 467 1452 eJus
496 1412 590 1452 Legis
624 1410 722 1441 fuerit
744 1412 774 1442 in
799 1411 846 1442 his
871 1411 1006 1443 Tabulis
1022 1434 1034 1451 ,

163 1455 220 1487 nisi
251 1455 282 1486 id
311 1453 398 1485 forte
428 1460 523 1494 caput
543 1475 554 1490 ,
576 1452 659 1493 quod
682 1452 721 1482 de
743 1461 834 1493 partu
857 1452 1033 1485 monstroso

163 1496 248 1537 egit,
273 1503 458 1536 quamquam
498 1502 556 1526 nec
579 1494 618 1525 de
641 1502 680 1524 eo
705 1492 777 1524 satis
796 1496 936 1526 constet:
961 1503 1031 1526 nam

162 1537 245 1569 aliud
269 1537 337 1568 Lex
359 1535 515 1573 Romuli,
537 1534 621 1566 aliud
645 1534 713 1566 Lex
739 1534 970 1567 Decemviralis
993 1535 1032 1567 de

162 1577 309 1610 monstris
341 1576 468 1608 videtur
500 1575 707 1617 praecepiffe,
742 1584 777 1607 ut
809 1577 880 1618 Cap.
897 1579 1032 1618 proximo

162 1619 257 1650 latius
277 1617 447 1650 ostendam.
493 1617 551 1649 Sed
583 1617 654 1648 inde
675 1616 764 1649 causa
788 1619 921 1658 erroris,
947 1617 1032 1659 quod

163 1659 354 1700 Interpretes
374 1659 420 1690 illi
443 1659 574 1699 primam
599 1659 628 1691 ἃ
652 1658 814 1690 secundam
832 1657 948 1700 Legem
968 1659 1030 1691 Ro-

160 1701 240 1734 muli
263 1710 326 1733 non
347 1699 567 1738 distinxerint,
592 1700 622 1731 ὅ(
644 1700 728 1741 quod
746 1700 786 1731 de
801 1698 935 1732 secunda
955 1700 1031 1732 dun-

163 1749 252 1775 taxat
275 1751 385 1774 verum
408 1740 472 1780 est,
497 1741 627 1782 primae,
653 1742 680 1772 ei
707 1750 745 1772 ue
773 1746 951 1783 abrogatae,
980 1742 1033 1774 tri-

163 1783 301 1816 buerint.
345 1781 396 1814 De
428 1782 560 1814 secunda
591 1782 645 1814 illa
693 1783 751 1814 atis
772 1782 924 1825 superque
943 1782 1033 1825 supra

163 1824 325 1863 diximus,
358 1831 422 1855 tam
461 1823 545 1865 quod
568 1823 604 1854 ad
626 1833 752 1863 necem,
777 1834 869 1865 quam
891 1825 975 1866 quod
994 1824 1032 1857 ad

161 1866 400 1903 venditionem
431 1874 489 1896 nec
511 1864 715 1896 dubitandum
743 1865 811 1905 est,
832 1866 907 1907 quin
932 1875 973 1898 ex
996 1876 1032 1897 ea

163 1916 289 1948 quoque
310 1906 437 1938 licuerit
460 1905 596 1937 infantes
619 1909 645 1936 a·
658 1906 755 1946 jicere
784 1908 814 1939 ἃ
844 1907 1005 1948 exponere
1020 1929 1031 1946 ,

163 1950 194 1980 r&
240 1948 342 1979 uidem
367 1946 563 1988 promiscue,
585 1947 747 1979 monstrosi
767 1948 884 1988 essent,
910 1958 1030 1988 necne,

164 1990 196 2021 ὅ(
229 1998 282 2021 1νο
302 1988 402 2020 adhuc
425 1998 442 2019 a
465 1997 563 2019 matre
587 1989 756 2028 rubentes,
788 1990 851 2023 sive
870 1991 1031 2029 anniculi,

164 2030 229 2063 five
254 2029 382 2068 bimuli,
405 2028 467 2061 sive
492 2029 631 2067 trimuli,
653 2029 716 2061 five
738 2031 866 2063 alterius
900 2032 1002 2063 aetatis
1021 2052 1034 2070 ‚

164 2081 233 2113 quae
254 2071 284 2102 in
308 2069 535 2110 expositionem
555 2070 649 2102 cadit.
694 2072 775 2104 Satis
797 2072 828 2104 id
849 2072 920 2103 inde
941 2068 1031 2114 appa-

164 2121 235 2151 ret,
258 2111 343 2153 quod
373 2111 473 2142 minus
502 2110 538 2142 sit
567 2120 745 2152 exponere,
776 2123 867 2155 quam
890 2123 1003 2145 necare
1022 2135 1034 2151 ‚

166 2154 197 2187 ἃ
217 2154 300 2194 quod
317 2175 328 2190 ,
354 2152 404 2182 cui
434 2153 504 2192 plus
533 2152 630 2191 licet,
659 2154 754 2185 etiam
777 2155 871 2186 licere
893 2155 1003 2186 debeat
1023 2177 1035 2193 ,

164 2195 250 2236 quod
272 2194 374 2233 minus
394 2191 456 2232 est,
482 2194 565 2232 imo,
587 2193 607 2224 si
626 2194 708 2225 reste
725 2196 806 2226 verti
824 2194 936 2227 Graeca
953 2195 1033 2227 Dio-

165 2235 245 2277 nysii
272 2236 300 2266 d.
333 2234 363 2265 C.
402 2235 422 2265 1.
463 2235 648 2266 nominatim
678 2245 803 2277 quoque
834 2237 988 2269 Romulus
1013 2237 1034 2268 i-

165 2278 250 2318 psam
291 2275 521 2316 expositionem
555 2275 717 2316 permisit,
757 2286 791 2309 ut
828 2277 1035 2319 permiserunt

165 2318 277 2351 deznde
301 2316 504 2354 Decemviri,
526 2316 644 2358 Legem
664 2318 792 2350 Romuli
823 2327 1014 2360 repetentes.

209 2359 318 2392 Fidem
347 2366 430 2389 nunc
458 2356 549 2388 solvo
567 2381 577 2396 ,
605 2360 635 2390 <St
656 2369 716 2400 ago
737 2359 881 2401 singulari
905 2360 980 2392 loco
996 2360 1036 2391 de

165 2400 363 2441 expolitione
387 2397 561 2438 infantum,
587 2398 638 2431 sed
661 2410 700 2432 ne
719 2401 881 2443 exspecta,
913 2410 949 2433 ut
971 2401 1034 2433 hoc

165 2449 413 2483 argumentum,
445 2449 503 2480 qua
537 2441 599 2472 late
619 2450 729 2482 patet,
755 2444 957 2484 pertractem,
981 2442 1036 2474 alii

167 2485 200 2517 id
222 2482 293 2514 data
314 2489 408 2521 opera
428 2490 579 2521 egerunt,
608 2485 637 2514 ὅ(
661 2484 712 2515 νο1
736 2485 871 2515 maxime
894 2484 1035 2525 Alphon-

169 2526 219 2559 sus
243 2533 261 2554 a
281 2521 422 2554 Caranza
444 2526 477 2552 de
494 2522 591 2554 Paria
609 2525 740 2556 natm-ali
759 2526 940 2568 &legitimo
961 2526 1033 2566 Cap÷

169 2566 227 2599 lv.
248 2563 333 2605 quod
354 2560 399 2593 est
413 2564 447 2608 de
460 2569 551 2602 partu
571 2564 704 2604 exposito.
748 2567 821 2598 Sola
840 2567 931 2598 nobis
948 2566 985 2598 lis
1003 2576 1034 2596 e-

169 2607 211 2640 rit
228 2614 301 2638 cum
319 2604 356 2635 iis
363 2625 383 2649 2.
395 2613 447 2644 qui
474 2602 628 2636 infantum
655 2607 883 2648 expolitionem
901 2607 1034 2648 impuni-

170 2657 234 2680 tam
248 2644 341 2691 fuiffe
358 2652 444 2690 aiunt
461 2645 499 2675 ad
525 2654 622 2689 usque
646 2646 913 2680 Constitutionem
935 2649 1032 2689 Impp.

170 2687 384 2721 Valentiniani
403 2708 414 2724 ‚
443 2684 606 2724 Valentis,
634 2687 664 2718 δι
689 2687 829 2719 Gratiani
848 2690 880 2720 in
903 2690 922 2720 l.
938 2693 978 2727 >8.
1000 2690 1032 2720 C.

170 2732 208 2763 ad
237 2729 280 2761 L,
310 2727 423 2759 Cornel.
454 2727 487 2757 de
510 2725 601 2766 ficar.
621 2728 673 2760 vel
695 2729 732 2760 ad
755 2729 864 2768 aliam,
889 2739 960 2770 quae
983 2739 1035 2760 eo-

172 2771 301 2803 rundem
329 2768 508 2808 Principum
536 2769 604 2807 eit,
636 2768 667 2800 in
696 2770 716 2801 l.
742 2780 770 2802 2.
803 2771 834 2801 C.
858 2771 891 2801 de
917 2770 1035 2810 Infanr.

172 2810 288 2853 exposzt.
318 2810 399 2841 liber.
429 2808 465 2844 &2⁵
483 2809 571 2850 serve
600 2809 637 2845 ὅ)
668 2812 701 2842 de
728 2811 772 2842 his
799 2812 847 2852 qui
860 2811 1033 2884 {fingamus

173 2859 252 2884 aiutr.
274 2856 370 2891 accep,
423 2849 471 2882 lta
499 2849 628 2882 censent
661 2852 728 2883 Viri
753 2851 834 2884 Clar.
890 2853 982 2893 ipiius
1005 2854 1035 2884 &

173 2893 337 2926 Noodtius
361 2891 398 2923 iis
423 2891 521 2929 locis,
542 2901 610 2932 quae
636 2893 706 2934 Cap.
726 2894 847 2934 praeced.
867 2894 972 2925 attuli.
1009 2893 1035 2925 l-

174 2933 279 2966 saacus
319 2941 445 2974 quoque
473 2930 673 2965 Casaubonus
703 2934 740 2965 ad
781 2935 899 2966 Simon.
932 2935 1033 2966 Claud.

175 2976 209 3006 C.
231 2973 341 3006 XXV.
369 2973 419 3013 jus
447 2974 624 3014 exponendi
660 2984 723 3007 non
751 2983 872 3008 tantum
895 2976 1037 3017 porrexit

175 3015 213 3045 ad
245 3023 386 3056 tempora
414 3014 595 3056 Principum
626 3014 896 3055 Christianorum,
929 3016 985 3049 sed·
999 3025 1038 3049 ne

177 3055 404 3101 tunc-quidem
424 3078 435 3094 ,
464 3055 518 3087 nisi
549 3055 649 3088 1136111
679 3059 851 3099 temporis,
883 3058 1037 3090 sublatum

176 3095 284 3128 scribit
303 3116 315 3140 3,
344 3105 438 3127 unice
470 3105 648 3136 provocans
680 3099 717 3130 ad
751 3099 810 3131 Tic.
838 3100 903 3131 Cod.
929 3100 983 3131 Th.
1005 3101 1041 3131 de

176 3133 343 3180 Expgifitzs,
373 3136 410 3166 de
442 3146 506 3176 quo
538 3147 613 3169 mox
646 3139 706 3170 crit
733 3140 910 3172 dicendum.
953 3140 1037 3172 Mihi

175 3184 273 3220 magis
299 3175 403 3214 placet
429 3176 581 3210 sententia
605 3178 758 3221 Alphonsi
795 3190 813 3212 a
839 3181 978 3218 Caranza
1008 3182 1038 3214 d.

1074 467 1105 498 C.
1128 465 1182 499 IV.
1209 466 1285 499 δεδι.
1307 467 1330 499 Ι.
1364 476 1394 499 n.
1421 472 1472 502 80.
1499 467 1706 500 existimantis
1722 487 1733 506 ,
1763 465 1836 508 Jure
1857 467 1932 502 Pan·

1072 508 1227 539 deelarum
1254 508 1483 549 expositionem
1513 509 1668 541 infantum
1711 518 1821 540 revera
1842 508 1934 542 fuisse

1073 552 1246 581 coercitam
1262 572 1271 587 ‚
1302 549 1323 580 si
1349 558 1413 581 non
1434 559 1537 590 certa,
1560 549 1805 582 extraordinaria
1825 558 1934 591 utiquc

1072 599 1181 631 poena,
1216 590 1266 620 vel
1290 590 1422 629 majori,
1453 592 1505 623 vel
1520 592 1656 630 minori,
1678 599 1712 622 ut
1729 600 1814 623 mors
1835 589 1934 623 subse·

1072 639 1186 671 quuta,
1212 629 1265 661 vel
1281 639 1344 662 non
1362 630 1566 672 subsequuta,
1591 641 1624 665 ut
1641 640 1762 674 patrum
1778 641 1937 673 exponen·

1073 672 1153 703 tium
1175 680 1195 702 0
1219 679 1250 702 es
1278 672 1329 702 vel
1352 681 1539 713 paupertas,
1567 683 1601 705 ut
1626 675 1706 712 alia,
1728 683 1797 715 quae
1821 673 1937 706 incide-

1073 714 1165 751 bant,
1212 712 1328 753 agitare
1347 713 1546 746 viderentur:
1569 724 1669 756 neque
1687 715 1769 746 enim
1788 715 1828 747 de
1869 723 1938 746 ene·

1071 764 1105 785 re
1123 762 1225 794 poenae
1248 751 1292 784 est
1311 752 1534 793 laborandum,
1562 757 1658 787 modo
1677 765 1716 787 ne
1731 755 1817 788 licita
1856 755 1939 787 uerit

1073 794 1137 836 ipsa
1156 794 1323 835 expositio.
1368 795 1410 826 Et
1431 795 1549 827 licitam
1567 806 1630 828 non
1652 796 1764 835 fuiffe,
1785 795 1850 829 illae
1864 795 1939 838 ipsae

1073 836 1210 868 rationes
1228 836 1454 876 probaverint,
1474 846 1549 877 quas
1582 838 1615 869 C.
1639 837 1714 869 VII.
1735 837 1910 869 adferebam
1924 859 1937 876 ‚

1073 886 1108 909 ut
1125 886 1232 908 necem
1257 875 1412 908 infantum
1425 877 1698 920 aJurisprudentia
1718 878 1940 910 Pandeuarum

1073 919 1230 951 amolirer.
1275 917 1305 949 Si
1331 918 1414 949 enim
1443 927 1530 960 pater
1549 928 1691 952 teneatur
1708 928 1832 961 partum
1847 928 1940 961 agno·

1074 960 1177 998 scere,
1213 958 1235 990 fi
1261 967 1403 991 teneatur
1431 960 1534 999 alere,
1563 960 1637 1002 quid
1654 959 1717 1000 est,
1740 960 1823 1002 quod
1844 969 1883 992 ex
1907 969 1940 991 o·

1072 1001 1164 1033 nendi
1181 999 1357 1032 libertatem
1383 1000 1586 1034 defendamus
1599 1002 1615 1034 ἱ)
1643 1001 1769 1034 Deinde
1786 1001 1807 1034 fi
1826 1001 1857 1033 in
1888 1009 1940 1042 pe-

1072 1043 1153 1074 ciem
1185 1041 1270 1073 necis
1297 1041 1414 1072 incidat
1432 1043 1610 1083 expositio,
1634 1051 1668 1075 ut
1693 1043 1832 1075 incidere
1859 1042 1944 1076 dixit

1074 1083 1188 1115 Paulus
1223 1082 1255 1114 in
1289 1082 1310 1114 l.
1331 1093 1360 1124 4.
1383 1082 1423 1123 ff,
1455 1086 1489 1115 de
1517 1084 1644 1126 Agnosc.
1671 1084 1707 1120 ὅ)
1734 1085 1831 1116 alend.
1857 1083 1940 1116 liber.

1075 1125 1148 1166 quid
1166 1122 1229 1162 est,
1254 1125 1338 1164 quod
1355 1131 1416 1155 tam
1436 1124 1531 1164 hanc,
1558 1135 1648 1166 quam
1669 1126 1752 1158 illam
1769 1124 1861 1157 fuisse
1876 1125 1947 1157 lici«

1076 1174 1137 1196 tam
1158 1165 1327 1206 putemus?
1358 1165 1529 1197 meminjffe
1555 1174 1659 1199 autem
1677 1174 1826 1208 oportet,
1846 1173 1944 1207 quum

1076 1207 1221 1238 illicitam
1252 1205 1430 1276 pronuncio
1451 1206 1607 1239 infantum
1631 1208 1879 1249 expositionem,
1904 1207 1945 1240 de

1075 1256 1111 1277 ea
1135 1254 1228 1277 aerate
1278 1246 1366 1286 opuli
1394 1246 1526 1279 Romani
1555 1257 1604 1279 me
1627 1249 1721 1280 verba
1736 1248 1861 1288 facere,
1882 1257 1967 1294 qua,

1077 1289 1106 1319 &
1120 1296 1228 1318 eorum
1248 1286 1390 1332 illicitam
1415 1285 1508 1319 fuisse
1536 1289 1654 1320 caedem
1669 1288 1824 1330 disputavi
1844 1312 1856 1328 ,
1871 1298 1942 1322 nam

1075 1328 1222 1370 quamdiu
1238 1327 1330 1359 licuit
1349 1328 1514 1369 occidere,
1538 1331 1651 1371 procul
1668 1331 1766 1362 dubio
1783 1330 1875 1363 licuit
1890 1339 1944 1363 ex·

1097 1378 1203 1401 onere.

1075 1380 1096 1411 p
1119 1410 1208 1443 Cedo
1226 1420 1309 1443 nunc
1330 1411 1407 1443 mihi
1436 1421 1476 1444 ex
1493 1412 1662 1446 Veteribus
1676 1413 1808 1456 JCtum,
1833 1411 1943 1454 1011011·-

1075 1454 1116 1485 tis
1138 1453 1295 1494 paulisper
1324 1453 1562 1486 auetoritatibus
1584 1457 1702 1488 exteris
1717 1480 1727 1495 ‚
1752 1457 1805 1496 qui
1822 1453 1943 1496 expost-

1075 1495 1195 1526 tionem
1213 1493 1367 1525 infantum
1387 1503 1451 1526 rem
1472 1496 1592 1528 licitam
1624 1497 1678 1529 suo
1699 1507 1770 1529 aevo
1789 1496 1882 1528 fuii'se
1897 1495 1943 1527 di-

1074 1535 1183 1568 xerit?
1206 1533 1319 1566 frustra
1334 1545 1465 1577 quaeres.
1511 1537 1608 1570 Certe
1622 1540 1784 1577 scaevola,
1806 1535 1944 1579 quemad

1075 1586 1178 1619 partes
1198 1577 1307 1608 vocari
1334 1578 1447 1617 video,
1483 1578 1514 1609 in
1539 1579 1559 1610 l.
1586 1589 1634 1617 29.
1653 1580 1694 1621 ff.
1719 1582 1751 1611 ατ
1770 1576 1942 1619 Munumiffi

1076 1619 1186 1661 testam.
1221 1617 1299 1649 1111111
1328 1618 1429 1650 minus
1461 1620 1552 1651 dixir.
1600 1621 1724 1667 Quaerit
1752 1622 1827 1660 ille,
1850 1630 1887 1652 an
1909 1619 1944 1652 fi-

1076 1662 1155 1701 lius,
1181 1668 1198 1690 a
1214 1666 1313 1691 matre
1329 1659 1488 1700 repudiata
1504 1662 1684 1704 expositus,
1708 1663 1736 1694 ὅ(
1750 1663 1787 1694 ab
1801 1662 1864 1694 alio
1877 1660 1945 1693 sub-

1074 1703 1157 1734 latus
1171 1724 1181 1740 ,
1215 1698 1432 1732 testamentum
1453 1703 1567 1743 patris,
1598 1713 1662 1745 quo
1683 1713 1785 1744 neque
1804 1703 1942 1735 exhaere'·
1960 1701 1977 1715 '

1075 1742 1189 1782 datus,
1218 1750 1318 1782 neque
1340 1740 1440 1774 'haeres
1466 1742 1599 1786 scriptus
1622 1745 1685 1786 est,
1707 1744 1890 1777 rescindat?
1911 1743 1946 1776 Gt

1075 1785 1120 1817 ait
1143 1783 1342 1821 rescindere3
1376 1782 1426 1815 sed
1447 1794 1511 1817 non
1539 1786 1650 1827 quaerit
1668 1787 1706 1818 de
1725 1796 1817 1828 poena
1835 1784 1944 1817 matris

1075 1825 1281 1868 exponentis,
1305 1825 1357 1856 vel
1371 1834 1436 1866 quo
1454 1826 1522 1866 jure
1537 1837 1638 1868 quave
1654 1828 1765 1868 injuria
1779 1828 1876 1860 filium
1887 1827 1942 1857 ex*

1074 1867 1215 1910 posuerit
1232 1875 1351 1904 mater,
1371 1868 1440 1906 quae
1455 1867 1523 1899 sane
1542 1868 1714 1909 disputatio
1730 1869 1767 1900 ab
1776 1877 1838 1908 eo,
1879 1867 1946 1900 uod

1072 1906 1397 1943 Scaevola'trastabat
1418 1929 1430 1946 ,
1456 1909 1547 1941 valde
1567 1918 1633 1942 erat
1658 1911 1774 1949 aliena,
1810 1877 1881 1941 61(ίέ
1905 1908 1944 1940 de

1074 1961 1114 1983 eo
1132 1948 1297 1996 quicquam
1318 1947 1541 1990 respondiffet,
1573 1960 1636 1983 non
1658 1950 1882 1992 respondisset,
1906 1951 1943 1988 ut

1075 1992 1119 2024 ait
1139 1990 1214 2028 1110,
1236 1989 1275 2021 de
1290 1990 1389 2021 tribus
1413 1992 1553 2032 capellis.
1634 1992 1693 2024 uod
1720 1992 1815 2033 igitur
1830 1992 1869 2023 de
1888 1995 1942 2033 exq-

1075 2032 1231 2075 positione
1246 2031 1393 2070 additur,
1421 2040 1460 2063 eit
1486 2031 1571 2064 facto
1591 2044 1607 2065 a
1629 2033 1730 2065 ditum
1749 2032 1814 2072 est,
1839 2040 1874 2064 ut
1894 2031 1942 2064 so·

1077 2076 1143 2106 lcnt
1169 2073 1258 2113 plura
1287 2072 1356 2103 addi
1383 2072 1419 2103 ad
1441 2072 1460 2104 fi
1485 2073 1668 2107 nilicandam
1685 2074 1760 2106 sacii
1778 2073 1913 2116 speciem
1929 2095 1943 2115 ,

1075 2116 1114 2148 de
1142 2115 1256 2161 quibus
1281 2113 1407 2154 finguli's
1437 2113 1451 2154 J
1485 2115 1508 2146 ti
1529 2124 1591 2148 non
1608 2123 1685 2148 eunt
1704 2117 1734 2148 in
1751 2115 1942 2154 consilium;

1076 2166 1137 2189 nec
1152 2153 1218 2196 ipse
1235 2153 1367 2200 dubito,
1397 2156 1472 2195 quin
1498 2155 1664 2195 Scaevola,
1686 2157 1724 2188 de
1742 2155 1806 2200 ipsa
1823 2156 1943 2198 expofi‘

1078 2198 1166 2229 tione
1184 2196 1367 2226 sententiam
1387 2204 1533 2237 rogatus,
1559 2198 1651 2231 illico
1669 2207 1736 2230 eam
1751 2197 1943 2236 damnasset>²

1077 2247 1191 2280 utpote
1220 2236 1249 2268 ὅς
1277 2236 1309 2268 111
1337 2245 1424 2278 pati-e
1440 2237 1605 2278 illicitam,
1628 2241 1657 2273 ἀ
1675 2239 1705 2271 111
1725 2247 1823 2272 matre
1839 2239 1944 2272 multo

1077 2279 1192 2321 magis3
1214 2278 1279 2309 imo
1295 2278 1365 2319 plus
1381 2277 1482 2309 adhuc
1501 2279 1532 2311 in
1549 2279 1650 2322 specie
1664 2305 1674 2321 ,
1720 2291 1768 2313 uae
1788 2288 1942 2323 propone-

1077 2321 1168 2352 batur
1183 2343 1193 2359 ‚
1226 2319 1277 2350 ubi
1304 2326 1403 2351 mater
1428 2320 1588 2361 repudiata
1615 2290 1762 2364 exposuit
1781 2331 1845 2354 non
1861 2321 1942 2360 alia,

1077 2371 1113 2393 ut
1133 2361 1280 2399 viderur,
1303 2359 1411 2399 causa,
1435 2370 1526 2402 quam
1553 2362 1628 2395 odio
1647 2363 1836 2405 repudiantis
1851 2361 1942 2394 mari-

1080 2404 1122 2435 ti:
1146 2403 1167 2435 si
1183 2402 1266 2434 enim
1293 2401 1415 2433 mulieri
1442 2410 1506 2435 non
1528 2403 1674 2444 licuerit,
1699 2411 1734 2435 ut
1753 2401 1841 2444 supra
1861 2402 1944 2434 dice·-

1078 2445 1170 2484 bam,
1192 2441 1366 2474 visceribus
1393 2441 1455 2475 suis
1478 2443 1543 2476 vim
1561 2443 1692 2483 inferre,
1715 2454 1752 2475 ne
1763 2445 1828 2486 jam
1843 2444 1944 2475 inimi·

1078 2496 1108 2517 co
1125 2486 1229 2517 marito
1240 2483 1339 2524 filiam
1370 2490 1529 2523 roci-earet,
1554 2485 1656 2517 multo
1672 2485 1774 2517 minus
1789 2486 1817 2516 ei
1839 2485 1943 2516 licuis-

1078 2526 1110 2559 se
1130 2527 1301 2568 putandum
1318 2534 1335 2555 e
1371 2548 1381 2564 ,
1403 2525 1523 2562 filium,
1544 2525 1605 2565 J'am
1624 2525 1743 2558 editum
1756 2548 1767 2564 ,
1792 2527 1822 2558 in
1835 2526 1944 2558 odium

1078 2568 1182 2600 mariti
1201 2575 1361 2608 exponere
1380 2565 1410 2597 &
1424 2565 1578 2610 abjicere.
1622 2566 1681 2598 Sed
1705 2567 1779 2608 quid
1794 2567 1888 2600 audio
1904 2566 1944 2598 de

1078 2608 1203 2641 matre?
1227 2615 1383 2647 nunquam
1401 2615 1430 2637 01
1448 2615 1479 2638 111
1500 2606 1618 2639 liberos
1634 2609 1712 2640 vitae
1727 2609 1814 2640 necis
1839 2616 1941 2650 nepo·-

1078 2648 1170 2681 testas
1198 2647 1262 2680 fuit
1280 2670 1290 2685 ‚
1320 2655 1477 2688 nunquam
1506 2647 1636 2680 liberum
1661 2658 1805 2692 exponen
1866 2648 1944 2684 arbi·

1079 2691 1192 2729 trium,
1214 2695 1303 2730 patei·
1318 2687 1348 2719 id
1368 2686 1451 2719 solus
1466 2687 1544 2720 olim
1561 2692 1704 2728 exercuit
1727 2691 1796 2731 jure
1810 2689 1943 2732 potesta*

1079 2733 1118 2763 tis
1134 2730 1252 2772 patriae.
1297 2727 1394 2770 Quod
1411 2736 1483 2760 eum
1501 2730 1595 2762 etiam
1611 2731 1656 2762 lar
1678 2732 1801 2770 iantur,
1824 2733 1875 2772 qui
1887 2740 1943 2773 po·¹

1078 2771 1219 2804 testatem
1248 2769 1414 2801 occidendi
1443 2769 1473 2802 &
1496 2779 1642 2813 exponen
1667 2773 1674 2804 i
1701 2771 1795 2805 serius
1811 2797 1821 2813 ,
1850 2780 1942 2814 quam

1077 2816 1131 2855 ρειι·γ
1148 2811 1209 2856 est,
1241 2811 1413 2856 demittunt
1429 2834 1439 2850 ‚
1467 2820 1531 2844 11011
1547 2813 1785 2854 animadverto,
1808 2823 1864 2846 cur
1881 2816 1941 2845 ma²

1080 2854 1152 2893 tris,
1178 2853 1363 2894 impunitae,
1385 2859 1420 2882 ut
1440 2853 1546 2894 aJ'unt,
1580 2854 1759 2896 exemplum
1778 2856 1839 2888 huc
1860 2853 1943 2886 adfea

1078 2902 1167 2933 rant3
1186 2894 1224 2925 de
1240 2901 1327 2935 patre
1343 2893 1535 2933 probandum
1554 2894 1650 2936 esset,
1674 2897 1757 2938 quod
1774 2906 1814 2928 ne
1834 2896 1872 2928 de
1885 2894 1944 2927 ina?-

1078 2944 1128 2967 tre
1147 2932 1276 2976 ‘quidem
1305 2942 1419 2974 prowat
1450 2937 1478 2966 d.
1502 2936 1523 2968 l.
1550 2946 1600 2974 29.
1644 2936 1794 2977 Memno,
1817 2936 1921 2970 fateor
1930 2937 1943 2979 ᾖ

1079 2977 1123 3008 ibi
1149 2975 1194 3007 est
1215 2975 1332 3016 expositi⁴
1354 2976 1490 3016 filii,'¹ut
1508 2978 1537 3010 ὅ(
1563 2977 1643 3019 apud
1661 2976 1790 3011 Paulum
1812 2979 1842 3010 in
1866 2978 1887 3010 l.
1914 2986 1942 3010 ι’.

1080 3017 1109 3059 §.
1143 3027 1171 3048 2.
1193 3017 1233 3059 ff.
1263 3019 1296 3048 cle
1326 3015 1396 3061 Jur.
1430 3015 1466 3052 ἐξ
1484 3017 1563 3059 fast.
1587 3021 1687 3062 ignor.
1709 3016 1758 3050 secl
1777 3018 1943 3060 utrobique

1083 3058 1233 3100 quaeritur
1257 3059 1296 3090 de
1316 3061 1385 3102 iure
1408 3059 1623 3102 expositorum
1660 3060 1698 3091 ’ἃ
1716 3059 1787 3092 inde
1802 3070 1864 3092 non
1881 3063 1943 3092 ma·¹

1082 3100 1128 3140 gis
1157 3099 1385 3145 expositionem
1401 3122 1413 3138 ,
1440 3101 1567 3173 impune
1583 3083 1715 3141 fatiam,
1736 3100 1910 3133 defenderis
1920 3113 1941 3146 .‘⁹

1081 3149 1170 3182 quam
1188 3139 1338 3175 incestum
1354 3141 1482 3174 veludi-i·
1496 3142 1608 3174 terium
1627 3141 1754 3182 impune
1770 3141 1941 3179 committi,

1081 3181 1135 3213 ubi
1147 3180 1185 3213 de
1204 3180 1453 3217 incestuosorum
1465 3183 1518 3215 vel
1526 3182 1772 3220 adulter-sporum
1781 3183 1849 3226 jure
1857 3181 1939 3253 qaae}

1768 3236 1772 3238 ·
1785 3236 1788 3238 ·
1908 3230 1938 3252 10

2005 463 2008 481 1
