2008 3436
192 71 273 140 DI}
322 92 777 137 Aucroaissus
827 89 1678 138 AUTHENTICARUM,C.111.

51 184 151 226 Epissc.
178 182 214 218 ὅ)
239 182 331 214 clerc.
353 181 433 213 auth.
459 178 546 223 Quod
557 175 627 218 fieri
651 174 682 205 C.
704 174 738 204 de
762 171 913 205 Dilation.

47 230 129 260 uirili.
175 226 208 257 δι’
226 231 313 266 pater
336 224 368 256 C.
397 224 430 254 de
452 220 545 261 simii.
574 219 630 250 dot.
664 215 743 246 autb.
780 213 818 246 In
844 215 914 254 Jac-

47 269 161 310 ci‘liiont’
195 268 228 300 C.
252 267 285 298 de
313 266 378 308 fiiis
409 264 444 298 δ’
482 262 564 303 legit.
595 260 646 290 lib.
682 256 763 288 auth.
794 255 914 303 Desm-

47 301 92 342 οἷό
123 311 154 341 C.
183 310 221 340 ad
252 308 360 339 SCuim
393 304 514 337 Tertull.
537 302 618 334 auth.
665 297 914 350 Item-baereditas

50 354 82 384 C.
115 353 148 382 ile
178 353 242 382 hon.
271 359 329 391 quw
361 349 410 379 lib.
436 347 517 377 auth.
563 340 798 387 Hocficlelyitpr
820 340 852 370 (,.
877 340 912 370 de

47 394 140 425 Pion.
165 392 202 427 ὅ)
221 391 350 432 Ηνροῑὶ).
376 389 426 420 ubi
447 386 570 428 pallini:
595 383 656 428 ess‘e
674 381 909 429 Irnerzrv-erha,

45 418 105 466 nai?
128 435 204 476 legis
228 427 377 464 lrirerium
401 431 527 474 querimur
546 425 680 467 ραίὶιξίία,
702 423 857 465 αίίμσῑλμ,
881 423 912 453 ὸς

44 475 66 508 ii
85 476 159 517 quid
188 474 234 506 cst
261 473 378 509 limile,
411 480 480 511 quie
499 479 528 499 in
548 461 757 499 Novem-arum
775 472 912 504 corpore

45 526 109 549 non
133 517 342 555 reperiuntur.
386 513 463 544 Item
478 509 699 554 authenticavi,
718 512 802 546 prout
821 506 863 551 Is.
882 515 910 536 e-

43 569 91 592 um
103 559 219 600 peficit,
242 565 298 588 non
315 557 382 586 bene
397 553 495 593 aptari
514 552 552 582 ad
563 551 603 582 L.
624 550 745 595 Couzcis.
770 547 907 593 rursum:

45 599 86 632 Ir.
124 601 174 641 qiu·
199 598 232 635 fit
254 596 348 638 posiiit
371 595 452 626 atah.
478 591 651 632 intellexiste
669 614 679 629 ‚
718 592 748 620 dt
778 589 907 635 reliqua.

43 640 130 674 Hinc
149 632 246 682 palam
266 633 310 669 est
327 660 338 676 ,
368 647 436 678 qute
460 636 490 667 in
509 633 721 669 authenticis,
747 639 855 671 utique
872 630 908 661 il-

42 683 99 720 hs,
125 681 322 717 scribuntur,
345 679 383 710 ab
404 677 522 710 lrncrio
540 675 651 712 scribi,
677 683 749 704 cuin
768 671 909 713 alioquin
953 680 972 711 q

41 722 105 765 ipse
123 731 282 769 perperam
307 728 489 762 argueretur
520 718 609 750 malae
630 715 702 747 fidei
717 716 761 760 ¹in
778 722 910 761 ¹contra-

41 764 149 797 hendis
175 762 324 796 Novellis
344 786 353 801 ‚
388 761 468 803 quali
488 761 517 792 δι
535 759 587 791 sua
606 757 821 803 suppoiuillet.
866 755 909 786 ht

41 806 94 848 qui
118 806 198 838 dicit
217 827 227 844 ,
260 804 407 837 Iriieriuni
430 801 614 834 <trithemian-
641 801 678 830 (ιιι
709 799 840 829 Cuilicem
856 804 905 836 po-

39 847 142 889 litiffe,
164 855 199 879 ut
219 846 298 878 dicit
326 844 454 883 Gloss'a,
491 843 615 874 videtui·
631 840 708 872 mihi
728 840 842 871 clarius
860 840 906 883 lo-

30 883 94 932 'qui
115 898 178 921 non
196 887 291 931 porse.
338 885 578 919 Nonnullorum
602 883 691 915 tricis
718 890 796 912 mox
812 879 905 912 latius

39 939 252 963 occurremus.

84 972 234 1004 Addimus
244 970 440 1004 Odofredum
451 993 460 1009 ,
486 967 634 999 Aecursio
645 966 714 998 sere
731 964 905 1012 supparem,

41 1015 73 1048 in
99 1015 255 1046 Comment.
281 1015 318 1044 acl
343 1013 435 1044 Auta.
457 1011 520 1059 Qui
540 1019 584 1039 rer
597 1008 630 1039 C.
654 1011 687 1040 de
708 1007 762 1055 Sol
789 1004 902 1052 ῥοθίῳ.

39 1067 70 1088 π.
84 1066 111 1097 ⁶3.
140 1056 186 1087 Or
205 1056 344 1094 Sigriori,
361 1053 462 1094 inquit
475 1075 485 1090 ,
507 1061 558 1082 vos
569 1059 624 1081 non
639 1051 746 1081 debetis
770 1048 821 1094 hic·
837 1045 905 1086 plus

39 1092 141 1130 hahere
166 1099 198 1128 in
222 1086 278 1138 ista
301 1095 498 1126 authenti'ca:
528 1099 625 1123 tamen
649 1092 766 1135 quidam
791 1089 837 1136 7³!'c
854 1088 904 1118 lsa-

38 1142 105 1171 benc
115 1139 193 1180 plus.
240 1138 296 1169 Sed
312 1134 368 1177 ista
383 1137 473 1167 verba
489 1144 548 1166 non
556 1133 631 1178 sitiit
643 1134 716 1177 justi
729 1154 751 1177 ,q
762 1140 830 1172 qum
847 1138 904 1160 non

30 1182 105 1223 sitm
119 1182 152 1211 in
179 1188 226 1210 cor
245 1188 291 1210 ore
315 1177 551 1209 authenticarum
558 1175 634 1215 ,secl
658 1175 713 1221 bfssc.
724 1176 798 1215 sunt
815 1172 906 1218 verba

38 1222 159 1256 Irnerii.
206 1184 294 1264 (guid
322 1219 381 1252 fint
412 1221 502 1250 verim
524 1216 615 1260 justi,
637 1216 714 1247 mihi
739 1223 802 1246 non
830 1222 912 1245 con-i

39 1262 118 1301 stat3
149 1261 172 1294 fi
195 1261 275 1304 justa
300 1261 434 1303 legeris,
468 1261 591 1301 qualem
617 1258 740 1303 qualem
758 1254 877 1287 sensum
894 1276 906 1292 ,

36 1304 138 1337 adhuc
164 1304 330 1335 bai-barum
349 1327 358 1342 ‚
389 1303 508 1343 poteris
535 1301 676 1338 ciicerc;
705 1297 788 1346 infi,
819 1295 905 1342 quod

37 1347 136 1388 magis
160 1346 276 1377 arridet
293 1369 303 1385 ,
333 1343 418 1386 Justi
435 1368 446 1391 ξ
475 1343 638 1375 dimidiate
654 1340 805 1387 scriptum
821 1338 905 1370 dicas

38 1397 96 1429 pro
122 1385 304 1429 Jufiiniani.
359 1386 518 1418 Nimirum
542 1384 656 1422 vei-ba,
683 1381 800 1429 'quibus
813 1379 904 1411 dea-

35 1430 102 1471 git,
135 1428 296 1468 justiniani
321 1438 384 1460 non
410 1427 489 1466 effe,
522 1425 572 1458 sed
593 1425 721 1462 Irncrii,
746 1431 818 1469 quia
841 1430 904 1453 non

38 1471 112 1504 sunt
129 1471 161 1502 in
179 1477 290 1511 corpore
306 1470 540 1501 authenticarum
551 1492 561 1507 ,
586 1467 616 1499 id
632 1466 678 1497 est
692 1464 850 1512 *Novelli-s,
869 1471 905 1494 ut

39 1514 70 1545 ὅ(
88 1511 229 1544 Gloffam
246 1513 283 1544 ad
299 1511 367 1543 dift.
388 1512 469 1543 auth.
493 1507 744 1542 animadvertisse
757 1506 904 1552 diximus.

37 1554 104 1587 Alii
124 1554 230 1595 itaque
242 1554 331 1596 plus,
349 1553 401 1585 alii
420 1553 522 1585 minus
538 1551 810 1598 habueruntrqui
822 1546 903 1588 plus,

39 1595 215 1628 habuerunt
241 1594 453 1627 authenticam
483 1594 592 1626 Irnerii
612 1617 621 1631 ,
656 1598 691 1623 ut
706 1597 853 1631 primitus
868 1588 905 1619 ab

38 1647 79 1669 eo
99 1636 212 1679 scripta
235 1636 319 1675 fuit3
351 1637 403 1675 qui
434 1636 558 1674 minus,
583 1634 759 1665 habuerunt
776 1629 904 1677 authen·

41 1679 157 1718 ticam,
189 1678 283 1710 ctiam
312 1678 437 1719 quidem
470 1676 599 1714 Irnerii,
625 1674 675 1707 sed
693 1675 829 1718 demptis
847 1681 904 1711 iis,

38 1729 109 1762 quae
126 1730 190 1753 non
205 1730 299 1753 novae
320 1719 416 1761 legis,
441 1727 473 1751 at
503 1718 588 1751 illius
607 1720 642 1749 uk
658 1718 743 1746 nimia
760 1713 904 1746 videban-

36 1769 100 1794 tur.
147 1761 195 1794 Ita
211 1760 391 1794 Odofredus
403 1785 412 1800 ,
438 1761 481 1792 ita
497 1761 527 1792 ὃς
544 1760 608 1791 alii.
791 1797 796 1803 ,
823 1798 829 1804 .

80 1803 229 1845 Denique
243 1813 306 1835 non
322 1803 465 1834 dubitem
475 1825 486 1841 ,
508 1801 583 1843 quin
600 1800 639 1832 de
655 1799 846 1845 authenticis
862 1797 904 1829 Ir-

39 1845 116 1878 nerii
136 1845 376 1887 intelligendum
399 1844 458 1882 fit,
488 1843 574 1885 quod
592 1842 755 1874 Conradus
775 1850 792 1871 a
810 1839 904 1872 Lich-

39 1894 154 1926 tenau,
177 1886 395 1929 Urspergenfis
414 1886 518 1917 Abbas
529 1908 540 1924 ,
565 1885 595 1917 in
614 1884 756 1916 Lothario
778 1882 905 1930 Scirone,

35 1934 68 1970 p.
91 1938 130 1960 m.
157 1938 228 1966 291.
260 1929 420 1960 memoria:
446 1926 586 1969 prodidit
605 1948 616 1964 ‚
646 1923 904 1970 puta-Dominum

44 1969 228 2003 Wernerium
247 1971 333 2002 libros
346 1970 443 2013 legum
467 1967 612 2009 rerzovciffe
624 1990 633 2005 ‚
659 1966 694 2002 ὅ)
707 1967 811 2007 paucis
821 1967 905 2013 qute

40 2013 136 2043 verbis
161 2012 269 2043 alicubi
296 2010 473 2052 interpositis
500 2008 670 2051 distinxisse.
725 2007 830 2039 Pauca
851 2006 905 2053 illa

40 2055 130 2085 verba
153 2052 321 2094 interposita
347 2063 412 2085 non
437 2051 508 2084 sunt
533 2051 807 2088 authenticarum,
837 2058 904 2090 qui-

40 2094 98 2126 bus
123 2095 161 2126 de
180 2095 260 2127 nihil
287 2095 389 2127 adhue
411 2094 562 2131 dixerat,
589 2092 776 2123 emblemata
799 2089 904 2131 (quod

42 2134 160 2174 sciant,
194 2137 248 2178 qui
273 2136 438 2176 nesciunt,
473 2135 548 2176 quid
566 2135 608 2167 ihi
631 2133 688 2166 lint
704 2134 773 2164 libri
788 2132 904 2175 legum)

43 2175 96 2208 sed
117 2176 191 2217 ipsae
217 2178 418 2210 authenticae.
476 2178 527 2209 De
543 2177 648 2218 gloffis
661 2184 767 2207 earum
790 2174 906 2221 emble-

43 2218 167 2250 maticis
183 2218 224 2250 fic
236 2241 248 2257 ,
272 2220 357 2260 quod
375 2219 448 2251 satis
461 2219 527 2257 est,
551 2219 700 2250 dicemus.
748 2216 906 2257 Loquitur

44 2260 176 2291 omnino
194 2260 352 2291 Abbas‘de
368 2260 537 2293 insertione
566 2259 837 2297 authenticarum,
861 2257 895 2289 fa

43 2301 92 2333 ἃᾶ
121 2300 246 2332 :maore
270 2301 415 2333 lrneri0:
447 2312 516 2334 nam
541 2302 624 2342 quod
654 2300 802 2342 Cujacius
834 2299 904 2331 Lib.

43 2342 138 2375 XXI.
168 2342 289 2382 Ohsterv.
318 2344 350 2375 C.
375 2353 425 2383 25.
448 2345 481 2374 in
498 2345 596 2384 princ.
628 2343 710 2375 hunc
728 2343 834 2374 locum
853 2350 907 2373 ex-

41 2384 129 2416 audit
143 2384 183 2415 de
194 2383 407 2425 gloffemaffls,
432 2394 502 2427 quae
523 2383 660 2426 Digestis
685 2383 848 2416 infarfin'et
866 2383 908 2414 li·-

41 2425 146 2458 nerius
162 2448 171 2462 ,
213 2433 275 2457 tam
299 2424 412 2457 falsum
432 2450 441 2465 ,
473 2436 562 2467 quam
583 2426 731 2467 exemplo
751 2425 907 2465 pernicio-

42 2465 108 2499 sum
131 2466 185 2498 est.
229 2465 349 2498 Nescio
370 2467 458 2506 sane,
482 2469 549 2509 quis
570 2469 620 2498 liic
636 2467 762 2498 {onnus
776 2466 909 2506 Cujacio

43 2507 235 2549 obrepserit3
257 2509 374 2540 etenim
396 2519 487 2550 quam
503 2509 614 2540 falsum
630 2509 666 2540 fit
686 2508 771 2549 quod
786 2508 848 2545 ait,
871 2507 909 2538 li-

45 2557 98 2581 cet
122 2550 152 2582 &
179 2559 220 2581 ex
245 2559 284 2581 eo
309 2549 428 2581 discere
444 2564 468 2590 ,⁴
487 2551 570 2592 quod
587 2560 643 2587 ea,
668 2559 738 2591 quae
756 2548 819 2589 ipsc
843 2556 908 2580 tan-

45 2600 137 2631 quam
155 2590 262 2623 Irnerii
279 2591 467 2623 emblemata
493 2592 700 2633 depraedicat,
739 2591 908 2621 habeantur

46 2631 79 2663 in
95 2630 193 2663 Libro
210 2631 418 2672 Florentino,
442 2644 534 2675 quein
564 2633 685 2665 Irnei·io
704 2632 908 2663 vetustiorem

44 2671 107 2704 effe
126 2681 165 2703 ne
190 2673 313 2713 quidem
330 2673 394 2714 ipse
419 2675 568 2716 Cujaeius
584 2674 755 2716 negaverit.
800 2673 909 2705 Simile

47 2712 123 2752 quid
142 2713 172 2744 ἃ
189 2722 299 2746 conti-a
318 2714 482 2755 Cuiacium
501 2716 725 2748 animadvertit
743 2714 908 2747 Albericus

47 2753 188 2785 Gentilis
203 2756 237 2785 de
252 2755 354 2787 Libris
372 2757 458 2798 Jurz's
478 2759 585 2790 Civilis
611 2758 643 2790 C.
659 2757 714 2789 lv.
762 2757 844 2788 Vide
862 2764 906 2787 ta-

47 2804 118 2827 men
144 2795 228 2835 quod
250 2796 333 2837 leges
355 2798 399 2830 ita
422 2798 539 2841 sapiens
559 2799 725 2839 Cujacius‚
749 2798 859 2837 iilic0,
885 2797 908 2830 fi

47 2835 160 2869 dixisse
184 2836 297 2875 liceat,
319 2841 492 2881 corruperit
509 2843 566 2872 end.
589 2842 660 2881 Cap.
675 2841 704 2873 dt
723 2840 817 2871 etiam
834 2846 905 2880 prae-

47 2879 107 2909 τεά·
153 2877 334 2910 Franciscus
356 2889 481 2921 quoque
505 2883 728 2914 l-lotomannus
762 2881 792 2913 in
820 2881 908 2912 sacro

7 2920 10 2924 '
46 2919 106 2951 ilio
125 2919 154 2951 ὅ(
171 2919 315 2964 horribili
346 2920 477 2962 libello,
505 2933 596 2964 quein
609 2947 619 2963 ‚
643 2934 715 2955 cum
733 2923 765 2955 in
783 2932 824 2954 eo
843 2923 908 2954 uni-

47 2958 168 2992 versam
185 2960 460 3002 Jurisprudentiam
480 2964 648 2996 Romanam
675 2965 787 3003 unice,
811 2974 907 3005 quan-

47 3008 117 3033 tum
134 3001 255 3041 potest,
280 3010 330 3033 eat
346 3004 519 3044 perditum,
543 3006 668 3046 peffime
684 3007 908 3037 Amici-thonia-

45 3052 117 3088 mm?
133 3040 305 3082 inscripsit,
331 3044 400 3084 Cap.
429 3054 477 3086 13.
523 3046 653 3079 Abnatis
672 3047 769 3079 verba
788 3047 909 3088 accipit

45 3083 86 3115 de
106 3084 302 3129 interpolatis
318 3086 356 3116 ab
376 3085 494 3118 irnerio
512 3086 671 3120 Pande‘etis
683 3111 693 3127 ,
709 3098 908 3130 quamquam,

46 3124 133 3164 quod
141 3124 263 3165 adsequi
280 3127 450 3165 potuerim,
473 3128 504 3160 in
523 3130 669 3169 operibus
685 3129 747 3161 suis
763 3130 824 3161 hoc
847 3139 911 3161 em-

45 3164 163 3211 plastro
189 3175 252 3197 non
270 3173 384 3199 utatur.
434 3168 521 3201 Unus
536 3170 636 3201 adhuc
658 3171 730 3203 ΕΠ).
751 3171 912 3203 Leoninus

50 3208 121 3240 Lib.
147 3206 205 3240 ΙΙΙ.
229 3207 299 3248 Cap.
327 3213 374 3241 16.
407 3210 440 3240 in
459 3212 557 3250 princ.
587 3211 682 3244 fuiss'e
704 3213 833 3244 videtui·
856 3221 909 3244 eo·

1782 95 1829 136 ⁶9

959 170 1028 203 dem
1045 172 1177 212 jaftatus
1194 172 1319 204 morbo,
1363 171 1486 206 Interea
1505 173 1568 206 hoc
1586 175 1685 207 tacite
1700 172 1834 205 demiraa

956 213 982 245 ri
1002 213 1079 244 lieet
1097 236 1108 251 ‚
1140 212 1306 253 Cujaeium
1325 237 1334 252 ‚
1365 214 1609 248 Hotomannuin
1624 241 1634 256 ‚
1659 216 1800 256 aliosque
1817 237 1830 253 ‚

957 254 1010 295 qui
1030 254 1144 286 Critici
1169 255 1221 286 vel
1247 255 1318 287 sunt
1336 255 1389 287 vel
1407 257 1506 288 videri
1523 258 1639 290 volunt
1652 282 1663 298 ,
1687 257 1745 289 illo
1764 256 1829 288 Ab·

955 295 1037 328 batis
1051 297 1126 328 loco
1145 305 1208 328 non
1227 296 1345 337 pluries
1361 296 1474 330 abusos
1493 308 1503 337 ;
1534 298 1832 340 suffecerit'quippe

955 336 1076 378 asylum
1105 338 1166 375 iis,
1201 339 1253 379 qui
1283 338 1455 371 identidem
1478 339 1662 381 gloss'emata
1684 348 1827 380 crepant.

954 378 1014 410 Sed
1030 388 1108 409 vero
1126 378 1146 410 fi
1159 402 1168 417 ,
1194 387 1228 411 ut
1245 389 1300 421 pai·
1317 378 1362 411 est
1373 403 1383 419 ‚
1407 380 1446 412 de
1461 381 1655 413 authenticis
1672 384 1711 414 ab
1728 381 1827 413 Wer-

955 421 1044 451 ncrio
1061 420 1192 452 Codicis
1214 421 1334 463 legibus
1353 421 1404 453 hic
1430 422 1499 454 illic
1517 422 1711 464 interpositis
1726 422 1828 454 Abba-

956 470 1018 493 tem
1040 461 1281 504 Urspeigensem
1297 463 1478 505 intelligas,
1501 464 1582 496 nihil
1611 465 1756 506 planius,
1780 465 1827 496 ni-

954 503 998 534 hil
1020 513 1147 545 quoque
1163 505 1278 537 verius.

996 544 1098 576 Immo
1122 545 1206 577 fama
1230 547 1269 578 de
1298 548 1417 579 lrnerio
1434 572 1444 587 ‚
1477 548 1562 589 quod
1603 548 1828 586 authenticas,

953 593 1040 618 certe
1064 589 1228 629 plerasque
1244 612 1254 628 ,
1289 590 1531 622 concinnaverit
1550 612 1562 628 ‚
1593 598 1695 622 tantas
1722 589 1827 622 eundo

953 628 1148 669 acquisiviss‘e
1166 630 1293 663 videtui·
1310 631 1415 670 vires,
1438 641 1474 663 ut
1490 631 1585 663 etiam
1606 631 1826 670 authenticas,

977 680 1024 702 ua:
1053 670 1160 702 lrnerii
1186 681 1249 703 non
1271 672 1358 712 sunt,
1388 673 1510 705 lrnerio
1527 681 1631 706 tamen
1649 673 1826 706 invenerim

952 710 1134 752 adscriptas.
1179 712 1324 754 Hujusee
1343 715 1386 746 rei
1419 715 1600 756 exemplum
1617 716 1662 747 est
1681 716 1712 747 in
1730 713 1827 746 Glos-

953 752 982 784 sa
1000 754 1037 784 ad
1057 754 1138 785 auth.
1167 753 1250 797 ,Quis
1268 756 1395 788 actiones
1415 758 1445 788 C.
1465 758 1498 788 de
1520 757 1630 798 sacr-sy:
1651 756 1764 798 Ecclcyss
1792 756 1825 787 in

952 795 1038 826 verb.
1074 795 1143 826 Sola
1171 798 1304 829 Romam
1331 797 1464 837 Ecclesia
1483 822 1492 837 ‚
1530 799 1580 830 ubi
1601 801 1645 831 ita
1662 799 1725 830 ait:
1749 798 1824 830 Here

951 837 1080 877 clausula
1098 837 1220 879 sumpta
1244 839 1284 880 est
1310 841 1346 870 ab
1376 840 1484 872 [mea-io
1507 851 1544 872 eft
1571 841 1621 872 illo
1650 841 1757 878 titulo,
1776 849 1824 872 UT

951 877 1119 910 Eeeiiiesia
1139 880 1307 912 Romami.
1354 882 1397 913 At
1423 883 1507 914 enim
1528 882 1557 914 δε
1576 882 1792 914 authenticam
1811 905 1823 921 ,

951 920 980 951 <St
1009 920 1088 950 lianc
1116 921 1181 961 ejus
1207 922 1377 954 clausulam
1412 924 1592 964 Cap-slipen
1618 923 1824 965 probavimus

949 960 1001 992 vel
1019 960 1181 1005 justiniani
1201 973 1272 994 aevo
1299 965 1459 1005 cognitam
1486 967 1515 997 <St
1533 966 1717 1005 recitatam,
1739 974 1825 997 nunc

948 1002 1125 1049 deli-neno
1145 1005 1220 1046 quid
1237 1004 1414 1037 inaudimus
1431 1007 1532 1039 novi?
1556 1008 1623 1048 ejus
1636 1007 1746 1049 utique
1758 1016 1825 1039 non

948 1044 1028 1083 elle,
1060 1045 1136 1085 quid
1165 1046 1235 1077 heic
1263 1047 1382 1079 dieitur
1400 1070 1411 1086 ‚
1448 1049 1554 1080 eadem
1571 1058 1699 1090 quoque
1713 1047 1826 1080 Gloss'a

947 1085 1138 1126 prodiderit,
1164 1097 1236 1127 cum
1262 1087 1438 1129 subjungit:
1474 1089 1530 1130 12st
1546 1100 1613 1132 ergo
1637 1091 1684 1122 hic
1700 1089 1825 1132 czdjefflo

940 1127 1026 1168 sulm
1044 1128 1112 1169 jure
1137 1129 1256 1171 legiam,
1273 1130 1327 1171 secl
1356 1131 1434 1172 Jure
1466 1133 1616 1162 Curionum
1632 1133 1724 1164 valet.
1748 1133 1822 1173 quoa

947 1170 1028 1199 dixit
1049 1170 1089 1201 [ν.
1137 1170 1220 1214 Quis
1247 1172 1355 1204 credat
1380 1172 1534 1204 Irnerium
1558 1172 1728 1205 clausulam
1745 1174 1827 1213 adje-

948 1209 1043 1255 eille‚
1066 1221 1158 1256 quam
1175 1213 1243 1253 jure
1262 1214 1367 1254 legum
1398 1214 1495 1255 (licet
1514 1214 1695 1256 immerito)
1717 1223 1823 1256 putas-

948 1253 994 1283 1et
1023 1252 1132 1284 fallam
1152 1253 1168 1286 ἱ)
1198 1256 1321 1286 accedit
1344 1255 1466 1288 Azonis
1491 1256 1530 1287 de
1548 1256 1605 1288 hac
1621 1257 1822 1296 authentica,

947 1294 1231 1335 ejusqui-:clausula
1255 1296 1455 1337 observatio,
1485 1298 1567 1330 dicta
1591 1299 1660 1340 Cap.
1684 1298 1723 1330 H.
1750 1308 1822 1340 quae

948 1336 1106 1382 auelorem
1131 1337 1284 1370 Irnerium
1302 1340 1428 1371 Videtur
1447 1340 1542 1372 etiam
1566 1340 1760 1379 excludere,
1785 1348 1823 1371 ut

948 1386 992 1408 ita
1008 1377 1213 1411 antecessoris
1229 1379 1342 1420 Juliani
1357 1380 1433 1413 fides
1451 1381 1581 1414 crescat.
1629 1381 1681 1414 De
1700 1381 1824 1414 Accur-

948 1419 992 1452 1io
1012 1420 1138 1452 interim
1156 1421 1232 1462 quid
1259 1422 1314 1454 fiet
1332 1422 1348 1454 .9
1375 1422 1470 1463 Fuit,
1495 1433 1567 1455 cum
1586 1422 1824 1464 existimarem,

947 1462 988 1506 ql).
1007 1461 1121 1508 lrnerio
1149 1462 1201 1494 hic
1226 1463 1398 1505 fignificare
1422 1475 1459 1497 ex
1486 1465 1618 1505 Irnerio,
1647 1476 1688 1498 ex
1708 1465 1822 1498 Irnerii

948 1503 1070 1535 icilieet
1088 1504 1191 1543 libro,
1217 1506 1482 1547 quemadmodum
1511 1507 1705 1540 authenticae
1723 1507 1824 1539 dubio

947 1545 1062 1585 procul
1088 1545 1126 1577 de
1148 1546 1230 1578 libro
1257 1548 1289 1579 in
1316 1548 1431 1580 librum
1465 1549 1614 1582 tradudlae
1632 1549 1714 1582 sunt.
1760 1548 1825 1582 Sed

948 1589 1012 1618 hoc
1041 1587 1102 1627 jam
1131 1598 1194 1620 non
1216 1589 1331 1630 placet.
1376 1589 1451 1622 Fuit
1473 1591 1567 1623 etiam
1582 1615 1592 1631 ,
1618 1601 1691 1624 cum
1712 1589 1823 1623 existi-

947 1638 1063 1660 marem
1077 1652 1088 1667 ,
1108 1639 1198 1670 teque
1216 1631 1389 1673 lrnerium,
1415 1632 1501 1664 illius
1522 1631 1635 1665 scholii
1657 1634 1824 1675 ignarum,

947 1669 1083 1711 potuiss'e
1108 1671 1169 1703 hoc
1195 1673 1344 1704 adnotare
1363 1697 1373 1712 ,
1405 1680 1501 1715 atque
1528 1674 1714 1706 adnotatum
1736 1673 1781 1706 est
1797 1681 1824 1706 a

948 1712 1137 1744 Graecorum
1154 1713 1270 1755 aliquo.
1315 1713 1431 1756 Neque
1450 1723 1555 1748 tamen
1572 1716 1602 1748 ἀ
1620 1716 1682 1748 hoc
1700 1716 1824 1758 placet,

949 1763 1022 1786 cum
1049 1763 1113 1787 non
1138 1754 1176 1787 fit
1199 1755 1365 1797 probabile
1380 1778 1391 1795 ‚
1422 1756 1562 1789 diversos
1587 1758 1716 1790 eandem
1733 1757 1824 1790 forto

948 1796 1162 1828 authenticam
1180 1820 1191 1835 ‚
1219 1807 1283 1829 non
1307 1798 1381 1829 dico
1405 1798 1590 1840 excerpsisse
1604 1822 1615 1838 ‚
1645 1809 1755 1832 verum
1779 1809 1823 1832 eit

947 1837 1066 1870 duabus
1080 1837 1229 1870 Novellis
1253 1838 1464 1880 composuisse
1485 1863 1496 1879 ,
1525 1850 1561 1872 ut
1585 1841 1698 1873 dehac
1715 1840 1823 1874 nostra

948 1879 1096 1912 constat?
1118 1880 1184 1912 vid.
1206 1881 1277 1921 Cap.
1289 1883 1413 1921 praeced.
1466 1882 1629 1923 Superest,
1655 1890 1691 1914 ut
1709 1881 1822 1917 Glofl'a

948 1921 1029 1953 hane
1046 1922 1261 1954 authenticam
1283 1923 1404 1955 lrnerio
1432 1923 1597 1964 tribuerit,
1633 1931 1669 1956 ut
1683 1924 1822 1966 principi

947 1972 1053 1994 earum
1078 1963 1217 2003 auctori,
1253 1963 1331 1996 licet
1356 1964 1443 2003 haec,
1468 1965 1509 2011 Q.
1534 1964 1575 1997 D.
1599 1966 1636 1998 A.
1662 1975 1771 1999 revera
1785 1976 1819 1998 e·

946 2005 995 2045 jus
1013 2015 1077 2036 non
1093 2005 1139 2038 sit.
1185 2005 1262 2038 Non
1286 2005 1377 2037 aliter
1396 2006 1507 2038 ufitata
1523 2006 1681 2045 aavamn'wd
1698 2007 1823 2039 Tribo-

947 2048 1074 2079 nianum
1100 2047 1153 2088 Jus
1180 2046 1288 2079 Civile
1310 2046 1461 2088 digeffiss'e
1488 2049 1519 2080 &
1550 2049 1751 2090 interpolasse
1773 2049 1821 2081 fe-

946 2097 1020 2120 runt
1046 2089 1145 2130 vulgo
1166 2112 1176 2129 ,
1212 2089 1354 2130 quamvis
1379 2089 1445 2132 ipse
1463 2090 1569 2132 plures
1585 2091 1691 2131 operis
1707 2091 1822 2123 habue-

946 2130 988 2161 rit
1004 2129 1118 2162 socios.

990 2171 1091 2214 Igitur
1115 2173 1238 2205 abunde
1265 2173 1342 2206 fides
1369 2183 1500 2213 eorum,
1532 2184 1611 2216 quos
1627 2174 1795 2207 retulimus
1811 2197 1824 2213 ‚

949 2213 979 2245 §t
1007 2214 1044 2245 ad
1067 2213 1177 2246 Irnerii
1203 2223 1346 2257 tempora
1368 2216 1561 2248 accesserunt
1587 2226 1708 2258 prope,
1733 2225 1823 2247 com-

949 2265 1076 2287 munem
1103 2256 1316 2297 lutei-pretum
1339 2258 1472 2289 chorum
1494 2268 1510 2289 a
1531 2257 1729 2290 credulitatis
1744 2266 1823 2288 nota

949 2295 1108 2337 absolvit,
1131 2299 1208 2339 quid
1231 2300 1350 2330 etenim
1367 2300 1405 2331 iis
1430 2300 1588 2341 repones?
1613 2300 1666 2331 vel
1681 2298 1757 2340 quid
1776 2308 1822 2329 re-

950 2339 1043 2380 ponit
1073 2338 1154 2371 seua
1176 2349 1280 2379 nova,
1310 2341 1341 2372 in
1362 2341 1516 2374 Irnerium
1536 2340 1658 2372 scilicet
1674 2349 1738 2372 non
1757 2349 1824 2371 cre·

950 2380 1050 2413 dula‘?
1071 2380 1248 2413 nescivitne
1269 2382 1323 2414 fibi
1345 2390 1448 2414 tantas
1467 2382 1590 2414 obstare
1611 2381 1823 2423 phalangeis?

951 2421 1022 2453 sane
1041 2423 1235 2463 Molinaeus,
1266 2424 1353 2455 illius
1380 2423 1543 2455 sententiae
1563 2423 1628 2455 dux
1646 2424 1675 2454 <St
1691 2423 1821 2462 auctor,

952 2462 1036 2494 Left.
1063 2464 1132 2496 Dol.
1151 2464 1208 2496 Ill.
1231 2475 1263 2496 n.
1285 2475 1334 2506 23.
1368 2464 1553 2506 simpliciter
1576 2465 1730 2496 duntaxat
1752 2473 1822 2496 eam

951 2506 1124 2545 proponit,
1153 2506 1183 2538 ὅ(
1208 2507 1322 2545 unico,
1352 2507 1438 2547 quod
1462 2507 1533 2547 Cap.
1550 2506 1575 2538 I.
1590 2506 1821 2545 exhibuimus,

952 2555 1138 2586 argumento
1154 2547 1299 2587 instruit,
1325 2557 1440 2579 caetera
1455 2548 1546 2580 nihil.
1578 2548 1696 2580 Verum
1716 2548 1822 2579 Strau-

953 2587 1044 2619 chius
1067 2590 1098 2621 in
1122 2589 1234 2622 Irnerio
1259 2599 1317 2621 non
1334 2596 1449 2621 errante
1477 2590 1508 2621 C.
1531 2588 1571 2621 ΙΙ.
1593 2600 1623 2621 n.
1651 2599 1678 2620 1.
1703 2589 1733 2621 &
1749 2588 1822 2630 post

952 2637 1024 2659 eum
1042 2629 1268 2672 Pagenstecher
1288 2631 1319 2663 i'n
1334 2630 1499 2670 Prolufione
1517 2631 1625 2664 Irnerii
1642 2631 1757 2672 injuria
1765 2640 1819 2661 va-

946 2670 1103 2712 palantis,
1124 2673 1431 2712 animadverterunt,
1457 2672 1585 2704 officere
1599 2673 1653 2705 fibi
1665 2676 1694 2705 ό(
1712 2672 1821 2710 locum

953 2711 1105 2746 Odosredi
1124 2738 1134 2753 ‚
1166 2715 1197 2746 δε
1224 2722 1287 2746 tres
1316 2713 1441 2746 Gioffas
1456 2737 1467 2754 ,
1505 2715 1653 2746 nimirum
1676 2714 1713 2745 ad
1737 2713 1820 2744 auth.

953 2753 1015 2800 Qui
1039 2766 1084 2788 res
1111 2758 1142 2788 C.
1173 2757 1206 2787 de
1237 2757 1292 2788 SS.
1320 2756 1433 2797 EcclesL
1455 2756 1493 2788 ad
1509 2757 1589 2787 auth.
1610 2754 1759 2794 Defimklo
1785 2755 1820 2786 C.

950 2807 987 2831 αιι
1009 2796 1118 2830 Sciam
1148 2797 1271 2829 Tertull.
1301 2798 1337 2829 ad
1361 2798 1441 2828 auth.
1490 2797 1526 2829 In
1539 2796 1711 2838 succeffione
1733 2796 1764 2827 C.
1783 2796 1818 2826 de

941 2839 1007 2879 sicis
1028 2839 1063 2874 δ’
1080 2841 1165 2883 legit.
1182 2841 1236 2871 bio.
1261 2839 1299 2871 de
1313 2838 1443 2880 reliquis
1460 2838 1625 2875 omnibus,
1650 2847 1725 2878 quas
1741 2845 1820 2877 prae-

951 2891 998 2914 tei·
1018 2882 1048 2913 &
1064 2881 1153 2922 supra
1169 2891 1220 2912 eas
1245 2880 1342 2912 modo
1367 2880 1580 2921 protulimus,
1599 2879 1698 2910 altum
1717 2878 1820 2910 silent.

950 2922 1181 2964 Defunguntui·
1196 2930 1300 2953 autem
1320 2922 1358 2952 ad
1375 2921 1443 2952 haec
1459 2919 1658 2961 responsione
1672 2929 1752 2956 una,
1773 2919 1818 2950 vi·

949 2965 1068 2997 delicet
1088 2974 1128 2995 cx
1145 2974 1184 2995 eo
1197 2987 1206 3002 ‚
1232 2963 1318 3004 quod
1334 2963 1470 2999 dicitur,
1493 2961 1555 2992 esse
1573 2963 1603 2992 in
1623 2962 1652 2992 d.
1670 2961 1817 2992 authenti-

951 3009 992 3038 cis
1009 3006 1103 3037 verba
1121 3005 1261 3045 quaedam
1280 3003 1388 3035 Irnerii
1400 3024 1410 3039 ‚
1441 3012 1505 3034 non
1523 3002 1606 3033 recte
1632 3002 1742 3041 colligi
1756 3024 1767 3040 ,
1790 3012 1820 3033 e-

951 3049 999 3089 jus
1026 3047 1087 3078 cll'e
1113 3045 1192 3087 ipsas
1222 3045 1445 3081 authenticam
1474 3043 1550 3084 quin
1567 3043 1676 3084 potius
1693 3052 1822 3075 contra-

953 3091 1034 3121 rium
1046 3112 1055 3128 ,
1081 3096 1153 3119 cum
1171 3110 1182 3126 ,
1213 3087 1266 3127 qui
1287 3095 1382 3117 unuin
1409 3085 1464 3125 ajit
1482 3094 1522 3116 ex
1540 3084 1664 3116 duobus
1682 3085 1821 3126 proposi-

955 3131 1018 3169 tis,
1050 3129 1182 3161 alter-um
1210 3128 1354 3158 Videatur
1376 3135 1496 3166 negare.
1544 3125 1587 3157 Et
1612 3135 1651 3157 ne
1670 3125 1741 3166 quis
1758 3136 1822 3158 am-

954 3172 1061 3212 bigat,
1089 3169 1201 3202 lrnerii
1221 3168 1411 3208 adjectiones
1429 3177 1467 3198 ex
1492 3167 1555 3198 hoe
1575 3166 1643 3206 ipso
1664 3166 1821 3199 dionoscit

950 3212 1079 3252 Glossa,
1104 3209 1190 3253 quod
1217 3219 1280 3283 nqn
1294 3209 1352 3242 sm:
1382 3210 1415 3241 cie
1433 3215 1545 3250 corpore
1562 3208 1659 3241 [luth.
1697 3193 1816 3249 'ltaque
1848 3232 1853 3235 .

1279 3261 1297 3292 3
1750 3258 1823 3280 con—
