2008 3436
203 97 271 132 160
436 97 833 138 CORNELII

202 180 274 213 haec
293 183 544 226 considerantur,
569 195 604 220 ut
626 187 764 229 personae
782 189 975 222 accessiones.
1022 190 1065 222 Et

202 220 372 256 secundum
396 226 466 258 haec
489 228 676 260 Mornacius
702 229 799 261 refert
824 231 902 263 adl.
927 242 953 263 ε.
979 231 1007 272 §.
1032 242 1061 273 3.

198 263 240 304 ff.
265 265 299 296 de
323 266 428 307 Jndz'c.
474 268 552 310 Regi
579 269 752 301 Galliarum
772 272 937 312 placuisse,
971 273 1063 304 Anno

211 307 301 340 1608.
326 309 407 339 male
429 318 487 350 pro
514 311 634 342 locario
648 311 779 343 ‘Parisiis
798 312 928 345 Venetae
948 314 1062 355 Reipu-

203 344 297 379 blicae
314 348 406 390 legati
423 350 552 382 mobilia
570 351 662 383 fuisse
678 361 816 390 retenta3
841 355 870 385 δε
888 354 1064 386 constanter

202 386 248 418 ita
276 388 332 420 usu
359 389 403 421 est
418 391 572 423 servatum
597 393 744 433 deinceps
768 395 883 434 ubique
901 394 1063 426 Gentium.

205 428 266 460 Sed
281 429 366 462 forte
381 432 465 463 dices
477 455 486 470 ,
510 432 540 463 id
555 433 685 464 nimium
702 434 782 472 effe,
804 436 875 475 quia
891 445 927 467 ea
943 436 1065 468 mobili-

205 478 259 500 um
278 471 421 504 detentio
437 483 499 504 non
519 481 580 504 tam
596 474 632 505 fit
647 483 687 505 ex
702 475 793 506 causa
802 476 940 516 persona:
952 501 961 516 ,
973 486 1065 516 quam

201 510 275 549 'jure
295 513 326 544 in
345 523 397 552 re,
420 513 503 554 quod
522 515 653 546 locatori
670 518 824 556 competit
844 518 875 548 in
895 518 1065 549 inchtis&

204 552 302 584 illatis
313 576 323 592 ‚
346 555 491 594 quodque
504 554 552 593 jus
563 577 574 594 ,
597 556 666 596 lege
684 557 865 597 quaefitum,
888 559 998 599 legatis
1014 567 1064 589 au-

206 592 291 626 ferre
309 605 371 626 non
389 595 491 636 poffit.
535 596 594 627 Sed
613 604 733 628 tantum
753 598 853 638 abest,
881 608 914 630 ut
934 600 1066 631 nimium

206 635 365 674 dicamus,
388 644 422 667 ut
438 637 489 667 vel
509 638 602 675 bona,
625 647 757 678 quorum
779 641 921 672 meminit
936 642 964 672 d.
990 640 1064 671 Edi-

206 676 282 707 tinm
299 678 371 707 anni
392 681 480 716 1679.
504 687 566 709 nou
584 679 675 710 aliter
691 680 952 721 interpretemur,
975 690 1066 721 quam

208 719 281 748 bona
303 717 438 756 mobilia,
463 717 494 748 id
518 718 563 749 est
578 741 588 756 ,
617 719 774 758 utensilia,
806 723 1066 762 quemadmodum

205 759 329 800 plenius
344 758 445 789 dicam
456 781 468 796 ,
491 759 543 790 ubi
561 760 600 790 de
613 760 704 792 bonis
722 762 897 802 legatorum
912 762 1067 803 disputau-

206 800 281 831 dum
297 799 366 830 erit.
393 798 474 830 Haec
490 801 631 832 Utensilia
647 811 728 842 nego
739 812 798 838 ,ex
812 804 884 844 Jure
902 804 1065 842 Gentium,

208 840 333 882 pignori
347 839 426 879 effe,
452 841 503 872 vel
528 851 663 882 unquam
685 843 795 881 fuisse,
821 845 895 886 quin
921 855 980 876 nec
998 845 1067 885 capi

207 881 317 923 posse,
340 881 393 912 vel
419 881 455 912 ad
482 883 665 914 ordiendum
689 884 860 925 judicium,
885 886 936 917 vel
954 886 990 917 ad
1008 885 1067 917 ser-

206 923 343 954 vandum
354 945 363 961 ,
388 922 472 963 quod
488 923 577 955 nobis
591 924 743 963 debetur,
766 927 818 958 vel
844 927 880 958 ad
897 926 1067 968 exsequen-

207 965 279 995 dam
297 973 361 994 rem
377 963 555 1002 judicatam.
581 965 623 996 Et
641 965 735 997 facile
757 967 914 999 adsentior
932 967 1069 1007 Grotio,

207 1005 231 1038 fi
247 1005 285 1036 de
301 1004 469 1043 ntenfilibns
486 1006 638 1046 accipias,
653 1016 721 1048 quae
742 1008 806 1048 ipse
822 1009 968 1048 dixit,ea
985 1018 1069 1040 nem-

209 1055 248 1087 pe
264 1046 403 1087 pignoris
418 1044 507 1077 causa
522 1047 588 1087 capi
606 1057 671 1078 non
694 1049 796 1089 poss'e,
820 1060 871 1081 nec
881 1057 934 1090 per
943 1051 1067 1092 judicia-

208 1098 274 1118 rnm
291 1088 436 1125 ordinem,
457 1096 508 1117 nec
523 1098 612 1118 mann
628 1089 729 1130 Regia
740 1114 749 1128 ,
768 1091 896 1131 explosa
910 1091 951 1124 fic
966 1091 1069 1123 distin-

210 1129 335 1166 ctione,
356 1137 426 1168 quae
443 1127 511 1159 aliis
525 1129 620 1169 olim,
641 1129 691 1161 sed
709 1131 769 1162 sine
785 1133 922 1171 ratione,
945 1133 1069 1173 placue-

209 1177 267 1201 rat.
314 1168 366 1200 De
390 1169 603 1201 immobilibus
626 1171 719 1212 legati
746 1173 848 1203 minus
870 1173 1005 1214 pei-sefia
1029 1171 1074 1204 est

210 1209 322 1241 Grotii
346 1209 519 1249 sententia,
543 1209 594 1242 sed
624 1212 653 1243 ἃ,
683 1212 761 1244 hanc
779 1212 1003 1246 reservabimus
1017 1213 1073 1245 suo

212 1252 298 1283 loco.

207 1305 211 1308 *
255 1292 330 1324 Post
354 1292 418 1330 ait,
441 1302 565 1324 omnem
589 1294 783 1325 coactionem
811 1305 827 1326 a
848 1296 952 1336 legato
970 1296 1071 1328 abesse

211 1342 377 1375 oportere,
401 1342 463 1363 tam
481 1334 563 1373 quod
582 1334 618 1364 ad
637 1335 817 1375 personam,
833 1346 924 1376 quam
943 1338 1026 1378 quod
1036 1337 1073 1368 ad

214 1385 264 1406 res
280 1375 308 1405 ei
328 1373 520 1405 necessarias.
565 1374 661 1420 Quod
687 1384 720 1406 ut
736 1377 922 1416 generaliter
937 1378 1051 1409 dietum
1063 1401 1074 1417 ,

213 1417 258 1447 ita
275 1415 459 1456 generaliter
483 1415 647 1447 multoties
664 1416 708 1447 est
725 1417 933 1458 descriptum,
958 1429 1014 1450 nec
1031 1427 1073 1450 ta-

212 1466 285 1488 men
313 1455 386 1487 satis
411 1455 622 1496 explicatum,
648 1457 739 1500 quid,
763 1459 864 1491 vetita
888 1460 1073 1501 coactione,

906 113 1015 141 vAN

840 1561 1193 1597 CAPUT

1090 104 1684 145 BYNKERSHOEK

1107 199 1245 224 vetetur.
1289 193 1339 225 An
1363 192 1393 224 ἃ
1418 193 1448 224 in
1464 193 1512 232 jus
1529 195 1656 226 vocatio
1669 196 1686 227 ’ἓ
1708 206 1777 229 nam
1793 199 1822 231 ὃ(
1837 199 1901 234 haec
1917 202 1953 237 fit

1106 232 1348 265 sinecoat‘tione
1363 235 1392 265 &
1410 234 1534 266 laefione
1551 235 1689 276 personae
1702 261 1711 276 ,
1736 248 1795 270 nec
1809 242 1954 284 amplius,
2005 274 2008 282 ,

1106 283 1142 304 uc
1159 275 1254 313 olim,
1277 275 1409 306 obtorto
1424 275 1528 307 collo:
1553 277 1597 307 ita
1613 285 1733 317 tamen,
1756 289 1794 311 ne
1809 281 1876 321 post
1893 283 1952 318 sen·
2004 283 2005 286 ’

1107 316 1237 346 tentiam
1254 315 1384 356 persona
1401 316 1493 356 legati
1511 316 1683 358 affligatur,
1707 322 1826 353 carceri
1843 325 1955 358 manci-

1114 363 1218 394 )etu1·‚
1240 357 1332 397 eique
1352 357 1565 398 relinquatur,
1590 368 1630 390 ne
1655 361 1771 401 egeat?
1794 361 1834 394 fic
1857 364 1957 400 Curiae

1143 397 1288 428 ollandiae
1315 397 1416 429 visum
1439 397 1484 429 est
1504 398 1598 430 Anno
1628 403 1716 441 1644.
1749 409 1784 434 ut
1805 403 1869 436 dixi
1886 406 1956 448 Cap.

1108 437 1164 468 Vl.
1188 437 1239 469 sed
1255 439 1298 469 ita
1313 449 1375 471 non
1392 437 1476 471 sedet
1493 438 1632 478 Grotio,
1654 451 1757 483 neque
1773 445 1852 478 enim
1868 446 1898 479 in
1908 448 1962 488 ine

1107 479 1238 509 vocatio
1261 479 1342 511 inter
1368 480 1482 512 modos
1507 480 1551 512 est
1569 504 1580 520 ,
1611 491 1689 523 quos
1714 493 1790 516 mox
1812 487 1957 524 creditori

1130 518 1281 551 raescribit
1297 544 1306 559 ,
1337 520 1359 552 fi
1384 521 1458 562 quid
1487 521 1588 554 debiti
1613 525 1808 557 contraxerit
1831 525 1930 569 legatu
1951 532 1964 541 ‘'

1134 561 1230 592 rimus
1250 560 1314 599 est,
1338 569 1392 601 ut,
1416 561 1438 594 fi
1461 572 1509 595 res
1532 563 1590 595 soli
1608 573 1646 595 eo
1670 565 1747 597 loco
1770 576 1835 605 non
1850 567 1906 600 ha'
1932 568 1935 570 ’

1108 600 1126 640 ζ
1137 601 1221 641 quod
1243 612 1326 633 nunc
1350 603 1498 644 transeo)
1521 604 1586 645 ipse
1610 607 1820 647 compelletur
1841 610 1966 656 amice„

1109 642 1194 682 quod
1208 643 1238 674 δι
1254 643 1285 674 in
1301 644 1369 675 aliis
1388 644 1520 676 aliorum
1539 646 1652 678 debitis
1671 648 1833 689 exigendis
1849 648 1913 682 serv
1947 653 1963 670 “’

1109 682 1236 714 adsolet.
1282 684 1443 717 Secundus
1464 684 1534 724 est,
1557 696 1612 725 ut,
1633 687 1655 720 si
1680 689 1854 730 detrectet,
1877 691 1963 730 coni„

1109 724 1265 764 pelletur,
1285 726 1337 766 qui
1354 726 1457 764 misit,
1479 728 1563 767 quod
1589 728 1683 760 etiam
1704 731 1888 773 quandoque
1904 731 1966 783 serg

1109 772 1230 802 vatur,
1261 766 1292 797 ὅς
1317 766 1367 797 hic
1397 767 1490 799 Anno
1518 777 1608 809 1721.
1654 770 1786 803 Ordines
1810 771 1969 820 Foedera&

1109 805 1208 846 Belgii
1228 805 1389 839 servarunt
1409 808 1439 839 in
1456 810 1675 850 compellando
1693 811 1787 844 Duce
1801 812 1921 847 Holsati
1939 815 1954 821 ⁰
1967 818 1974 829 ⁶

1109 847 1193 886 quod
1212 847 1249 877 ad
1265 857 1306 878 aes
1330 848 1483 889 alienum,
1507 851 1591 891 quod
1617 851 1683 892 ejus
1701 853 1820 895 legatus
1836 855 1867 887 in
1883 823 1973 892 Ηεῗτ

1110 887 1211 919 landia
1227 889 1417 921 contraxisse
1429 890 1601 923 dicebatur.
1634 893 1693 925 Sed
1709 895 1784 935 quid
1803 895 1905 928 debita
1919 897 1943 934 1,
1972 896 1973 903 ¹

1111 928 1173 970 gari
1190 929 1227 960 ad
1245 929 1441 971 Principem,
1454 932 1505 973 qui
1523 933 1719 967 misit?nihil
1744 936 1835 968 ilane.
1861 936 1939 970 Pot‘
1966 935 1974 981 ἦ

1112 979 1146 1001 ea
1163 979 1211 1001 res
1230 970 1341 1002 habere
1362 972 1551 1012 utilitatem,
1574 974 1595 1006 fi
1620 974 1706 1007 forte
1750 977 1872 1018 rinceps
1889 979 1918 1011 le

1113 1019 1179 1042 tum
1195 1020 1321 1043 moneat
1347 1013 1443 1045 officii
1461 1013 1506 1045 sui
1530 1016 1561 1047 in
1583 1018 1791 1058 expungendo
1818 1028 1878 1050 aere
1893 1021 1968 1053 alie·

1110 1061 1172 1090 no,
1197 1051 1247 1083 sed
1264 1061 1298 1083 ut
1315 1052 1378 1093 ipse
1393 1054 1487 1094 judex
1507 1055 1609 1088 sedeat
1626 1058 1658 1088 in
1679 1058 1774 1091 causis
1785 1047 1980 1114 controverss}<

1111 1093 1342 1133 fis,nemojurc
1359 1095 1571 1135 postulaverit.
1589 1098 1774 1131 Extremum
1785 1101 1976 1160 remedium‘iq

1111 1134 1196 1174 quod
1215 1133 1347 1166 Grotius
1365 1137 1537 1177 proponit,
1549 1147 1614 1171 non
1633 1139 1704 1171 satis
1721 1141 1981 1184 intelligo,qua,··

1116 1175 1146 1206 le
1162 1174 1208 1206 sit.
1255 1175 1304 1207 Ita
1330 1182 1384 1214 nt,
1408 1177 1528 1217 inquit,
1552 1181 1590 1210 ad
1607 1179 1780 1221 postremum
1797 1186 1933 1224 zflnrpent
1962 1212 1963 1216 ,

1115 1225 1149 1246 ea
1158 1237 1169 1253 ,
1190 1225 1248 1260 qnae
1272 1218 1408 1261 aclveiyns
1425 1220 1583 1258 debitores,
1605 1228 1690 1252 extra
1705 1225 1883 1255 territorium
1894 1222 1982 1266 post-2⁵.

1116 1262 1176 1294 tos,
1189 1258 1432 1303 usin-,oflrisolena
1458 1258 1538 1305 Qua:
1556 1260 1622 1292 haec
1640 1261 1716 1301 sint,
1733 1273 1797 1295 non
1815 1267 1947 1306 exponit
1957 1270 1982 1304 ‚¹¹

1115 1306 1185 1328 nam
1204 1306 1274 1327 cum
1291 1307 1349 1328 nec
1375 1309 1406 1330 in
1424 1299 1472 1338 ius
1499 1303 1718 1342 vocationem,
1740 1313 1799 1335 nec
1815 1305 1974 1338 detentio:

1115 1348 1184 1370 nem
1195 1360 1205 1376 ,
1229 1347 1269 1369 ex
1284 1338 1371 1369 causa
1387 1340 1492 1371 ari-esti
1503 1363 1514 1378 ,
1537 1341 1715 1383 intelligat,
1738 1343 1802 1385 ipse
1819 1346 1874 1377 vix
1889 1335 1971 1384 adse-,³

1115 1389 1211 1420 quor,
1239 1379 1312 1420 quid
1335 1380 1390 1411 fibi
1416 1381 1512 1420 velit,
1538 1383 1593 1414 nisi
1620 1384 1650 1414 id
1674 1385 1774 1424 velit,
1799 1386 1884 1426 quod
1906 1384 1972 1429 ipse,

1115 1430 1226 1452 verum
1244 1428 1344 1462 puto,
1369 1422 1399 1454 ἅ
1419 1423 1489 1463 Cap.
1505 1423 1569 1465 seq.
1592 1424 1686 1456 latius
1706 1426 1904 1469 interpretor.
1961 1428 1964 1433 '

1289 1563 1332 1598 X·
1942 1576 1968 1603 'i

333 1643 399 1678 Ubi
422 1642 463 1684 &³
487 1644 740 1689 quemadmodum
765 1647 890 1694 legatus
905 1676 913 1690 ‚
940 1651 973 1684 in
999 1648 1094 1695 causa
1119 1650 1210 1683 civili
1229 1676 1237 1691 ,
1254 1649 1302 1725 fig
1326 1654 1589 1689 conveniendus?
1621 1653 1663 1696 (5⁹
1687 1657 1741 1692 uhi
1764 1655 1854 1693 Con·
1961 1670 1968 1706 y

896 1699 981 1734 sules
998 1725 1010 1743 ‚
1044 1700 1096 1744 qui
1121 1700 1284 1734 dicuntur.

278 1790 287 1821 i
311 1790 474 1821 conveniri
501 1799 634 1832 nequeat
662 1792 782 1834 legatus
811 1794 890 1835 apud
916 1795 1073 1835 judicem,

214 1791 268 1871 S
293 1830 346 1861 ubi
364 1831 469 1872 degit,
495 1832 622 1864 interest
643 1832 720 1865 scire
734 1857 744 1873 ,
767 1834 818 1866 ubi
842 1837 1075 1869 conveniendus

213 1873 260 1905 fit.
308 1870 411 1911 Ipsum
429 1879 531 1904 autern
549 1873 743 1915 Principem,
769 1876 821 1915 qui
840 1876 940 1914 misit,
965 1878 1002 1908 ab
1018 1878 1075 1909 hae

213 1912 407 1954 inspectione
422 1922 534 1952 arceo,
557 1914 611 1946 nifi
625 1939 634 1954 ‚
658 1914 679 1947 si
702 1916 807 1948 miffus
823 1926 885 1948 non
903 1917 978 1949 effen
994 1919 1074 1959 lega-

215 1962 284 1993 tus,
306 1952 373 1994 ipse
389 1953 536 1995 Princeps
553 1955 592 1986 de
610 1956 676 1996 ejus
694 1956 784 1988 causa
800 1956 907 1989 fuiss'et
920 1959 1076 1999 judicatu-

214 2005 286 2032 rus3
311 2004 380 2034 quae
406 1995 522 2034 judicia
541 2006 619 2027 vraro
644 1997 699 2038 ipsi
730 1997 891 2040 Principes
915 2008 1076 2032 exercent.

215 2035 421 2074 Caeteroquin
441 2037 626 2076 generaliter
656 2038 803 2071 existimo
821 2063 831 2079 ,
868 2041 1004 2082 legatum
1033 2042 1078 2072 ita

210 2075 489 2114 conveniendum,
507 2085 601 2118 atque
618 2078 639 2110 fi
656 2079 718 2118 ibi,
742 2080 792 2111 ubi
813 2081 931 2122 legatus
948 2083 1010 2122 est,
1027 2092 1078 2114 ne-

216 2126 278 2158 que
295 2115 389 2155 esset,
414 2126 513 2157 neque
531 2120 736 2151 contraxisset
745 2144 757 2159 „
771 2130 873 2161 neque
889 2122 989 2162 bona,
1015 2132 1078 2155 tnn-

216 2167 309 2198 quam
326 2157 466 2197 legatus,
488 2158 623 2190 haberet.
670 2160 754 2207 Quia
775 2162 931 2203 legatione
947 2165 1078 2196 domici-

216 2199 296 2231 lium
311 2207 374 2229 non
394 2199 550 2238 mutavit,
562 2209 620 2231 nec
634 2199 739 2233 forum
756 2203 886 2235 mutasse
903 2205 1079 2246 intelligen-

216 2236 355 2277 dus'est,
379 2247 472 2280 atque
494 2240 571 2271 adeo
597 2243 806 2275 convenietur
830 2244 860 2276 in
881 2245 975 2285 loco,
998 2246 1079 2278 unde

215 2281 251 2313 :in
272 2280 462 2321 legationem
486 2281 646 2321 profectus
672 2284 734 2322 est,
759 2284 780 2316 si
800 2285 894 2325 judex
911 2288 977 2327 ejus
995 2287 1057 2319 loci
1070 2310 1080 2325 ,

218 2328 290 2353 ante
315 2320 544 2362 profectionem
559 2346 568 2361 ,
594 2323 687 2364 legati
713 2324 811 2357 fuerit
834 2327 927 2366 judex
954 2337 1080 2369 compe-

218 2369 307 2400 tens,
327 2362 379 2393 vel
408 2363 588 2404 quicunque
613 2365 691 2397 alius
714 2366 780 2407 ejus
807 2366 906 2399 fuerit
929 2369 1024 2409 judex
1050 2369 1081 2401 in

219 2403 357 2444 Imperio
383 2402 557 2445 Principis,
580 2406 633 2445 qui
656 2406 792 2448 legatum
811 2409 901 2441 misit.
948 2409 1044 2453 Quod
1061 2410 1083 2442 fi

218 2444 333 2477 nullibi
358 2451 430 2475 ante
455 2443 686 2484 profectionem
713 2448 856 2481 habuerit
882 2451 934 2482 vel
951 2451 1081 2483 domici-

220 2486 320 2524 lium,
338 2486 389 2516 vel
406 2485 562 2525 judicem,
579 2496 644 2519 non
662 2488 707 2519 est
725 2490 779 2522 nisi
795 2491 832 2521 ad
850 2490 1025 2532 supremum
1038 2492 1083 2531 ju—

219 2526 323 2557 dicem
338 2525 542 2567 Principis,a
558 2537 621 2568 quo
641 2529 746 2562 miss'us
766 2530 827 2569 est,
839 2532 990 2565 recursus.
1018 2532 1082 2564 Ne-

221 2575 283 2607 que
303 2567 442 2605 legatUS,
467 2565 508 2597 ibi
526 2575 721 2609 conventus,
746 2573 904 2614 excipiet,
928 2574 958 2606 se
971 2574 1084 2614 Reipu-

220 2607 313 2638 blicae
331 2605 422 2637 causa
438 2606 555 2646 abesse,
580 2617 675 2650 atque
691 2612 769 2643 adeo
787 2613 817 2644 se
834 2615 970 2646 invitum
993 2616 1023 2646 in
1037 2615 1084 2654 jus

224 2647 334 2678 vocari
359 2656 422 2678 uon
446 2647 550 2686 poss‘e,
574 2658 645 2680 cum
660 2672 670 2687 ,
693 2651 820 2684 fictione
841 2655 954 2693 judicis
976 2656 1083 2686 habea-

220 2695 276 2720 tur
291 2697 349 2728 pro
366 2687 535 2728 praesente,
560 2698 600 2720 ne
615 2690 671 2722 ulli
687 2696 878 2734 caeteroquin
897 2696 992 2726 ullius
1007 2696 1085 2735 judi-

220 2729 292 2767 cis,
312 2728 386 2760 foro
405 2728 515 2769 subjici
538 2730 641 2770 poslit.
686 2731 782 2777 Quod
799 2743 890 2774 quam
908 2736 1020 2767 inutile
1037 2747 1082 2768 cs-

224 2769 291 2808 set,
316 2769 451 2801 maxime
476 2770 507 2801 in
533 2771 570 2802 iis
597 2772 650 2812 qui
675 2782 825 2814 perpetua
841 2775 998 2816 legatione
1013 2777 1082 2808 fun-

220 2818 360 2852 guntur,
393 2820 441 2842 res
466 2811 529 2852 ipsa
552 2812 704 2853 loquitur.
750 2813 844 2853 Non,
868 2817 1011 2856 inquam,
1033 2827 1086 2849 ex-

224 2852 325 2893 cipiet
343 2851 481 2892 legatus,
505 2853 561 2885 nisi
580 2853 714 2893 speciale
732 2856 931 2897 privilegium
954 2857 1086 2897 habeat3

224 2893 318 2933 quale
333 2892 427 2924 Anno
449 2895 539 2935 1643.
587 2895 720 2927 Ordines
747 2895 916 2929 Generales
936 2898 986 2929 uni
1006 2899 1084 2940 lega-

224 2940 332 2964 torum
350 2932 474 2964 suorum
485 2958 494 2971 ,
508 2943 587 2974 quos
603 2943 680 2968 tunc
697 2937 864 2970 mittebant
880 2939 911 2970 in
927 2938 1084 2979 Angli-ain,

225 2974 398 3011 dederunt,
422 2984 461 3005 ne
478 2974 599 3007 scilicet
615 2977 688 3009 lites
706 2978 866 3011 inchoatas
886 2988 996 3010 contra
1014 2990 1085 3012 eum

224 3014 368 3055 persequi
386 3015 515 3053 liceret,
538 3015 589 3047 sed
617 3027 777 3050 manerent
795 3019 827 3051 in
846 3019 947 3059 statu,
970 3021 999 3052 in
1020 3031 1084 3061 quo

225 3064 333 3093 erant,
351 3065 432 3087 neve
446 3057 540 3088 etiam
557 3067 650 3090 novae
668 3059 923 3100 instituerentur,
939 3062 1084 3102 quamdiu

226 3094 292 3134 ipse
306 3096 439 3135 abesset,
451 3097 481 3128 &
497 3097 549 3129 sex
568 3098 638 3139 post
656 3101 789 3132 reditum
805 3102 872 3142 ejus
887 3102 1082 3144 septimanaS,

230 3135 296 3166 vid.
319 3136 463 3169 Aitzema
480 3138 549 3170 Lib.
573 3139 700 3173 XXIII.
719 3147 752 3182 p.
777 3153 816 3174 m.
839 3147 912 3184 6n4.

230 3196 253 3208 .·
267 3175 365 3222 Quod
380 3177 421 3210 fle
443 3179 533 3219 dico,
559 3180 695 3222 legatos,
719 3183 792 3215 dum
810 3184 903 3226 legati
919 3183 1009 3224 sunt,
1031 3183 1080 3216 so-

1115 1805 1184 1828 rum
1198 1806 1317 1828 novum
1335 1807 1398 1830 non
1418 1798 1543 1839 sortiri,
1559 1801 1610 1833 sed
1629 1801 1749 1835 servare
1762 1809 1870 1842 vetus,
1888 1801 1973 1844 quod

1117 1844 1188 1868 ante
1208 1838 1397 1878 legationem
1419 1840 1593 1874 habuerunt
1613 1843 1645 1875 in
1668 1843 1802 1885 Imperio
1821 1843 1922 1876 Princi
1947 1844 1974 1876 is

1117 1877 1182 1916 sui,
1206 1879 1234 1910 ἃ
1252 1880 1424 1919 legatorum
1441 1883 1600 1923 conditio,
1624 1894 1716 1925 quam
1731 1884 1818 1925 supra
1831 1894 1913 1925 expo
1929 1884 1974 1923 ui,

1117 1919 1324 1960 demonstrat,
1337 1921 1366 1953 dc
1384 1923 1484 1962 palam
1501 1923 1711 1966 significarunt
1727 1926 1860 1958 Ordines
1873 1924 1974 1964 Geness,

1119 1961 1197 1991 rales
1215 1960 1338 1992 Deci-eto
1363 1971 1397 1993 1ἢ
1437 1963 1539 1997 onor).
1566 1970 1654 2007 1679.
1677 1967 1761 2006 quod
1779 1965 1824 1999 est
1849 1967 1879 1998 in
1903 1966 1973 1998 Fora·

1119 2001 1240 2033 ninlario
1262 2002 1340 2033 Tom.
1364 1986 1409 2035 11)..
1432 2005 1463 2036 C.
1488 2005 1512 2047 l.
1531 2012 1563 2046 p.
1592 2016 1637 2043 19.
1719 2007 1877 2039 uaefiverat
1895 2001 1980 2047 apud*

1121 2042 1254 2074 Ordines
1270 2041 1438 2076 Generales
1452 2046 1600 2077 creditrix
1618 2056 1686 2088 quae
1710 2058 1757 2079 am
1774 2043 1886 2086 vidua,
1905 2043 1975 2080 Con·-

1112 2083 1226 2124 finem,
1262 2092 1297 2114 ut
1322 2094 1459 2123 vocant,
1493 2087 1647 2119 Ordinum
1671 2087 1892 2127 Generalium,
1922 2091 1976 2130 q'-

1123 2133 1198 2155 tunc
1226 2124 1408 2166 Ulyffipone
1435 2127 1585 2168 degebat,
1610 2129 1640 2160 &
1665 2138 1753 2161 antea
1780 2129 1933 2161 Rotterda

1122 2165 1275 2196 habitarat
1284 2166 1356 2204 ,ubi
1374 2168 1577 2208 conveniret,
1588 2178 1640 2201 aut
1659 2170 1739 2212 apud
1756 2170 1882 2202 Curiam
1897 2169 1975 2203 Holss

1122 2206 1232 2238 landiae
1249 2229 1258 2245 ,
1288 2214 1342 2237 aut
1366 2208 1445 2248 apud
1472 2209 1624 2242 Scabinos
1647 2208 1976 2251 Rottcrdammenses‘?

1122 2247 1254 2279 Ordines
1270 2257 1346 2278 vero
1363 2249 1455 2280 Anno
1478 2253 1565 2290 1679.
1592 2260 1641 2293 13.
1665 2252 1735 2284 Ost.
1761 2252 1929 2284 deci-evera
1948 2270 1949 2274 =

1123 2288 1167 2320 ibi
1192 2289 1396 2326 conveniret,
1422 2290 1474 2322 ubi
1505 2293 1670 2324 conveniri
1695 2293 1819 2334 posset,
1841 2292 1862 2325 fi
1879 2292 1937 2325 adh

1123 2329 1318 2361 Rotterdami
1334 2329 1505 2371 habitaret,
1530 2333 1581 2363 dat
1609 2344 1622 2364 e
1637 2335 1817 2376 beinsbnden
1831 2333 1978 2369 convenie-

1124 2381 1177 2402 ren
1194 2371 1432 2413 voorsodanigen
1451 2373 1566 2415 Regter
1617 2383 1674 2408 IER
1689 2384 1733 2406 Tr„
1749 2375 1892 2414 LANDE,
1912 2383 1948 2406 vo

1121 2414 1180 2443 'den
1203 2412 1317 2443 welken
1335 2413 1372 2453 by
1386 2413 1474 2454 finale
1489 2416 1595 2446 hebben
1611 2416 1721 2447 konnen
1739 2417 1858 2446 werden
1875 2424 1943 2457 geco
1961 2418 1978 2440 ’-

1125 2454 1277 2491 verneert,
1299 2455 1401 2485 indien
1422 2455 1460 2496 by
1488 2465 1545 2498 nog
1573 2462 1614 2487 tot
1638 2456 1988 2500 Rotterdam.wonagtig'

1126 2504 1201 2526 was.
1225 2493 1406 2534 Creditrix,
1418 2496 1579 2528 viduarum
1595 2497 1762 2537 privilegio
1778 2493 1829 2542 usa
1844 2505 1884 2528 ex
1899 2497 1928 2538 §.
1947 2500 1982 2552 εξ,

1122 2535 1235 2567 'Formae
1265 2536 1356 2566 Cum'ae
1380 2536 1461 2568 Holl.
1494 2535 1661 2568 Consulem
1691 2537 1729 2568 ad
1746 2536 1870 2569 Curiam
1889 2540 1979 2578 vocae

1127 2576 1176 2607 vit
1202 2577 1229 2607 cl.
1254 2575 1380 2609 Fui-mul.
1407 2577 1485 2608 Tom.
1508 2576 1533 2608 1.
1566 2577 1598 2607 C.
1630 2576 1655 2608 Ι.
1678 2587 1707 2609 n.
1744 2587 1790 2609 11.
1825 2578 1942 2618 Adjicit

1128 2624 1233 2648 autem
1256 2617 1287 2648 in
1311 2627 1350 2648 eo
1375 2617 1523 2654 decreto,
1546 2617 1615 2656 bic,
1639 2618 1701 2649 bier
1729 2624 1756 2650 te
1778 2619 1902 2659 Lande,
1925 2612 1974 2657 cii

1127 2658 1200 2698 jus,
1227 2657 1247 2689 si
1275 2667 1334 2697 qua
1360 2657 1396 2689 sit
1416 2679 1427 2695 ‚
1449 2657 1519 2689 haec
1544 2656 1696 2690 sententia
1725 2659 1788 2698 est,
1815 2669 1904 2692 extra
1927 2659 1978 2701 ha)

1129 2699 1284 2739 Regiones
1310 2707 1435 2738 quoque
1460 2699 1623 2731 conveniri
1648 2700 1734 2741 posse
1752 2723 1763 2739 ,
1796 2701 1848 2733 ubi
1867 2723 1879 2740 ,
1908 2705 1947 2732 c'

1127 2739 1322 2770 Rotterdami
1349 2738 1519 2778 babitaret,
1543 2748 1607 2772 non
1629 2748 1781 2782 poterat,
1804 2742 1835 2774 id
1864 2740 1925 2782 est,

1128 2779 1202 2811 loco
1226 2777 1416 2810 Consulatus
1438 2779 1608 2811 Consulem
1636 2781 1722 2823 poss'e
1742 2783 1927 2822 conveniri,

1128 2820 1160 2851 in
1187 2820 1260 2850 loco
1281 2819 1452 2860 domicilii,
1478 2828 1512 2852 ut
1539 2821 1578 2852 de
1598 2822 1750 2855 Senatore
1767 2823 1798 2855 in
1821 2824 1842 2856 l.
1873 2833 1919 2856 11.
1939 2842 1942 2846 Δ

1128 2861 1161 2891 de
1180 2860 1309 2891 Senator.
1337 2860 1393 2891 scri
1421 2869 1486 2893 tum
1509 2861 1564 2894 cst.
1590 2862 1656 2896 Nifi
1673 2864 1815 2896 malimus
1830 2864 1902 2905 illa,

1129 2907 1156 2931 te
1181 2900 1305 2939 Lande,
1330 2910 1364 2932 ut
1405 2912 1614 2942 uper-vacanca
1639 2905 1797 2946 accipere,
1821 2913 1857 2937 ut
1882 2915 1911 2938 m
1934 2912 1935 2916 ’

1129 2940 1356 2982 supervacanea
1373 2943 1491 2976 Edictis
1503 2944 1532 2976 δι’.
1548 2943 1696 2977 Decretis
1713 2945 1865 2978 Ordinum
1880 2914 1939 2982 soilv

1128 2982 1236 3021 inseri,
1260 2992 1343 3022 non,
1362 2993 1396 3014 ut
1411 2984 1466 3015 ille
1483 2985 1625 3026 dicebat,
1645 2988 1837 3019 dubitatirmis
1852 2987 1902 3018 toll
1928 3022 1930 3024 ,

1126 3025 1227 3064 gratia
1240 3046 1250 3060 ‚
1276 3024 1327 3055 scd
1343 3026 1491 3066 augenda:
1511 3027 1637 3066 potius,
1660 3027 1689 3059 &
1708 3027 1866 3060 turbandae
1883 3036 1913 3060 m

1127 3064 1297 3096 ientcntiae.
1724 3076 1725 3079 ’
1963 3074 1970 3080 “’

1166 3105 1220 3143 Si,
1245 3115 1279 3136 ut
1308 3104 1531 3147 supervacanea
1553 3109 1724 3150 accipimus
1740 3131 1750 3147 ,
1773 3107 1876 3141 sensus
1899 3106 1973 3149 erit,
1993 3131 1997 3137 r

1125 3144 1277 3178 Consules
1292 3147 1359 3186 jure
1373 3148 1543 3188 legatorum
1561 3151 1627 3188 uti,
1641 3151 1671 3182 ὅ(
1690 3159 1782 3182 vetus
1797 3150 1900 3181 forum
1919 3148 1975 3183 sbr-

1125 3196 1217 3226 νοτε,
1241 3197 1305 3220 non
1331 3190 1506 3222 constituto
1529 3200 1627 3224 nove.
1650 3192 1703 3230 Si,
1728 3190 1851 3232 utquid
1867 3187 1973 3230 signifi:

1881 3239 1972 3270 cent,
