2008 3436
489 124 890 163 CORNELII
940 133 1045 159 VAN

189 209 217 248 ᾗ.
245 219 271 239 2.
297 208 324 238 (ἶ.
352 207 410 239 Tit.
434 217 474 239 ex
494 216 557 248 quo
586 204 807 238 Gothofredus
833 211 940 235 notam
969 202 1053 234 suam

189 249 348 281 instruxit.
395 249 517 280 Lemnii
537 248 682 279 omnibus
708 246 780 278 Diis
797 245 933 276 decimas
955 254 1052 275 vove-

188 291 280 328 bant,
306 299 441 331 excepta
461 289 525 321 sola
548 290 688 328 Venere,
713 296 748 318 ut
766 287 809 318 est
827 286 908 326 apud
926 285 1052 331 Lactan-

189 332 267 362 tium
292 331 328 362 ad
352 332 429 363 Stat.
458 331 595 362 Tuebcnd.
626 330 664 361 L.
689 329 727 360 V.
762 328 835 368 ‘vers
860 337 909 364 29.
956 327 1051 357 Polli-

187 373 302 404 citatio
321 383 417 414 genus
434 368 497 408 est,
522 375 551 404 ot
570 371 606 403 rit
627 380 688 402 tam
705 370 797 408 Deo,
823 377 914 409 quam
938 367 1052 408 Reipu-

186 414 280 445 biit-te
298 437 308 452 ,
339 423 453 445 votum
468 414 512 446 est
528 412 644 454 species
662 435 671 450 ,
705 420 774 442 nam
798 409 883 450 quod
899 407 971 450 Deo
987 408 1056 453 pol-

187 455 313 486 licitum
331 455 393 493 est,
417 456 515 496 magis
529 461 627 485 votum
645 452 762 483 dicitur
785 451 804 481 l.
817 460 845 480 2.
864 456 912 490 pr.
930 449 966 483 {5²
985 451 1012 489 ᾖ,
1027 458 1054 479 2.

188 497 215 527 d.
244 496 303 528 Tit.
349 497 395 528 Ut
412 505 516 528 autem
534 495 665 535 iimplex
681 493 804 533 pactum
829 491 1058 530 obligationem

188 547 253 568 non
271 538 418 579 producit
437 560 447 576 ,
479 538 523 568 ita
540 545 598 567 nec
611 533 806 575 pollicitatio
821 554 833 570 ‚
856 541 926 572 quae
943 532 972 562 (it
996 528 1059 571 ipsa

188 579 313 619 pactum
331 578 393 618 est,
419 579 473 610 nisi
494 576 578 618 quod
598 577 629 606 in
649 576 705 606 hac
722 574 907 614 plerumque
933 581 1056 613 expres-

188 620 239 652 sus
255 621 440 661 accipientis
451 615 617 650 consensus
626 615 702 647 desit
714 616 731 646 l.
746 625 774 656 3.
784 614 875 656 pr.ff.
889 613 960 644 Eori.
973 611 1057 658 quod

188 661 311 704 plenius
319 661 509 700 exsequutus
526 657 571 689 est
581 657 751 689 Connanus
774 657 878 686 Comm.
898 655 970 695 err.
990 654 1054 684 Civ.

190 702 274 735 LV.
289 704 318 734 C.
331 708 358 737 8.
372 704 401 733 ἃ
415 701 550 741 Hiiliger
568 699 686 730 Donell.
701 697 808 729 Eszucl.
830 697 868 728 L.
880 696 956 728 >tlt
983 696 1054 735 C.5.

190 746 236 775 ἰῑῑ.
262 744 302 775 A.
326 745 355 774 in
381 742 484 774 Notat.
511 741 570 773 Sed
588 740 666 772 licut
683 739 767 770 aliud
777 738 901 778 patrum
918 737 1058 778 obligat,

177 785 339 818 ·1icausam
353 784 461 815 habeat
472 804 482 820 ‚
505 783 549 814 ita
561 783 591 814 dt
606 780 802 822 pollicitatio
826 780 845 810 l.
861 788 887 810 1.
899 778 927 818 §.
944 787 969 809 1.
981 788 1008 809 2.
1023 777 1058 812 &³

194 837 220 862 ς.
248 826 321 858 Emi.
346 827 365 857 l.
394 835 440 861 19.
460 830 506 864 pr.
532 823 572 865 ff.
600 824 633 853 de
656 821 768 853 Donat.
796 821 818 852 fi
837 819 1057 864 non—habeat,

190 863 302 899 contra
325 868 352 898 d.
378 866 449 898 LL.
471 874 572 906 eoque
588 864 713 900 refero,
736 862 820 903 quod
842 861 992 902 Ulpianus
1014 861 1058 891 ait

190 911 222 941 in
247 910 266 941 l.
291 918 322 948 5.
348 908 388 949 ff.
411 909 444 938 de
468 907 632 938 Pollicem.
661 904 698 935 ad
721 903 894 934 editionem
921 901 1058 933 muneris

189 951 367 991 gladiatorii
387 960 451 981 non
471 949 587 986 teneri,
612 946 665 988 qui
686 945 849 985 epistolam
871 944 1008 974 muneris
1026 953 1055 974 e-

189 984 284 1023 dendi
300 992 398 1032 gratia
413 989 532 1029 emisit,
557 989 675 1020 nullam
693 987 776 1017 enim
801 995 836 1016 ea
856 985 909 1016 Iex
936 984 1058 1030 causam

191 1033 303 1064 edendi
329 1039 492 1063 memorat.
540 1030 684 1070 Ineptum
710 1027 754 1058 est
770 1049 782 1065 ,
805 1026 890 1067 quod
916 1025 1058 1057 Alciatus

192 1074 234 1106 L.
258 1073 332 1106 XII.
357 1074 481 1114 Parerg.
507 1072 537 1103 C.
560 1082 589 1109 9.
616 1071 646 1101 ὃς
665 1077 704 1100 ex
725 1078 765 1099 eo
782 1067 949 1099 Ruffardus
973 1068 1009 1098 ad
1029 1068 1056 1098 d.

190 1117 211 1147 I.
234 1125 265 1156 5.
290 1116 376 1155 ajunt
393 1137 404 1153 9
427 1113 646 1156 promissorem
672 1111 703 1142 in
722 1111 749 1141 d.
771 1109 790 1140 l.
814 1118 877 1140 non
902 1108 1059 1153 obligari,

191 1158 264 1195 quia
278 1165 368 1197 turpe
383 1155 429 1187 est
444 1156 474 1187 ἃ·
491 1152 689 1186 inhonestum
707 1160 818 1182 munus
827 1150 1059 1191 gladiatorium,

192 1208 290 1240 quum
314 1196 463 1235 constet,
486 1206 551 1228 non
580 1194 732 1225 duntaxat
755 1192 941 1233 gladiatores
967 1190 1060 1234 fuisse

187 1238 353 1281 permiffos
364 1261 374 1277 ‚
390 1237 441 1270 sed
458 1238 488 1270 ὃ(
501 1235 701 1269 fortitudinis
720 1242 796 1264 tunc
814 1231 964 1273 temporis
982 1232 1059 1263 aesti-

187 1289 293 1313 matos
311 1279 452 1311 fomites.
499 1278 612 1318 Neque
629 1275 741 1306 melius
758 1273 796 1304 de
811 1282 846 1305 ea
869 1273 888 1304 ἰ.
909 1282 940 1312 5.
967 1272 1056 1313 Cuja-

191 1323 261 1354 cius
285 1321 324 1353 L.
348 1320 475 1354 XXVI.
505 1320 628 1359 Objerv.
656 1317 687 1348 C.
715 1325 762 1352 19.
784 1322 893 1352 ratus,
917 1313 967 1345 sed
990 1324 1057 1356 per-

186 1372 315 1405 peram,
340 1361 475 1394 absentis
484 1358 752 1403 pollicitationem
767 1356 885 1388 nullam
903 1355 979 1395 effe,
993 1355 1058 1386 exi-

188 1405 265 1438 liter
279 1405 311 1436 in
330 1404 407 1435 hanc
428 1412 491 1434 rem
510 1399 643 1443 captatis
658 1399 763 1430 verbis
786 1398 863 1438 apud
891 1397 1060 1437 Rempzcbli-

189 1457 278 1484 cam,
298 1455 367 1486 quae
384 1444 506 1475 exstant
524 1444 555 1475 in
579 1442 598 1473 l.
622 1451 652 1486 9.
669 1440 708 1482 ff.
736 1439 808 1485 Epd.
840 1437 912 1470 Nec
934 1438 1017 1469 enim
1032 1448 1060 1469 a·

191 1488 234 1520 lia
261 1488 383 1519 ratione
410 1486 535 1526 absentis
556 1490 677 1515 mentio
700 1482 736 1513 fit
761 1490 792 1512 m
820 1481 847 1512 ci.
871 1480 890 1511 l.
912 1489 944 1520 5.
969 1489 1060 1521 quam

193 1528 278 1570 quod
296 1527 456 1568 promiffio
474 1526 557 1557 facta
576 1524 675 1556 fuerit
703 1531 758 1564 per
782 1521 955 1563 epistolam.
1001 1521 1061 1553 Sed

192 1568 315 1601 causam
341 1578 404 1599 non
425 1567 586 1599 desiderari
616 1565 736 1596 diceres
758 1573 798 1594 ex
820 1563 839 1595 l.
863 1573 892 1603 4.
919 1561 959 1608 ff.
984 1562 1059 1594 Eod.

189 1611 211 1644 fi
226 1620 308 1648 non,
330 1608 442 1640 favore
462 1608 587 1640 decoris
605 1605 916 1648 publici,calamitas
933 1604 974 1635 ibi
989 1614 1058 1635 cau-

192 1652 231 1684 sae
251 1652 324 1683 loco
340 1650 415 1682 ess‘et
426 1673 437 1688 ,
460 1650 512 1682 vel
529 1649 637 1691 potius
654 1646 718 1689 ipsa
733 1645 832 1678 causa.
876 1646 950 1677 Sine
968 1644 1057 1677 causa

190 1703 296 1726 tamen
320 1692 407 1724 valet
430 1691 590 1733 promiffio
607 1713 617 1729 ,
646 1689 668 1722 fi
692 1687 860 1730 promissor
872 1686 1057 1728 promiffum

193 1745 273 1776 opus
291 1734 351 1775 jam
370 1734 502 1775 coeperit
522 1732 628 1765 facere
650 1731 670 1762 l.
698 1739 723 1761 Ι.
750 1728 777 1770 §.
804 1739 832 1761 2.
848 1730 889 1775 βόε
913 1729 932 1760 ἰ.
957 1739 992 1775 3.,
1008 1735 1055 1770 pr.

186 1778 227 1819 ff.
252 1776 326 1808 Eod.
351 1774 613 1817 quemadmodum
638 1772 710 1812 Jure
733 1771 917 1808 Canonico‚
941 1779 993 1811 qui
1011 1780 1059 1801 ec-

192 1817 316 1849 clefiam
338 1816 452 1848 fecerit
479 1814 661 1847 consecrare
682 1835 693 1851 ,
718 1820 842 1844 tenetur
865 1821 932 1842 eam
950 1811 1061 1842 dotare

190 141 257 176 191¹.

194 1861 226 1892 C.
258 1864 287 1893 8.
319 1858 362 1890 X.
389 1860 422 1889 de
445 1857 606 1898 Consecrat.
635 1854 732 1895 eccles.
763 1854 811 1885 vel
836 1853 924 1884 altar.
972 1852 1060 1899 Quin

192 1900 248 1932 etsi
265 1910 329 1932 non
344 1900 496 1941 coeperit,
521 1897 618 1929 modo
635 1896 783 1928 inlinuata
800 1894 837 1926 sit
851 1894 982 1925 donatio
993 1917 1004 1932 ,
1015 1903 1058 1925 te-

192 1951 285 1974 netur
300 1942 435 1972 donator
452 1950 492 1971 ex
514 1937 751 1971 Constitutione
772 1935 886 1967 Graeca
911 1936 941 1966 in
966 1935 985 1966 I.
1011 1944 1057 1974 15.

195 1984 227 2015 C.
249 1984 282 2014 de
305 1983 359 2014 SS.
387 1981 497 2023 Eccles.
526 1981 547 2013 si
561 1989 674 2021 nempe
690 1977 722 2010 in
745 1978 829 2020 piam
847 1975 970 2008 causam
992 1976 1059 2008 fue-

194 2026 237 2057 rit
256 2024 415 2056 donatum.
702 2035 713 2042 .

237 2066 287 2098 Ex
312 2066 547 2105 pollicitatione
573 2065 675 2097 oritur
694 2060 865 2105 personalis
887 2059 1060 2101 obligatio,

195 2108 291 2139 etiam
307 2115 378 2137 cum
396 2106 467 2138 Deo
491 2107 527 2138 fit
550 2107 569 2138 l.
596 2117 624 2138 2.
645 2113 692 2147 pr.
718 2104 753 2140 &5⁹
772 2103 800 2145 ὃ.
826 2113 855 2135 2.
875 2102 914 2143 ff.
940 2103 973 2132 de
995 2101 1062 2132 Pol-

195 2150 304 2180 liciter.
330 2157 432 2188 neque
453 2148 535 2179 enim
554 2146 621 2188 ipso
646 2154 727 2178 voto
746 2154 794 2176 res
816 2144 853 2176 fit
878 2144 985 2188 sacra,
1011 2141 1062 2187 sed

194 2190 321 2226 demum
336 2189 460 2229 quando
478 2189 589 2219 tradita
605 2190 634 2220 &
657 2186 837 2219 consecrata
853 2185 898 2216 est
913 2207 923 2222 ‚
948 2191 1061 2215 iterum

196 2232 288 2272 plane
302 2238 336 2260 ut
353 2230 425 2269 jure
444 2229 636 2267 Pontificio,
660 2237 724 2270 quo
739 2237 804 2258 non
818 2227 985 2263 voluntas,
1010 2223 1062 2269 sed

195 2271 326 2303 traditio
344 2270 441 2302 efficit
452 2270 584 2302 fundum
596 2267 836 2301 ecclefiasticum
863 2268 894 2298 C.
910 2277 940 2298 2.
964 2265 1006 2297 X.
1029 2272 1061 2296 ae

200 2313 369 2354 Cozzsicetud.
395 2312 426 2344 in
449 2321 512 2352 quo
527 2335 537 2351 ,
563 2319 597 2342 ut
617 2312 679 2342 hoc
696 2311 726 2341 in
752 2308 881 2340 transitu
897 2316 1061 2345 moneam,

199 2354 366 2395 legendum
385 2353 528 2391 videtur,
555 2354 586 2384 2⁴72
604 2354 676 2384 bova
691 2351 739 2382 vel
756 2351 862 2381 ultima
880 2349 1063 2385 valetudine,

198 2406 264 2427 non
281 2397 314 2426 in
336 2396 409 2425 bona
426 2394 594 2425 valetudine
613 2395 661 2425 vel
678 2393 783 2424 ultima
801 2392 950 2422 voluntate
960 2412 971 2428 ,
992 2399 1062 2421 nam

197 2438 230 2469 in
249 2436 377 2477 regione
399 2434 527 2474 Daciae‚
551 2436 589 2466 de
601 2445 662 2476 qua
677 2435 719 2466 ibi
737 2433 856 2474 agitur,
881 2433 1063 2463 voluntates

199 2478 327 2510 ultimas
344 2486 407 2507 non
426 2476 520 2508 fuisse
535 2476 676 2508 admiffas
690 2499 699 2514 ,
725 2474 788 2517 ipsa
808 2473 986 2505 Innocentii
1006 2471 1061 2503 III.

200 2518 333 2561 epistola
346 2517 492 2548 declarat.
540 2518 644 2549 Etiam
663 2515 828 2557 inscriptio
854 2514 976 2556 capituli
999 2522 1064 2559 mu-

201 2559 294 2592 tanda
308 2558 353 2590 est
362 2581 372 2596 ‚
397 2567 496 2598 neque
511 2559 594 2589 enim
609 2558 694 2590 missa
720 2557 765 2590 est
789 2556 922 2598 epistola
937 2554 1065 2586 Archie-

200 2600 332 2643 piscopo
355 2600 384 2631 ’ὀί
404 2598 554 2640 Capitulo
575 2599 766 2642 Lzzgdmzenfi
781 2621 792 2637 ,
826 2605 861 2628 ut
884 2605 967 2628 nunc
995 2595 1067 2636 legi-

201 2651 252 2674 tur
267 2666 277 2682 ,
303 2641 353 2673 sed
370 2639 521 2679 Lundenfi
530 2664 538 2678 ,
564 2648 598 2672 ut
615 2641 778 2682 legendum
797 2639 860 2678 est,
881 2638 1023 2683 loquitur
1036 2646 1066 2668 6-

201 2685 267 2716 nim
286 2683 388 2725 palam
403 2684 441 2714 de
458 2681 684 2713 consuetudine
700 2680 810 2712 Daciae
822 2702 833 2718 ,
857 2689 921 2711 non
939 2678 1063 2709 Galliae.

200 2725 321 2766 Igitur,
346 2732 380 2754 ut
397 2724 482 2762 dixi,
502 2732 549 2754 res
567 2732 630 2754 non
648 2722 684 2755 fit
703 2721 786 2754 sacra
801 2722 871 2753 solo
889 2720 993 2751 animo
1010 2729 1066 2765 vo3

200 2767 325 2804 ventis,
351 2763 401 2796 sed
419 2774 473 2806 per
494 2764 706 2795 traditionem.
751 2763 849 2802 Scio,
874 2761 964 2793 illum
978 2783 989 2798 ,
1013 2769 1065 2801 qui

201 2808 379 2839 orationem
403 2806 510 2838 habuit
534 2815 591 2846 pro
616 2805 701 2836 dono
730 2804 899 2836 Phalaridis
919 2803 950 2833 in
967 2801 1064 2832 Tem-

202 2849 290 2889 plum
308 2848 500 2888 Delphicum
518 2846 717 2887 recipiendo,
743 2846 824 2887 apud
839 2843 1013 2876 Lucianum
1034 2843 1066 2874 in

203 2890 363 2921 Phalaride
383 2890 510 2919 Secundo
531 2888 608 2920 rhua.
633 2887 686 2919 IV.
708 2894 739 2928 p.
762 2898 799 2918 m.
825 2896 896 2928 232.
922 2885 984 2917 fine
1003 2894 1064 2916 am-

203 2931 333 2971 bagibus
357 2930 518 2962 adrirmare
533 2953 542 2968 ,
575 2929 668 2960 etiam
692 2929 736 2960 rei
761 2938 824 2960 non
845 2927 996 2959 dedicatae
1024 2925 1065 2957 sa-

204 2972 366 3010 crilegium
387 2971 474 3009 fieri,
499 2970 595 3001 modo
612 2970 802 3001 dcthcationi
822 2969 920 3001 fuerit
934 2966 1064 2998 destina-

206 3019 254 3050 ta,
280 3012 329 3042 sed
349 3012 419 3051 thi
441 3012 574 3043 Romani
593 3012 685 3042 aliter
704 3010 843 3052 sapiunt,
868 3019 928 3041 tam
948 3009 978 3040 in
997 3009 1063 3048 his,

204 3060 272 3091 qua:
294 3052 557 3092 imperatoribus,
580 3062 670 3091 quam
695 3062 763 3093 quoe
789 3051 860 3083 Diis
885 3050 1065 3082 dedicaban—

204 3099 265 3122 tur.
311 3092 360 3122 Dc
380 3093 558 3135 Principum
576 3092 684 3124 statuis
701 3103 749 3125 res
770 3100 856 3124 certa
869 3091 913 3123 est
928 3101 968 3122 cx
991 3092 1011 3123 l.
1032 3101 1063 3131 5.

205 3132 234 3172 ᾗ.
261 3142 300 3176 ²:
316 3134 345 3168 ot
368 3133 387 3163 l.
411 3138 440 3164 6.
470 3135 509 3175 ff.
529 3136 566 3165 acl
591 3134 629 3165 L.
655 3134 722 3175 Jul.
749 3131 871 3176 Mczjest.
917 3132 1064 3173 Idemque

200 3173 239 3203 de
260 3171 330 3216 Diis
354 3173 473 3205 constat
491 3199 500 3213 ‚
529 3183 603 3206 tunc
622 3177 705 3206 enim
724 3175 848 3206 demum
875 3173 986 3205 honori
1011 3183 1062 3205 eo-

198 3222 267 3245 rum
296 3214 365 3244 lunt
385 3234 394 3249 ,
426 3223 497 3245 cum
521 3215 717 3247 consecratio
734 3215 905 3248 accesserit.
951 3214 1064 3256 Neque

1094 122 1688 161 BYNKERSHOEK

1096 203 1191 234 etiam
1208 203 1286 234 alius
1303 203 1344 234 rei
1362 202 1465 234 exitus
1484 203 1546 234 esse
1563 203 1667 244 potest
1680 227 1689 243 ,
1721 203 1862 242 dubitare
1882 206 1953 242 alio-
1998 207 2005 230 f

1095 245 1173 317 ¹quin
1190 245 1299 276 liceret
1311 269 1319 281 ,
1344 254 1381 275 an
1394 243 1459 275 sola
1477 245 1673 285 cogitatione
1687 245 1835 277 voventis
1851 257 1897 280 res
1910 249 1953 282 ef.

1119 294 1242 316 ceretur
1270 285 1372 323 sacra,
1405 294 1442 315 an
1463 295 1539 316 vero
1562 286 1757 326 cogitatione
1780 286 1955 323 declarata?

1097 327 1127 358 &
1143 327 1376 368 cui¹3artitici.
1401 335 1437 356 an
1458 325 1603 367 pontifici
1620 327 1637 358 ’ἓ
1662 327 1757 359 Recte
1779 327 1873 367 igitur
1889 330 1965 363 Mi-¹
2007 359 2008 366 ,

1101 367 1212 398 nucius
1225 367 1314 398 Felix
1332 377 1362 398 m
1376 366 1502 398 Octavio
1513 391 1524 406 ,
1535 377 1574 398 ex
1583 367 1764 408 Theologia
1774 367 1956 412 Gentilium,

1101 408 1140 438 de
1154 407 1226 439 Deo
1246 408 1287 440 fic
1307 408 1392 439 infit:
1419 406 1543 454 Quando
1561 409 1608 439 hic
1628 409 1782 450 najcitur?
1808 419 1869 441 ecce
1886 411 1958 451 fun.-

1102 450 1180 479 ditzcr
1191 471 1202 487 ‚
1216 449 1390 489 fabricatur
1400 472 1411 487 ,
1421 450 1588 491 ιχκιιίλϊκῖηινς
1603 451 1728 481 nondum
1745 449 1827 481 Deus
1842 449 1890 492 est.
1901 451 1956 491 Eff-

1101 499 1132 520 ce
1151 490 1320 530 pl'zmzlmtur
1341 513 1352 528 ,
1388 489 1562 532 construitur
1581 513 1592 529 ,
1623 493 1750 534 erigitur
1758 501 1769 529 ,·
1796 501 1848 522 nec
1867 493 1955 527 adbuc

1103 530 1185 562 Dens
1201 530 1250 571 eft.
1278 530 1355 561 Ecce
1373 539 1515 571 ornatur,
1534 532 1735 573 cousecratur,
1757 538 1873 570 oratur3
1889 539 1956 567 tune

1096 570 1235 619 postremo
1255 571 1336 603 Deus
1352 571 1413 613 eft,
1435 583 1499 605 cum
1517 574 1593 605 homo
1614 574 1697 605 illum
1713 574 1806 605 voluit
1823 595 1836 612 ,
1863 573 1898 610 ὃ)
1913 577 1956 609 de·
1987 584 1989 586 ’

1100 619 1225 645 dica-vit.
1945 619 1947 622 ⁴

1138 654 1192 700 Ep<
1213 662 1298 701 *voto
1324 655 1503 697 obligantur
1529 656 1787 698 patresfamilias,
1811 657 1961 702 puberes,

1099 695 1145 727 sui
1160 705 1255 735 juris,
1279 696 1471 729 filiifamilias
1493 697 1555 729 fine
1574 699 1760 730 auctoritate
1783 699 1879 739 patris
1898 709 1959 735 non

1100 737 1281 778 obligantur
1304 738 1323 769 l.
1349 748 1376 769 ρ.
1403 738 1430 780 §.
1461 749 1486 771 1.
1507 740 1535 770 d.
1563 739 1622 771 Tit.
1656 739 1690 771 Id
1708 738 1806 781 ipsum
1821 739 1958 774 observa-

1100 778 1149 809 vit
1164 778 1353 810 Scholiastes
1371 779 1497 821 Virgilii
1510 804 1519 819 ,
1533 782 1584 821 qui
1602 781 1730 812 Servius
1747 780 1959 821 dicitur‚cum

1100 819 1137 850 ad
1153 819 1207 850 illa
1227 819 1338 859 verba,
1352 821 1409 861 ipse
1421 827 1508 861 pater
1519 822 1670 861 famulam
1689 832 1799 861 voveo,
1821 832 1889 863 qua:
1907 831 1958 856 ex*-

1100 859 1181 892 stant
1203 860 1326 892 AEneicr.
1351 862 1391 893 L.
1413 862 1471 894 XI.
1497 863 1569 904 vers]
1586 872 1660 904 557.
1684 863 1726 895 fic
1741 864 1861 904 inquit:
1885 865 1958 898 bene*

1102 911 1172 933 irsE
1199 911 1309 935 PATER
1331 926 1340 941 ,
1365 905 1434 944 quia
1460 903 1695 935 aziffiriramemi
1714 904 1885 946 potestatem
1909 907 1940 937 ην·

1096 948 1196 984 patres
1213 953 1269 974 non
1294 943 1409 976 habent.
1454 944 1568 976 Nolim
1587 953 1689 977 tamen
1713 955 1752 977 ex
1772 955 1812 977 eo
1831 945 1961 988 efficias,

1101 993 1137 1015 ut
1155 984 1278 1025 quidam
1293 984 1443 1024 effecere,
1468 986 1614 1027 polliceri
1633 996 1696 1019 non
1713 986 1799 1028 poffe
1815 986 1958 1020 filiumfa-
1972 990 1982 993 '

1101 1025 1219 1064 milias,
1238 1027 1309 1066 quia
1324 1036 1386 1058 non
1405 1026 1448 1058 sui
1464 1027 1559 1067 juris,
1572 1028 1622 1059 sed
1639 1029 1777 1069 parentis
1793 1027 1856 1068 est,
1873 1038 1963 1070 quum

1102 1067 1211 1108 utique
1227 1067 1432 1107 personaliter
1448 1068 1606 1109 obligetur
1631 1070 1651 1101 l.
1674 1079 1725 1110 57.
1745 1070 1785 1111 ff.
1809 1074 1843 1101 cle
1863 1070 1962 1111 Judic.

1102 1109 1124 1154 l.
1146 1118 1195 1150 39.
1212 1108 1252 1149 ff.
1276 1109 1309 1139 de
1334 1109 1372 1140 O.
1398 1109 1434 1144 ὅ)
1453 1108 1494 1141 Λ.
1541 1109 1636 1156 Quod
1655 1119 1758 1142 autem
1782 1121 1821 1144 ex
1835 1119 1915 1143 voto
1931 1110 1964 1144 fi-

1104 1150 1164 1181 lius
1187 1159 1249 1181 non
1279 1150 1461 1191 obligetur,
1485 1160 1520 1181 ea
1535 1152 1618 1182 ratio
1632 1150 1697 1191 est,
1722 1153 1866 1193 quod'de
1890 1161 1981 1194 prae·>

1104 1189 1242 1222 sentibus
1260 1199 1434 1231 voveatur,
1445 1193 1474 1223 ὃς
1490 1192 1574 1233 quod
1590 1202 1655 1224 rem
1673 1193 1805 1225 alienam
1823 1194 1968 1226 dedicans
1983 1218 1991 1230 ,

1102 1232 1213 1272 utique
1228 1231 1307 1263 nihil
1325 1240 1415 1273 agat3
1439 1233 1519 1264 nihil
1533 1241 1636 1265 autem
1661 1233 1753 1265 habet
1770 1229 1984 1270 filiusfainili-{

1103 1273 1267 1312 as,omnia
1286 1273 1368 1304 enim
1384 1274 1481 1315 patris
1499 1273 1587 1313 sunt,
1604 1275 1694 1316 eique
1709 1275 1824 1307 donare
1835 1298 1846 1315 ,
1865 1276 1897 1307 id
1913 1274 1967 1316 est,

1102 1315 1231 1355 perdere
1246 1314 1425 1355 permissum
1440 1325 1505 1347 non
1523 1314 1567 1347 est
1589 1316 1610 1347 l.
1634 1326 1662 1357 7.
1682 1322 1730 1356 pr.
1743 1316 1785 1357 ff.
1808 1318 1842 1348 de
1868 1316 1971 1355 Dona-

1102 1357 1174 1386 tion.
1219 1355 1272 1387 Sic
1289 1364 1347 1387 nec
1365 1365 1499 1398 agnato,
1524 1357 1577 1398 qui
1594 1356 1716 1389 furioso
1735 1360 1826 1389 datus
1843 1357 1910 1397 est,
1931 1357 1971 1390 li-.

1104 1404 1156 1428 cet
1173 1396 1317 1427 dedicare
1332 1407 1397 1429 rem
1412 1396 1541 1437 furiosi,
1566 1398 1639 1439 quia
1656 1407 1770 1440 agnato
1794 1408 1857 1430 non
1882 1409 1967 1432 com-

1104 1437 1187 1479 petit
1202 1447 1305 1469 rerum
1323 1438 1389 1479 ejus
1408 1439 1557 1471 alienatio
1589 1439 1608 1471 l.
1637 1449 1686 1472 12.
1711 1440 1752 1482 ff.
1777 1441 1810 1472 de
1835 1441 1965 1473 Curator.

1097 1480 1165 1521 sur.
1190 1478 1226 1514 &2⁹
1245 1479 1284 1510 al.
1301 1480 1376 1521 pers
1403 1486 1477 1512 extr.
1503 1482 1573 1512 min.
1596 1482 1683 1513 dand.
1730 1481 1765 1513 In
1783 1481 1853 1513 filio
1873 1482 1931 1523 igit

1103 1520 1255 1560 familias,
1282 1521 1354 1562 quia
1368 1531 1416 1553 res
1433 1523 1530 1563 patris
1545 1522 1665 1564 agitur,
1691 1523 1775 1564 quod
1789 1522 1827 1554 ad
1844 1530 1954 1555 votum

1103 1562 1272 1603 requiritur
1288 1563 1469 1604 interposita
1485 1565 1582 1604 patris
1597 1563 1765 1597 auftoritas
1786 1565 1813 1595 d.
1838 1563 1858 1595 Ζ.
1885 1572 1914 1596 2.
1937 1563 1975 1607 §.¹

1107 1614 1132 1636 1.
1158 1612 1199 1634 ex
1215 1612 1278 1645 quo
1294 1612 1439 1645 apparet,
1465 1604 1561 1645 ipsam
1585 1605 1801 1638 conditionem
1821 1604 1915 1645 filii,
1933 1611 1968 1638 ut

1101 1645 1227 1687 quidam.
1242 1653 1414 1685 nugantur,
1439 1653 1517 1677 vota
1531 1656 1594 1678 non
1613 1646 1773 1688 impedire.
1800 1645 1906 1722 guare
1925 1654 1968 1679 et-

1101 1687 1183 1726 iam,
1209 1696 1265 1718 cur
1286 1688 1324 1717 de
1346 1686 1545 1719 castrensibus
1560 1711 1569 1727 ,
1598 1696 1653 1719 aut
1675 1688 1747 1729 jure
1766 1687 1803 1729 Ju
1834 1689 1975 1721 inianaeo

1100 1729 1196 1770 pleno
1212 1728 1280 1769 jure
1296 1727 1497 1768 adventitiis,
1510 1738 1631 1760 vovere
1644 1737 1795 1771 nequeat,
1805 1730 1885 1764 nihil
1895 1739 1967 1771 cau·⁴
2005 1734 2008 1739 ⁴

1103 1770 1141 1803 sae
1158 1770 1261 1801 video.
1295 1768 1346 1801 De
1362 1769 1561 1802 filiafamilias
1579 1779 1738 1810 vovente,
1763 1771 1822 1804 abs
1838 1781 1876 1803 ue
1892 1780 1968 1804 con-

1102 1809 1190 1843 sensu
1205 1811 1322 1852 patris,
1346 1811 1427 1842 idem
1445 1811 1522 1852 juris
1540 1810 1586 1843 est
1610 1812 1641 1843 C.
1664 1822 1693 1843 2.
1719 1813 1800 1855 Caus.
1816 1782 1977 1845 ίἐζΧΧΙΙ..

1104 1853 1144 1901 ρ’.
1169 1863 1198 1884 2.
1221 1852 1304 1894 quod
1325 1852 1498 1893 capitulum
1520 1851 1740 1894 transcriptum
1766 1853 1811 1886 est
1833 1863 1874 1885 ex
1900 1852 1979 1885 Nux

1102 1904 1241 1925 merorum
1267 1895 1297 1925 C.
1321 1893 1435 1926 XXX.
1461 1894 1512 1925 ubi
1532 1894 1569 1925 de
1588 1904 1708 1933 uxore,
1737 1904 1807 1936 quae
1832 1894 1895 1927 fine
1917 1903 1968 1926 au-¹

1102 1936 1189 1967 {tore
1212 1935 1325 1966 marito
1349 1943 1449 1967 vovet
1467 1960 1477 1975 ,
1516 1935 1546 1967 id
1574 1935 1673 1974 ipsum
1696 1935 1841 1967 statuitur
1855 1959 1865 1975 ,
1897 1935 1972 1977 quia

1102 1986 1214 2018 nempe
1230 1977 1297 2017 jure
1311 1976 1440 2017 Judaico
1463 1987 1543 2009 uxor
1559 1976 1603 2008 est
1619 1977 1651 2009 in
1669 1976 1826 2019 potestate
1841 1976 1945 2010 mariti
1954 1976 1969 2017 ,⁷

1104 2019 1134 2050 &
1149 2019 1227 2050 nihil
1247 2018 1339 2049 habet
1359 2019 1530 2059 proprium.
1985 2021 2003 2062 ff

1147 2059 1182 2092 In
1214 2060 1234 2091 l.
1258 2069 1287 2091 2.
1320 2058 1347 2100 §.
1372 2069 1401 2101 3.
1420 2059 1460 2101 ff.
1486 2061 1512 2091 d.
1542 2061 1600 2092 Tit.
1623 2060 1667 2092 ita
1691 2069 1788 2101 porro
1816 2060 1968 2103 scriptum
1985 2068 2002 2102 γ,

1104 2100 1166 2133 est:
1192 2101 1225 2132 Si
1244 2102 1384 2131 decimam
1401 2103 1464 2142 quis
1480 2103 1611 2133 bonorum
1632 2104 1717 2133 vovit
1733 2124 1745 2140 ,
1768 2102 1797 2134 &
1825 2112 1894 2145 quae
1923 2097 2004 2134 seo'f?

1104 2151 1252 2184 quuntur.
1299 2140 1405 2173 Festus
1420 2143 1449 2173 in
1470 2142 1594 2175 Decima
1611 2143 1654 2174 ait
1673 2154 1680 2174 :
1705 2142 1832 2175 Decima
1874 2142 2002 2186 uoeque=³

1106 2185 1225 2215 Veteres
1254 2182 1325 2214 Diis
1343 2183 1408 2223 sicis
1424 2182 1593 2223 offerebant.
1638 2184 1687 2216 Ad
1710 2193 1780 2224 quae
1804 2185 1861 2217 Sca
1877 2185 1941 2226 iger
1955 2193 1971 2216 ι
1992 2207 1994 2210 ψ

1105 2225 1204 2263 Vide,
1227 2230 1366 2266 qumztwn
1376 2225 1453 2266 juris
1473 2225 1619 2256 Barbarus
1637 2226 1687 2257 ille
1698 2225 1755 2264 fibi
1771 2225 1908 2268 flcmserit
1932 2225 1966 2256 in
1990 2223 2004 2264 ’,ἢ

1105 2267 1155 2297 hoc
1171 2267 1228 2297 loco
1244 2265 1426 2304 mutilando,
1449 2268 1500 2297 um*
1518 2269 1595 2298 enim
1620 2273 1735 2298 tantum
1761 2266 1888 2299 Herculi
1915 2266 1966 2298 hoc
1993 2272 2008 2307 Ji

1101 2307 1203 2348 fiebat.
1248 2307 1307 2338 Sed
1324 2315 1455 2346 vereor,
1480 2317 1519 2339 ne
1534 2308 1624 2339 Festo
1639 2308 1692 2339 vel
1705 2307 1804 2339 Paulo
1831 2307 1970 2349 iniquior
1992 2337 2008 2351 ,.

1106 2349 1143 2381 fit
1160 2348 1318 2389 scaliger,
1343 2357 1435 2388 quam
1455 2339 1594 2389 opdrtet.
1627 2349 1673 2381 Ut
1691 2348 1773 2380 enim
1791 2347 1900 2380 Moses
1916 2348 1967 2388 Ju-
1986 2347 2008 2377 ἐι

1105 2391 1179 2422 daeis
1202 2390 1336 2421 decimas
1362 2388 1505 2431 praestare
1527 2390 1609 2430 juliit
1625 2412 1637 2428 ,
1669 2389 1713 2421 ita
1733 2390 1763 2421 ἃ
1783 2389 1972 2430 quandoque
1996 2392 2008 2433 ᾗ

1105 2440 1195 2463 extra
1212 2430 1352 2462 ordinem
1368 2431 1438 2462 aliae
1456 2429 1575 2463 Gentes
1595 2430 1665 2463 Diis
1681 2429 1742 2462 suis
1758 2430 1893 2462 decimas
1911 2438 1968 2461 vo—
2000 2443 2008 2447 -

1105 2480 1220 2505 verunt
1240 2496 1250 2511 ,
1287 2470 1420 2503 Herculi
1441 2472 1564 2512 quidem
1588 2472 1746 2510 maxime,
1770 2470 1821 2503 sed
1847 2471 1877 2503 ὃς
1900 2464 1978 2503 3Ιίἰέ
1992 2468 2002 2514 J

1106 2513 1195 2547 Diis:
1222 2513 1410 2554 Apollini&
1426 2512 1536 2544 Dianae
1560 2512 1640 2554 apud
1656 2512 1904 2550 Xenophontem
1929 2511 1967 2543 de
1999 2527 2005 2535 .

1110 2556 1248 2596 Expedit.
1277 2554 1346 2596 Cyri
1368 2553 1406 2585 L.
1429 2554 1466 2585 V.
1487 2560 1514 2595 p.
1547 2563 1617 2596 349.
1643 2552 1747 2585 rursus
1771 2552 1911 2594 Apollini
1940 2555 1974 2584 a·¹
2006 2552 2008 2558 '

1109 2598 1171 2639 pud
1191 2596 1322 2627 eundem
1347 2593 1458 2635 Hsstor.
1487 2596 1578 2626 Graec.
1604 2595 1643 2626 L.
1666 2594 1719 2626 III.
1741 2600 1774 2635 p.
1798 2604 1870 2636 493.
1896 2593 1968 2627 &de

1109 2637 1247 2681 Agestlao
1270 2637 1353 2680 Rege
1371 2642 1402 2676 p.
1426 2639 1497 2677 657.
1523 2636 1614 2677 Apud
1632 2636 1790 2668 Romanos
1807 2639 1901 2668 eciam
1917 2634 1967 2667 de-

1108 2681 1221 2711 cimam
1248 2678 1388 2720 Apollini
1417 2686 1525 2709 votam
1551 2685 1654 2709 narrat
1668 2676 1782 2721 Livius
1807 2676 1846 2709 L.
1870 2676 1909 2709 V.
1934 2676 1965 2708 C.
2004 2684 2008 2689 ·

1110 2730 1159 2752 21.
1201 2719 1252 2752 De
1268 2718 1425 2758 Lernfflis,
1450 2718 1596 2750 omnibus
1612 2717 1684 2750 Diis
1699 2718 1834 2750 decimas
1850 2725 1968 2749 vovere

1110 2761 1230 2800 solitis,
1249 2761 1310 2801 jam
1332 2760 1486 2801 occupavi
1508 2760 1621 2791 dicere.
1654 2759 1806 2791 Adderem
1827 2758 1968 2800 exempla

1108 2803 1147 2834 de
1162 2803 1259 2843 Jove,
1275 2802 1323 2833 de
1339 2801 1424 2839 aliis,
1451 2800 1500 2832 sed
1520 2800 1606 2840 haec,
1631 2808 1665 2831 ut
1685 2800 1786 2840 aJebat
1802 2800 1857 2832 ille
1871 2823 1882 2840 ,
1905 2807 1967 2832 non

1108 2845 1266 2885 pertinent
1281 2843 1317 2874 ad
1335 2842 1478 2888 Igldittum
1496 2843 1653 2873 Praetoris.

1151 2884 1229 2916 Voti
1249 2883 1402 2924 obligatio
1419 2882 1524 2914 tramit
1541 2883 1576 2913 ad
1595 2882 1738 2914 heredem
1761 2883 1788 2914 d.
1812 2883 1831 2914 l.
1844 2893 1872 2914 2.
1896 2881 1924 2924 §.
1937 2891 1966 2914 2.

1108 2936 1177 2967 quae
1196 2924 1316 2956 scilicet
1335 2923 1473 2955 versatur
1492 2923 1575 2954 circa
1595 2923 1808 2965 praestationes
1825 2923 1966 2965 pecunia-

1107 2967 1169 2998 rias
1187 2989 1196 3005 ‚
1231 2976 1300 3006 quae
1324 2966 1406 2996 enim
1430 2966 1513 2995 circa
1539 2964 1730 3006 personalia,
1756 2974 1819 2996 non
1841 2963 1943 2996 tranfit

1107 3007 1162 3039 nili
1177 3007 1265 3038 heres
1283 3015 1393 3037 votum
1410 3004 1580 3046 susceperit
1606 3006 1636 3037 C.
1659 3008 1689 3037 6.
1715 3006 1759 3037 X.
1782 3008 1816 3036 cie
1842 3005 1916 3037 Volo
1960 3031 1967 3035 ,.

1106 3049 1168 3079 voti
1183 3049 1320 3088 redempt.
1368 3046 1522 3092 Quamvis
1537 3055 1641 3079 autem
1661 3047 1733 3087 jure
1756 3045 1853 3078 Civili
1878 3045 1913 3078 ad
1932 3044 1966 3076 il·

1108 3089 1160 3121 lud
1178 3113 1188 3129 ‚
1213 3089 1249 3120 ad
1268 3088 1352 3129 quod
1368 3087 1533 3119 defunctus
1549 3112 1558 3127 ,
1582 3088 1690 3129 utique
1706 3087 1800 3118 etiam
1821 3087 1908 3119 heres
1923 3093 1964 3117 te-

1106 3138 1216 3162 ncatur
1231 3153 1240 3169 ,
1267 3130 1296 3161 in
1314 3129 1548 3170 pollicitatione
1566 3137 1668 3161 tamen
1687 3128 1717 3160 id
1746 3135 1965 3168 nonnunquam

1105 3171 1200 3203 fallit.
1244 3170 1274 3202 Si
1297 3170 1339 3201 ob
1364 3169 1515 3201 honorem
1535 3170 1727 3211 pollicitatio
1749 3168 1846 3200 fuerit
1862 3167 1964 3206 fasta,

1106 3211 1187 3255 quasi
1206 3211 1346 3244 debitum
1364 3211 1502 3251 exigittu·
1526 3211 1585 3253 l,3.
1606 3216 1653 3252 pr.
1677 3211 1704 3242 d.
1732 3209 1791 3241 Tit.
1816 3208 1909 3279 etiapi
1926 3208 1963 3238 ab

1887 3256 1962 3279 iere-
