2008 3436
198 108 241 143 14
463 95 860 135 CORNELII
927 105 1033 132 vnn

202 187 300 217 reno,
325 177 551 219 Covarruviae,
576 179 656 211 aliis.
700 177 789 210 Certi
806 183 907 207 tamen
925 175 998 216 quid
1013 174 1064 205 dc-

201 218 293 251 finire
310 228 371 251 non
391 219 502 252 ausim:
526 220 601 261 quid
621 220 705 251 enim
723 217 872 259 impedit,
898 217 1065 257 quominus

200 269 300 291 aureos
318 260 550 300 subaudiamus,
575 271 647 293 cum
665 262 696 292 in
714 258 775 290 FF.
800 267 864 290 non
879 258 958 289 alius
976 267 1064 289 num-

199 309 270 332 mus
287 302 383 343 magis
401 301 438 333 fit
453 301 623 343 frequens?
648 301 725 333 nihil
749 300 899 337 omnino,
922 299 1064 344 dummo-

201 340 244 372 do
270 341 432 381 sequamur
458 343 695 375 aestimationem
720 341 804 372 aurei
835 339 1034 380 Cujacianam
1053 362 1062 377 ,

200 391 241 413 ne
266 383 368 415 obstet
391 384 546 416 menstrua
571 391 770 415 trecenorum
796 381 902 422 penfio
918 404 928 419 ,
952 380 1063 425 quade

200 424 326 464 pastum
351 434 554 456 conventum.
600 425 659 457 Sed
684 425 727 455 ita
752 432 800 453 res
829 420 1061 466 eodemQredit,

200 474 317 505 quum,
343 466 508 498 secundum
525 466 689 505 Cujacium
715 464 754 495 L.
772 463 865 495 XIX.
891 463 1010 503 Observ.
1030 462 1061 492 C.

201 516 255 547 31.
285 517 395 539 aureus
419 508 448 539 ἃ
475 506 645 538 sestertium
679 505 822 536 differant
855 503 943 534 nihil.
990 502 1063 533 Uno

199 548 318 580 verbo:
343 558 405 579 non
422 549 518 588 magis
535 548 716 588 expeditum
732 546 775 576 est
794 545 836 590 Q.
854 543 895 575 D.
917 544 952 574 A.
969 552 1062 589 quam

199 589 345 621 universa
362 588 430 620 fere
447 590 488 620 rei
510 588 690 620 nummariae
708 587 847 617 doctrina
859 609 869 624 ,
895 584 1016 616 lubrica
1033 584 1062 615 ὃς

199 629 333 662 obscura
345 654 353 668 ,
374 629 520 670 quicquid
540 629 571 660 in
588 638 623 659 ea
644 628 818 659 laboratum
835 625 890 658 fit:
917 635 986 656 nam
999 633 1062 657 tan-

199 679 268 703 tum
286 681 350 703 non
368 670 485 711 semper
502 669 651 701 scinditur
666 669 819 700 incertum
838 666 975 712 studia-in
987 675 1061 711 con-

197 713 294 744 traria
323 712 446 751 vulgus.
491 710 587 751 Ipiius
609 710 715 742 Budsei
744 708 916 740 diffidentia
936 716 1062 747 ingelm—

194 761 270 791 nat,
293 762 357 784 rem
382 752 586 783 nummariam
613 752 706 782 innita
735 750 909 792 ignorantiae
926 749 1062 790 rubigine

194 795 308 833 exesam
334 792 394 833 effe.
452 792 557 833 thue
582 792 662 823 adeo
682 792 801 828 mirer,
836 797 898 821 tam
913 789 1063 834 audacule

196 835 381 876 plerumque
399 836 540 874 pecuniae
561 833 677 864 veteris
694 833 724 864 &
739 832 897 864 hodiernae
915 830 1061 876 collatio-

196 885 253 907 nes
284 876 380 907 iniri:
414 875 490 906 licet
514 875 597 906 enim
624 874 764 913 pecuniae
793 872 908 904 veteris
934 879 1016 903 mter
1032 870 1062 902 se

198 917 332 948 collatio
351 923 436 948 certa
450 915 524 947 esset
540 915 665 956 prorsus
677 939 686 954 ,
712 922 815 946 tamen
829 923 897 944 eam
914 922 987 944 cum
1003 921 1060 943 no-

198 958 260 990 stra
278 965 405 988 moneta
431 956 577 988 conferre
601 964 687 987 vetat
709 956 848 987 incertus·
864 953 983 985 metalli
1007 962 1060 984 ve-

200 999 276 1031 teris
298 999 388 1030 valor
407 1021 417 1037 ,
450 998 480 1030 ὅ(
503 999 611 1040 ignota
628 997 728 1029 ferme
744 997 918 1038 ponderum
936 993 1060 1027 diversi-

198 1049 257 1072 tas.

246 1081 413 1113 Numerum
437 1081 509 1111 mihi
538 1082 573 1112 de
598 1081 696 1112 domo:
727 1079 834 1111 Editio
856 1078 894 1110 R.
916 1076 1063 1123 Stephani

196 1122 390 1162 Parisienfis,
420 1122 490 1153 anni
523 1131 613 1163 1527.
636 1121 713 1162 legit
730 1122 763 1151 de
778 1122 855 1151 domo
865 1120 940 1165 singu
962 1128 1064 1164 minus

198 1172 306 1195 tamen
333 1164 492 1205 eleganter
513 1187 522 1202 ‚
558 1164 588 1195 ἃ
615 1162 806 1194 contrarium
831 1170 912 1192 morl
930 1158 1034 1200 pr1sco
1051 1180 1063 1196 ,

199 1215 264 1246 quo
287 1204 465 1236 numeratio
485 1203 667 1244 fimpliciter
682 1202 763 1234 fasta
783 1202 946 1234 dicebatur
968 1202 1000 1232 de
1017 1201 1063 1231 do-

201 1257 268 1285 mo,
292 1246 344 1277 vel
365 1247 398 1276 cle
415 1245 514 1284 menfae
520 1246 684 1286 scriptura.
728 1243 779 1275 De
795 1243 911 1280 domo,
933 1251 974 1273 ex
993 1250 1064 1272 arca

200 1287 343 1327 cujusvis
363 1285 620 1324 Patrisfamilias3
643 1285 682 1316 de
696 1283 807 1316 mensae
825 1282 1065 1323 scriptura,per

200 1327 400 1369 argentarios.
445 1327 553 1364 Unde,
585 1326 669 1367 quod
692 1326 761 1357 heic
785 1325 897 1356 Paulus
915 1324 948 1354 de
967 1325 1063 1361 domo,

203 1369 349 1401 Scaevola
376 1378 412 1399 ex
438 1377 508 1398 arca
522 1368 601 1399 dicit
619 1367 650 1398 in
674 1367 694 1398 l.
715 1369 763 1398 26.
783 1365 823 1407 ff.
848 1367 882 1396 de
903 1362 998 1404 Consi.
1015 1370 1064 1409 pe-

200 1420 269 1441 cun.
290 1410 406 1442 Seneca
431 1406 526 1449 Epist.
545 1407 670 1440 XXVI.
696 1415 865 1446 utrumque
883 1406 1066 1446 conjungit:

205 1452 269 1483 Scis
279 1473 290 1490 ,
312 1450 393 1492 cujus
410 1459 481 1481 arca
496 1455 576 1483 utar.
593 1447 738 1490 Easpeiia
749 1447 902 1490 pastilam,
924 1447 1002 1483 &de
1022 1446 1068 1477 do-

814 1546 1172 1584 CAPUT

1095 93 1707 132 BYNKERSHOEK

1108 184 1150 205 mo
1171 172 1227 215 fiet
1249 175 1420 206 numer-ntia
1471 173 1523 206 De
1543 183 1673 216 utraque
1691 177 1906 211 numeratione
1920 180 1966 213 (Γ.
1995 194 2005 214 ς

1108 224 1223 248 xerunt
1240 216 1312 255 alii,
1338 215 1421 256 quod
1442 214 1513 247 satis
1529 215 1591 248 est:
1611 217 1660 249 sed
1677 217 1715 248 de
1731 226 1770 248 eo
1787 219 1965 262 nihil,qua-

1107 267 1142 288 re
1157 257 1234 288 illud
1250 258 1283 287 de
1300 259 1378 288 domo
1396 255 1605 290 Cautionibus
1621 257 1718 289 fuerit
1733 257 1899 293 insertum:
1910 259 1966 296 est·
2006 258 2008 269 ¹

1109 307 1170 338 que
1184 299 1214 329 id
1233 299 1331 339 prima
1350 297 1458 329 fronte
1485 296 1719 332 subobscurum.
1745 299 1967 337 Verumtamen

1109 339 1129 371 fi
1145 339 1390 377 animadvertas,
1415 338 1499 378 quod
1513 341 1689 371 numeratio
1708 341 1814 377 μάλιςω
1841 339 1907 373 aaa
1925 346 1966 375 ivr}

1110 385 1154 408 τᾶν
1175 384 1317 410 wunsam-m
1334 381 1455 418 τραπίζής
1470 382 1569 419 άξνύρδ
1578 384 1710 420 winstat,
1735 389 1771 414 Ut
1786 383 1906 417 BafiIICI
1925 386 1966 421 L.

1105 421 1230 453 XXIII.
1266 422 1299 453 T.
1320 421 1376 453 IV.
1412 422 1443 452 C.
1463 431 1493 462 13.
1525 422 1610 463 quod
1629 424 1746 463 inforo
1763 424 1799 459 ἐξ
1814 426 1846 456 de
1866 427 1966 467 mensa

1096 462 1247 504 firiptura
1263 472 1387 501 MAG1S,
1411 472 1496 503 quam
1514 473 1551 494 ex
1567 473 1637 495 arca
1651 465 1781 506 domoque
1793 489 1803 504 ,
1827 467 1874 497 vel
1892 466 1963 509 cista

1102 505 1227 544 pecunia
1251 509 1476 542 numeraretur,
1511 511 1546 535 ut
1571 505 1603 536 in
1626 506 1755 537 eandem
1781 506 1965 543 sententiam

1106 544 1252 576 Donatus
1276 545 1313 576 ad
1343 544 1456 575 Terent.
1485 545 1610 586 Adelph.
1636 547 1708 580 Αὲἶ.
1732 547 1773 580 II.
1795 548 1841 590 sc.
1857 559 1887 590 4.
1931 551 1964 584 Si

1105 585 1195 616 addas
1207 609 1217 624 ‚
1241 586 1434 626 argentarios
1449 585 1637 627 singulorum
1652 589 1790 622 rationes
1812 590 1966 624 confecis-

1106 625 1137 657 se
1159 627 1179 657 ἰ.
1198 636 1228 666 4.
1254 626 1282 667 §.
1306 636 1329 657 1.
1353 626 1391 666 ff.
1407 628 1440 657 cie
1459 629 1557 658 eclend.
1583 637 1693 661 eorum
1709 630 1860 672 scriptura
1879 633 1969 665 codi-

1105 666 1255 707 cibusque
1270 667 1488 708 probationem
1501 671 1626 700 maxime
1646 672 1801 704 contineri
1825 673 1845 704 l.
1854 673 1921 714 9.§.
1934 684 1967 707 2.

1099 707 1140 754 ff.
1161 710 1219 738 eod.
1244 708 1325 748 127.
1351 707 1378 749 §.
1394 717 1419 739 1.
1436 707 1477 748 ff.
1495 709 1529 738 de
1539 709 1619 749 furt.
1642 712 1671 743 ὅ(
1688 721 1742 752 per
1759 713 1968 756 consequens,

1097 747 1326 790 frequentzffime
1353 750 1390 779 ad
1410 748 1500 788 fidem
1525 759 1618 782 eorum
1641 753 1755 785 decurri
1786 755 1813 785 d.
1832 755 1858 797 §.
1880 766 1908 788 2.
1931 758 1966 789 in

1100 789 1157 830 fin.
1181 790 1300 830 poterit
1315 788 1418 821 statim
1435 788 1491 821 tibi
1509 789 1670 831 subolere,
1695 803 1755 834 qua
1778 795 1817 826 de
1833 796 1924 829 causa
1941 798 1965 829 i-

1104 831 1175 862 dem
1193 830 1339 862 Donatus
1357 830 1394 862 ad
1411 831 1529 862 Phorin.
1556 831 1626 864 Λᾶ.
1652 833 1691 865 V.
1706 834 1754 875 sc.
1772 844 1800 876 7.
1825 837 1965 879 dixerit,

1104 872 1185 904 hodie
1216 873 1285 902 addi
1312 872 1512 914 chirographis
1528 883 1538 908 ,·
1570 875 1604 904 de
1628 875 1727 914 domo,
1748 886 1785 908 ex
1801 887 1870 909 arca
1878 879 1936 920 sua
1955 891 1967 913 ε

1104 913 1153 944 vel
1170 913 1202 943 cle
1218 912 1484 953 mensaescriptura.
1507 912 1590 946 Nam
1610 915 1758 956 siquidem
1776 927 1816 949 ex
1837 919 1891 951 illa
1908 930 1968 953 ma-

1103 956 1152 1001 gis
1166 953 1247 985 fasta
1264 953 1363 984 fuerit
1381 955 1575 994 numeratio,
1600 955 1621 987 fi
1641 964 1726 988 tanta
1743 958 1780 990 fit
1800 959 1926 1000 publica
1937 971 1968 993 e-

1104 1005 1153 1036 Jus
1179 995 1256 1026 fides
1273 1018 1282 1034 ,
1316 994 1441 1026 debitor
1467 996 1499 1026 in
1519 1005 1623 1028 reru—m
1649 1000 1889 1040 controversiis,
1913 1003 1966 1035 ubi

1105 1036 1268 1077 pecuniam
1297 1037 1332 1067 de
1356 1037 1433 1067 domo
1456 1045 1647 1069 numeratam
1665 1048 1727 1071 non
1741 1040 1828 1073 foret
1845 1052 1970 1084 expres-

1106 1077 1171 1109 sum
1181 1099 1192 1115 ,
1221 1077 1258 1108 ad
1281 1077 1471 1118 argentarios
1483 1099 1495 1114 ,
1517 1087 1691 1120 eorumque
1707 1082 1833 1115 codices
1850 1093 1966 1125 provo-

1106 1127 1176 1150 care
1194 1117 1315 1158 polset,
1339 1118 1368 1149 δε
1385 1118 1446 1149 hoc
1461 1118 1570 1150 colore
1589 1123 1837 1156 numerationem
1854 1125 1915 1157 ess‘e
1923 1125 1972 1158 fa-

1109 1159 1190 1191 Ctam
1207 1159 1245 1190 ad
1261 1159 1380 1190 inficias
1398 1159 1457 1198 ire,
1483 1161 1743 1199 quemadmodum
1760 1164 1969 1206 improbusil-

1106 1200 1157 1238 Ie,
1181 1200 1214 1231 in
1234 1200 1323 1239 cujus
1343 1199 1433 1231 causa
1453 1200 1587 1239 judicem
1614 1201 1645 1233 se
1659 1202 1752 1235 fuiffe
1767 1204 1890 1239 Gellius
1905 1217 1973 1239 me-

1106 1247 1210 1285 morat
1232 1240 1275 1271 L.
1292 1239 1383 1272 XIV.
1409 1241 1454 1271 N.
1473 1241 1516 1272 A.
1543 1241 1576 1273 C.
1596 1251 1625 1274 2.
1670 1243 1771 1284 Igitur
1789 1246 1967 1287 hujusmodi

1105 1280 1268 1312 fraudibus
1293 1288 1328 1312 ut
1348 1289 1547 1320 occurratur,
1572 1283 1686 1314 merito
1703 1286 1820 1325 placuit
1838 1289 1868 1320 &
1884 1289 1936 1321 hic
1955 1313 1973 1329 ‚

1107 1323 1138 1353 ὃς
1164 1321 1266 1360 alibi,
1295 1321 1373 1353 illud
1400 1323 1433 1352 de
1457 1323 1534 1353 domo
1562 1322 1771 1357 Cautionibus
1788 1327 1898 1367 adjici:
1922 1331 1968 1363 ita

1102 1362 1271 1403 fraudandi
1277 1362 1340 1435 spel
1343 1362 1466 1435 lsicblata
1476 1385 1489 1403 ,
1501 1363 1639 1406 solvendi
1661 1365 1809 1409 neceffitas
1824 1371 1971 1413 consequi.

1111 1410 1179 1443 tur,
1202 1412 1238 1437 ut
1256 1412 1301 1436 ait
1318 1413 1328 1435 1
1355 1413 1386 1436 e.

1270 1546 1363 1584 IV.

593 1637 641 1674 Et
665 1638 730 1676 hoec
754 1637 930 1684 quindecim
952 1638 1052 1684 proha
1073 1635 1156 1671 reite
1180 1633 1251 1670 dari
1275 1633 1429 1671 Kalendis
1444 1634 1589 1682 suturis.

266 1740 279 1766 t
301 1734 358 1766 haec
386 1736 550 1776 quindecim
570 1737 660 1776 proba
687 1735 761 1768 νεὲἶε
786 1736 871 1767 dari:
893 1733 976 1767 Haec
991 1734 1065 1767 XV.

288 1776 434 1808 Sestertia
457 1777 572 1817 (liceat
589 1777 634 1808 ita
650 1777 782 1818 dixiffe)
807 1776 954 1809 Creditor
973 1775 1067 1817 stipu-

201 1820 286 1851 latus
302 1817 346 1849 est
364 1819 431 1849 clari
463 1817 514 1858 (id
531 1817 594 1857 est,
627 1819 732 1858 reddi,
755 1818 855 1857 solvi,
881 1826 916 1849 ut
933 1818 1068 1859 quando-

205 1869 268 1899 que
284 1859 358 1890 alias
389 1859 410 1890 l.
432 1868 500 1890 122.
529 1865 578 1899 pr.
598 1859 638 1900 ff.
666 1861 700 1891 de
721 1860 762 1891 V.
783 1859 822 1891 O.
848 1859 867 1890 l.
892 1869 959 1891 102.
985 1858 1012 1900 §.
1041 1869 1066 1891 L.

199 1900 240 1943 ff.
259 1901 292 1931 de
300 1899 410 1941 Μαι.)
428 1901 519 1940 proba
535 1899 619 1931 νεὲἲε.
665 1900 876 1943 Adjeffiasunt
891 1901 947 1931 haec
966 1902 1065 1939 verba,

199 1942 305 1983 inquit
337 1940 494 1973 Donellus
520 1941 558 1972 ad
587 1942 615 1972 h.
635 1941 655 1972 l.
671 1964 682 1980 ,
712 1943 808 1984 magis
822 1951 874 1983 quo
892 1952 937 1973 res
972 1941 1069 1972 lanius

199 1984 382 2023 exprimatur
400 2005 410 2021 ,
444 1991 528 2023 quam
549 1983 620 2023 quod
637 1982 737 2023 fuerit
767 1982 879 2023 neceffe.
960 1992 996 2013 ec
1013 1983 1067 2014 ille

198 2032 323 2055 tantum
343 2023 369 2050 π’
381 2025 471 2063 proba
486 2022 560 2054 reite
577 2022 803 2064 supervacuum
821 2023 997 2063 existimat,
1015 2023 1067 2055 sed

202 2064 234 2096 &
252 2064 442 2104 Interpretes
457 2063 559 2095 ferme
589 2074 718 2103 omnes,
743 2065 816 2106 quid
832 2065 984 2096 dictiones
1002 2065 1065 2096 111ae

199 2104 257 2138 fibi
274 2105 376 2136 velint
394 2105 588 2146 ignorantes,
613 2105 695 2146 quafi
711 2107 833 2147 agmine
843 2105 928 2137 fado
946 2116 1064 2137 convo-

198 2147 269 2178 lant
296 2145 334 2176 ad
358 2155 526 2177 commune
553 2146 738 2186 ignorantiae
764 2147 882 2187 asylum
908 2147 938 2178 in
963 2147 981 2178 l.
1007 2157 1064 2178 non

201 2187 329 2218 omnium
345 2196 395 2218 20.
414 2185 454 2226 ff.
478 2188 511 2217 de
539 2187 611 2218 LL.
631 2187 662 2219 ἃ
677 2188 783 2228 quidni
796 2189 813 2220 ⁸.)
837 2197 900 2219 non
917 2188 998 2219 enim
1019 2187 1064 2219 so-

196 2228 287 2266 lent,
310 2236 378 2268 quae
398 2227 575 2266 abundant,
598 2228 711 2260 vitiare
737 2228 939 2270 scripturam,
958 2229 978 2261 s1
999 2238 1063 2260 cre-

199 2268 254 2300 das
272 2268 411 2309 Ulpiano
426 2269 459 2300 in
482 2269 502 2299 l.
519 2278 570 2309 94.
590 2268 630 2309 ff.
648 2270 682 2301 de
702 2270 744 2301 R.
762 2269 800 2310 J.
845 2270 961 2301 Verum
982 2271 1064 2301 enim

197 2319 298 2349 vero,
323 2319 419 2350 quum
438 2309 531 2350 prisci
548 2310 628 2350 juris
647 2310 818 2349 Auctores,
836 2311 1065 2342 vocabulorum

197 2351 339 2392 appriine
353 2351 464 2392 gnari,
483 2349 718 2391 stipulationum
743 2351 896 2384 formulas
918 2353 1065 2394 concipe-

198 2399 270 2424 rent
286 2390 354 2423 fere
372 2392 423 2433 ipfi
436 2415 445 2430 ‚
471 2399 505 2423 ut
522 2401 562 2423 ex
578 2391 692 2424 Tullio
712 2393 742 2424 &
760 2393 901 2424 Varrone
923 2392 1062 2432 constat3

199 2433 231 2465 &
251 2433 328 2464 adeo
347 2433 563 2474 quotidianum
580 2433 617 2464 fit
628 2442 738 2464 cavere
756 2444 883 2465 nummos
893 2436 992 2475 probos
1002 2437 1063 2466 red-

200 2475 252 2512 di,
277 2474 368 2505 velut
393 2474 486 2512 heic,
514 2473 546 2506 in
581 2474 602 2506 l.
621 2484 673 2514 24.
689 2474 730 2516 ff.
748 2477 782 2506 de
802 2474 888 2516 const.
904 2481 1009 2516 pecnn.
1033 2477 1064 2508 &

199 2515 281 2548 locis
308 2525 326 2545 a
349 2514 506 2546 Briffonio
528 2516 734 2556 comportatis
769 2516 840 2548 Lib.
859 2516 912 2549 VI.
938 2518 971 2548 de
993 2517 1063 2549 For-

180 2574 181 2577 *
200 2556 272 2587 mul.
292 2561 325 2596 p.
342 2566 381 2587 m.
397 2559 470 2596 536.
495 2559 532 2584 τὶν
551 2559 649 2594 &gripor
664 2557 766 2591 δόκιμον
789 2559 935 2596 dadsisas,
960 2568 1063 2600 quem-

198 2596 367 2628 admodum
383 2597 464 2636 apud
481 2595 782 2636 Graecos,vixmihi
795 2598 982 2640 persuadeo,
994 2600 1063 2631 haee

200 2637 309 2669 omnia
327 2637 406 2669 nihil
424 2646 527 2678 agere-
555 2637 660 2669 Etiam
679 2639 831 2670 Veterum
847 2641 990 2672 nonnulli
1009 2641 1062 2672 hu-

200 2679 285 2710 'usce
312 2678 408 2709 moris
431 2677 577 2710 effoetum
603 2678 794 2719 agnoscunt,
817 2680 890 2711 dum
907 2681 1007 2712 varias
1024 2682 1060 2713 il-

196 2690 260 2752 11113
284 2719 421 2751 rationes
448 2718 519 2750 sunt
543 2720 744 2758 commenti,
774 2720 848 2752 licet
867 2721 1013 2753 incassum
1029 2732 1062 2753 o-

197 2770 305 2792 mnes:
329 2760 381 2791 hic
400 2760 502 2798 enim,
526 2759 547 2792 fi
566 2760 674 2799 ullibi,
699 2759 759 2792 suae
780 2770 924 2803 purpurae
945 2772 1062 2802 pannos

197 2800 332 2833 assuunt.
379 2800 496 2833 Nonne
514 2801 584 2842 plus
603 2811 695 2843 quarn
710 2802 878 2834 ridiculum
892 2802 957 2841 cst,
982 2802 1064 2834 bona

197 2841 262 2874 fide
291 2842 446 2882 disputare
469 2844 498 2871 τὸ
513 2844 600 2882 proba
622 2842 762 2874 additum
778 2842 858 2882 effe,
881 2853 919 2875 nc
937 2844 1062 2875 reddan-

196 2891 252 2914 tur
279 2883 398 2915 nummi
422 2882 617 2923 adulterini,
647 2883 759 2923 arrofi,
791 2885 842 2916 vel
863 2884 1015 2922 1acunofi,
1042 2885 1063 2918 1'1

199 2924 271 2964 quis
291 2924 419 2965 legerit-
437 2925 459 2956 l.
479 2934 528 2964 24.
554 2923 583 2965 §.
607 2933 632 2956 1.
651 2925 693 2965 ff.
719 2926 752 2957 de
765 2927 883 2968 pigrior.
910 2925 967 2956 aci.
994 2926 1025 2957 dc
1041 2927 1060 2957 i.

200 2974 250 3001 99.
272 2965 312 3006 ff.
330 2967 362 2996 de
373 2964 477 3005 solut?
502 2964 576 2997 Non
602 2964 729 2998 felicius
745 2968 848 2999 multo
866 2966 975 3005 Picus,
1001 2965 1064 2998 De-

196 3007 267 3050 cius
279 3028 289 3044 ,
319 3005 450 3038 Curtius
472 3007 604 3045 Senior,
631 3007 748 3048 quique
766 3017 836 3039 eum
854 3006 993 3049 sequitur
1010 3007 1064 3039 Al-

200 3054 303 3077 ciatus
320 3047 358 3078 ad
380 3048 407 3078 h.
426 3047 446 3079 l.
471 3046 542 3079 Nos
560 3047 700 3080 dabimus
721 3049 875 3081 rationem
893 3049 1000 3088 aliam,
1013 3047 1063 3080 sed

197 3085 361 3132 postquam
379 3089 549 3119 viderimus
566 3111 576 3127 ,
608 3089 681 3130 quid
698 3089 775 3121 illud
797 3089 888 3122 Reae
906 3090 935 3121 in
959 3091 1064 3124 e'uoeaied

197 3125 373 3200 ggfflmcet,
396 3137 431 3162 ut
448 3129 552 3165 lucem
567 3130 817 3173 qualemcunque
839 3131 912 3166 inde
928 3130 1060 3166 foenere-

1153 1732 1321 1765 Veteribus
1344 1733 1374 1765 in
1393 1734 1592 1767 cautionibus
1608 1736 1639 1768 &
1660 1735 1807 1771 formulis
1823 1738 1976 1775 voculam

1111 1774 1202 1806 Reste
1219 1784 1310 1816 quam
1325 1773 1509 1807 familiarem
1532 1775 1643 1817 fuiffe,
1674 1780 1768 1812 variis
1784 1789 1874 1813 exem
1897 1783 1936 1814 lis
1956 1803 1975 1821 5

1108 1824 1168 1856 pro
1185 1825 1295 1853 more,
1325 1815 1421 1847 docet
1441 1817 1523 1848 idem
1547 1818 1636 1850 Barn.
1655 1819 1789 1854 Briss'on.
1811 1822 1851 1854 L.
1886 1846 1893 1854 .
1919 1823 1972 1855 Se-

1104 1856 1177 1888 ie&
1196 1856 1350 1898 Antiquic.
1375 1858 1406 1888 C.
1420 1867 1449 1894 9.
1475 1858 1526 1889 ubi
1540 1858 1681 1892 Veterum
1693 1862 1843 1894 Cautiones
1857 1860 1904 1894 ma
1928 1874 1973 1896 na

1113 1903 1175 1929 arte
1204 1898 1416 1940 diligentiaque
1433 1898 1524 1939 ffflffi'
1551 1901 1714 1941 compqlitas
1735 1903 1818 1935 reete
1843 1873 1971 1946 quiesem

1112 1938 1259 1970 observat
1277 1962 1287 1978 ,
1315 1948 1425 1970 verum
1448 1941 1551 1972 minus
1575 1943 1741 1983 prudenter
1763 1945 1868 1984 addit,
1890 1946 1975 1978 illud-

1110 1980 1188 2011 adeo
1212 1990 1322 2012 verum
1342 1980 1403 2011 ess‘e
1420 2002 1431 2018 ,
1460 1987 1492 2011 ut
1515 1983 1604 2014 etiam
1620 1983 1848 2024 supervacaneis
1870 1987 1973 2018 multis-

1109 2020 1244 2062 clansiilis
1261 2022 1458 2059 abundarent,
1469 2021 1529 2054 hoc
1544 2023 1642 2064 ipsum
1662 2026 1848 2060 confirmans
1864 2037 1972 2060 exem-

1109 2063 1163 2102 plo
1178 2063 1334 2094 cautionis
1351 2061 1466 2094 nostrae
1484 2063 1514 2094 in
1535 2070 1570 2099 τῷ
1588 2064 1688 2097 Ιὲεέῐε.
1718 2068 1798 2099 Sane
1816 2067 1971 2102 Veterum

1107 2103 1302 2143 diligentiam
1326 2103 1470 2141 laudare,
1502 2103 1532 2135 ἀ
1548 2105 1635 2138 fimul
1659 2107 1800 2140 miseram
1819 2109 1880 2141 ess'e
1896 2116 1972 2148 pro-

1107 2143 1188 2176 fiteri
1206 2143 1325 2184 palam,
1347 2143 1411 2175 five
1430 2144 1524 2176 ctiam
1543 2146 1640 2187 clam,
1665 2155 1701 2179 ut
1718 2148 1798 2181 solet
1814 2151 1972 2192 alias,pa-

1105 2194 1176 2216 rum
1191 2183 1296 2223 abest,
1329 2185 1403 2226 quin
1435 2186 1467 2216 in
1490 2185 1745 2228 Jurisprudentiae
1762 2186 1972 2226 deridiculum·

1109 2233 1226 2267 vergat.
1271 2225 1355 2258 Heic
1382 2235 1440 2266 pro
1466 2228 1601 2259 veritate
1637 2230 1734 2272 magis
1760 2231 1912 2274 Ulpianus
1935 2230 1972 2266 in·

1109 2267 1129 2298 i.
1147 2276 1199 2307 71.
1225 2265 1253 2308 §.
1279 2267 1333 2298 ult.
1352 2267 1395 2308 ff.
1411 2267 1513 2314 cle-V.
1534 2269 1565 2300 S.
1610 2269 1684 2302 Haec
1706 2274 1815 2313 verba,
1838 2274 1900 2313 ait,
1923 2274 1972 2306 his-

1108 2310 1188 2339 rclms
1207 2317 1319 2339 RECTE
1329 2306 1481 2349 praesiarz,
1504 2310 1554 2341 hoc
1565 2309 1760 2353 significant,
1784 2324 1821 2346 ne
1839 2316 1974 2356 quodpe-

1106 2349 1231 2380 ricinum
1248 2349 1295 2380 vel
1312 2351 1448 2381 darnnum
1462 2359 1499 2380 ex
1514 2361 1548 2382 ea
1565 2362 1594 2383 re
1604 2351 1764 2393 stipulator
1771 2355 1907 2396 sentiret.
1935 2355 1967 2389 1-

1105 2390 1192 2431 gitur
1213 2389 1326 2421 frustra
1352 2400 1416 2422 non
1443 2390 1488 2422 est
1512 2395 1702 2427 vocabulum
1725 2395 1843 2434 Recte,
1864 2405 1904 2428 ne
1928 2406 1970 2428 ue

1106 2430 1192 2462 nulla
1219 2432 1285 2477 ejus
1313 2432 1500 2473 fignificatio
1521 2456 1538 2472 ‚.
1569 2434 1665 2475 prout
1691 2437 1842 2476 generalis
1871 2436 1917 2477 JC
1953 2437 1971 2470 Ι

1106 2472 1281 2518 ριόροῌωο
1309 2473 1469 2504 declarat:
1508 2474 1664 2507 efficacius
1695 2484 1797 2509 tamen
1828 2476 1859 2509 se
1894 2487 1967 2525 pro-

1106 2514 1160 2544 det
1177 2513 1263 2545 illius
1279 2513 1433 2554 potestas,
1467 2514 1614 2555 siquidem
1638 2515 1780 2558 lingulis,
1804 2518 1836 2550 in
1853 2519 1969 2560 quibus

1107 2555 1267 2594 occurrit,
1290 2556 1367 2596 juris
1383 2555 1541 2594 articulis,
1566 2556 1733 2590 secundum
1750 2567 1785 2590 ea
1798 2583 1808 2600 ,
1819 2568 1888 2601 quae
1897 2569 1972 2603 prm

1106 2604 1286 2636 ponuntur,
1313 2595 1432 2628 sensum
1449 2596 1477 2626 ei
1493 2597 1629 2637 applices
1648 2598 1806 2632 idoneum.

1147 2635 1183 2667 ln
1205 2646 1270 2668 rem
1285 2636 1468 2677 praesentem
1483 2636 1505 2669 fi
1523 2646 1626 2669 eamus
1637 2662 1646 2678 ,
1661 2641 1783 2679 patebit
1794 2640 1884 2682 satis,
1895 2652 1973 2677 eum‡

1105 2677 1157 2717 qui
1175 2686 1321 2709 nummos
1334 2679 1454 2718 probos,
1476 2678 1528 2718 qui
1540 2681 1641 2719 probos
1665 2680 1740 2712 reste
1763 2682 1828 2714 dari
1844 2682 1969 2731 stipula*-

1106 2725 1156 2749 tus
1172 2717 1217 2749 est
1228 2741 1238 2756 ‚
1260 2728 1350 2757 cum,
1376 2719 1500 2759 inquam
1511 2740 1529 2756 ,.
1544 2720 1629 2752 velle
1640 2743 1651 2759 ,
1674 2731 1799 2756 omnem
1816 2724 1968 2757 callidita-

1105 2766 1168 2790 tem
1184 2781 1196 2797 ,
1226 2758 1409 2797 fallaciam,
1441 2760 1704 2795 machinationem
1730 2765 1767 2796 ad
1793 2765 1967 2797 circumve-

1106 2800 1252 2832 niendum
1264 2824 1274 2839 ‚
1305 2800 1496 2839 fallendum,
1531 2801 1561 2833 ἀ
1577 2802 1815 2845 decipiendum,
1839 2805 1940 2839 abess'e
1952 2829 1971 2848 5.

1107 2840 1285 2873 abfuturam
1302 2851 1311 2880 ;
1345 2851 1439 2882 atque
1465 2842 1542 2873 adeo
1568 2845 1709 2877 omnium
1727 2847 1913 2880 malitiarum
1933 2856 1966 2880 e-
1986 2854 1991 2866 '

1108 2882 1298 2915 verriculum
1325 2881 1528 2923 stipulatione
1549 2883 1600 2916 sua
1618 2887 1796 2928 complecti.
1840 2888 1889 2921 Ita
1911 2897 1966 2922 ex-

1106 2922 1194 2954 cluso
1223 2924 1300 2955 dolo
1322 2933 1431 2956 omnes
1445 2924 1626 2957 debitorum
1647 2927 1796 2960 versutiae
1815 2932 1966 2963 coercen-

1109 2971 1159 2994 tur
1183 2964 1205 2996 l.
1221 2968 1271 3002 69.
1291 2964 1332 3006 ff.
1357 2966 1390 2996 de
1418 2965 1460 2996 V.
1479 2966 1509 2997 S.
1534 2975 1606 2999 cum
1621 2967 1686 3000 doli
1705 2968 1842 3002 clausula
1864 2971 1900 3002 ad
1920 2971 1967 3003 in-

1106 3012 1211 3037 certos
1238 3006 1324 3038 casus
1339 3029 1349 3045 ,
1383 3007 1500 3047 quique
1518 3008 1549 3039 in
1564 3007 1728 3049 praesentia
1746 3010 1889 3044 Partibus
1902 3020 1970 3044 non

1106 3055 1298 3092 occurrunt,
1321 3048 1509 3079 extendatur
1531 3049 1553 3080 l.
1567 3059 1621 3091 53.
1648 3050 1684 3085 ἐξ
1710 3051 1844 3093 ¹19··ff··
1864 3053 1898 3084 de
1920 3049 1969 3091 V,

1109 3088 1150 3119 O.
1173 3088 1236 3119 allo
1262 3089 1315 3120 uin
1340 3094 1367 3120 τὶ
1383 3091 1505 3127 ψ’ύδεοῖἷζ
1524 3094 1574 3121 τοῖς
1592 3092 1709 3125 &Primam
1731 3093 1851 3127 ‹nuuc-:ivd
1873 3097 1964 3128 πὶλᾶ.

1102 3141 1162 3166 m,
1181 3129 1227 3174 ait
1267 3129 1446 3170 lumi-chus,
1473 3131 1528 3163 a&
1545 3134 1581 3163 τέ
1596 3131 1631 3165 μὰ
1641 3131 1689 3163 δεῖ,
1707 3133 1874 3172 sande-roae.
1898 3132 1966 3168 Nea

1102 3179 1163 3212 que
1177 3169 1258 3207 illud
1281 3170 1344 3206 fine
1363 3171 1503 3206 utilitate
1518 3172 1550 3205 in
1567 3171 1766 3214 creditorem
1780 3174 1967 3210 redundata-

1914 3227 1969 3262 Ν,
