2008 3436
321 104 675 140 AMICA

31 192 104 232 ejus
123 186 288 225 comitati,
311 185 482 227 prudentiae
497 208 508 224 ‚
536 182 700 230 dignitati,
718 180 899 227 Scriptores

37 231 188 268 Veteres,
214 228 329 269 ingenii
346 226 470 259 solertia
495 234 632 258 nominis
649 224 825 255 claritatem
843 233 900 264 per

40 281 90 305 tot
109 270 211 302 secula
230 270 399 301 retinentes
414 267 495 309 apud
515 268 601 299 viros
616 264 727 297 doctos
747 264 778 296 ὄῑ
795 263 897 296 lauda-

39 323 111 352 tos,
133 321 195 343 tam
211 310 425 352 adspernanter
440 309 552 341 habere
569 317 578 346 ;
607 315 646 338 eo
671 315 709 337 ue
723 314 869 347 rumpere
886 328 899 345 ‚

36 365 103 391 non
120 352 264 390 solvere,
283 352 399 384 nodum
417 350 471 384 fibi
489 351 648 384 incommo
672 356 734 379 um.

85 396 114 437 ς.
133 394 220 426 Vlll.
244 394 291 425 lta
305 394 416 427 liceret
443 392 518 424 mihi
533 388 731 431 adquiescere
749 388 899 435 hactenus

38 449 97 481 pro
125 435 298 469 Christiana
321 434 497 466 sinceritate
510 431 608 464 dictis.
650 428 701 462 sed
733 437 899 470 pei-mittes

38 480 136 517 mihi,
167 487 202 509 ca
227 476 328 509 haberi
349 483 469 507 tantum
486 472 567 515 quasi
589 470 779 512 praeambula
793 471 900 504 defen-

39 521 136 554 iionis
163 527 253 560 quam
278 526 379 558 paro;
408 515 439 547 ἃ
461 515 500 546 de
522 512 672 560 universis
688 522 760 554 quae
779 513 816 545 ad
831 522 900 545 eam

39 562 197 604 speftant,
220 568 303 592 nunc
319 559 363 590 ire
378 557 410 588 in
430 555 595 588 confilium
611 577 622 593 ,
645 563 738 596 quam
777 563 871 586 otero
887 578 899 594 ,

40 601 227 636 exactiffime
242 623 252 639 ‚
281 597 469 640 sequestrato
474 597 652 670 ἱ1333113031·
667 595 728 627 isto
780 595 900 628 hristia-

40 653 152 679 norum
169 649 365 682 contemptu.
399 637 451 681 (¹)
506 637 566 670 nde
584 638 676 669 datur
695 637 787 670 nobis
804 638 902 670 hodie

39 683 249 729 cognoscere,
270 683 299 714 &
314 681 403 714 finire
423 679 512 712 litem
531 679 569 710 de
587 686 729 720 tempore
747 679 902 720 antiquati

36 736 113 762 ante
133 724 232 758 multa
256 724 358 757 secula
381 721 478 754 moris
500 720 632 753 necandi
658 722 903 763 exponendique

39 769 193 806 infantes3
216 773 421 809 praeterquam
435 772 476 795 ex
487 763 640 794 memoria
660 771 771 794 eorum
789 763 903 804 quibus

40 821 75 845 re
91 811 210 851 integra
226 814 439 850 opportunum
457 812 543 841 erat,
567 803 646 836 scire
663 804 748 845 quod
769 813 853 836 nunc
871 814 902 836 3-

42 852 148 888 liunde
162 860 226 883 non
242 856 366 891 apparet
378 847 396 879 ἓ
414 845 445 878 id
460 845 600 878 divinare
630 845 648 887 ζ
657 853 772 886 praeter
790 846 853 877 1103
871 856 900 877 3-

42 895 108 927 111111
126 892 206 925 1111111
222 889 340 930 restat)
361 888 464 920 verius
485 887 630 928 aptiusve
643 887 902 927 ratiocinatione,

45 944 138 983 quam
154 934 218 966 illis
235 932 358 965 licuerit
373 930 433 962 fide
448 929 614 961 oculorum
626 951 637 967 ,
657 928 688 960 δε
703 928 759 960 usu
769 928 901 970 praesen-

47 987 88 1009 tis
105 973 252 1016 temporis
269 972 460 1013 intelligere,
505 979 546 1001 uo
564 970 661 1002 modo
675 993 688 1010 ‚
711 970 731 1002 11
749 969 901 1012 sapimus,

45 1016 148 1060 speret
164 1017 242 1048 alter
259 1012 421 1048 nostrum?
443 1012 461 1054 (
473 980 512 1052 ὅ
536 1010 752 1058 Insupervoio
771 1013 903 1044 interro-

45 1068 137 1101 gare,
158 1065 268 1099 quanta
290 1054 370 1096 Juris
391 1053 521 1086 scientia
534 1053 635 1086 fuerit
651 1063 730 1095 opus
751 1053 902 1096 fignifica-

48 1100 145 1139 turis‚
165 1107 202 1130 an
222 1096 358 1139 ipsorum
376 1105 447 1127 aevo
473 1095 656 1136 parentibus
676 1095 754 1127 esset
771 1096 902 1138 permis-

46 1141 132 1180 sum,
160 1137 293 1171 infantes
314 1145 436 1169 tantum
455 1137 540 1179 quod
557 1145 671 1176 natos,
693 1146 752 1178 pro
769 1138 902 1170 arbitrio

46 1181 172 1220 tollere,
201 1187 360 1221 exponere
373 1201 386 1219 ‚
414 1188 526 1211 necare
539 1179 555 1211 :2
587 1177 816 1219 Conferamus,
845 1179 902 1211 11111

36 1231 134 1266 grave
154 1220 199 1253 est
215 1245 226 1262 ,
256 1219 360 1253 nostra
381 1228 525 1261 tempora
545 1228 619 1252 cum
647 1220 712 1252 11113
737 1220 870 1254 vetustis
892 1232 900 1253 ε

36 1263 240 1306 >quisquamne
261 1261 357 1295 hodie
374 1283 387 1300 ,
416 1269 524 1293 utrum
541 1262 611 1301 jure
631 1261 813 1295 eoneess'um
829 1286 841 1303 ,
863 1273 902 1297 an

31 1305 176 1338 uetitum
185 1328 202 1345 ,.
227 1304 265 1337 sit
282 1302 464 1345 parentibus
481 1311 641 1344 exponere
658 1310 713 1334 aut
731 1313 844 1337 necare
857 1306 901 1338 in-

31 1347 141 1382 fantes
155 1346 312 1388 „laborat
331 1353 462 1385 usquam
481 1343 569 1377 sanus
577 1343 703 1376 homo?
725 1346 901 1388 quisquam-

28 1400 98 1430 ne,
121 1397 158 1420 ut
173 1386 271 1427 sciat,
291 1386 366 1428 quid
382 1384 413 1418 se
430 1384 536 1418 facere
556 1395 592 1418 ea
619 1386 650 1418 in
677 1395 711 1417 re
736 1396 757 1418 o
781 1396 904 1428 orteat,

32 1432 135 1465 ,11111113
151 1438 287 1470 unquam
302 1428 368 1461 adit
381 1427 602 1468 Jurisconsulti
620 1427 752 1460 domum
764 1455 772 1461 .
800 1429 865 1463 Cur
875 1440 905 1463 a-

38 1473 107 1507 liud
131 1471 231 1504 fuerit
253 1467 358 1502 olim?
390 1468 445 1510 (³)
474 1478 546 1502 narn
573 1470 604 1502 ὃς
618 1476 687 1501 tum
702 1477 770 1502 erat
786 1472 907 1505 cunetis

36 1523 173 1554 notum,
200 1512 275 1556 quid
297 1511 432 1544 liceret:
464 1520 482 1542 a
496 1511 588 1544 nullo
605 1510 809 1552 ignorabatur
830 1521 906 1549 nato

78 1641 103 1679 ς.
117 1641 197 1671 VIII.
220 1649 245 1670 1.
266 1639 360 1668 Pauca
377 1638 448 1667 dicis
462 1638 518 1667 hoc
533 1639 557 1675 ς.
579 1647 640 1676 quae
654 1640 785 1669 annotari
799 1647 906 1672 meren·

32 1686 96 1710 tur.
136 1680 228 1709 Lirem
250 1677 370 1707 nostram
393 1677 448 1706 effe
470 1677 623 1707 finiendam
647 1687 682 1707 ex
704 1680 841 1709 memoria
859 1689 906 1710 eo-

38 1727 100 1748 rum
110 1739 118 1753 ,
138 1719 186 1755 qui
201 1719 329 1747 vixerunt
345 1716 566 1753 scripseruntque
580 1717 631 1745 1110
645 1723 790 1754 tempore,
803 1718 838 1747 de
847 1728 903 1756 quo

36 1766 93 1789 nos
108 1757 360 1790 controvertimus,
380 1755 481 1784 lubens
504 1755 638 1792 agnosco.
679 1756 787 1795 Quidni
801 1758 903 1794 igitur,

37 1796 132 1833 inquis
143 1817 151 1831 ,
169 1804 205 1824 ex
230 1794 374 1828 Patribus,
402 1795 522 1831 quibus,
542 1795 644 1832 ecquid
659 1797 699 1824 rei
715 1795 798 1824 licitae
813 1797 859 1825 vel
874 1797 905 1825 11-

36 1835 121 1866 licitae
134 1834 200 1864 esset
216 1834 251 1863 de
265 1833 406 1862 infantum
421 1842 491 1862 nece
510 1832 535 1861 &
554 1833 749 1870 expositione,
769 1834 823 1863 fide
839 1843 904 1864 ocu-

36 1873 131 1904 lorum
145 1873 172 1902 δι
186 1873 235 1902 usu
249 1872 388 1909 praesentis
404 1873 538 1909 temporis
554 1878 710 1908 potuerunt
726 1873 905 1911 intelligere?

36 1913 108 1944 Non
132 1912 278 1941 intercedo
293 1933 302 1946 ,
332 1911 489 1939 dummodo
511 1919 547 1938 ne
563 1917 594 1939 tu
609 1911 767 1940 intercedas
778 1934 786 1946 ‚
805 1912 906 1942 melius

35 1951 67 1981 ἁ
91 1951 181 1988 aptius
197 1972 204 1985 ,
234 1950 302 1987 quid
324 1950 365 1978 rei
389 1949 472 1979 licitae
492 1949 538 1977 vel
555 1949 657 1978 illicitae
671 1950 753 1983 effet,
776 1959 810 1980 ex
828 1951 906 1990 JCtis

39 1990 100 2019 sciri
117 1989 194 2026 posse
209 2011 217 2023 ,
243 1996 327 2025 quam
349 1988 518 2024 Theologis.
561 1989 601 2017 Hi
624 1989 736 2025 possunt
751 1989 882 2025 ignorare
896 2012 904 2025 ,

38 2028 107 2066 quid
123 2028 230 2065 legibus
246 2028 278 2058 fit
293 2027 428 2060 vetitum,
450 2028 490 2055 illi
509 2035 568 2056 non
587 2027 708 2065 possunt.
750 2028 823 2058 Cum
836 2029 906 2058 vitia

34 2069 70 2096 'sin
85 2074 175 2095 mores
191 2066 388 2103 migraverint,
410 2066 479 2094 liciti
493 2071 578 2103 atque
592 2065 684 2094 illiciti
699 2065 838 2096 distinctio
846 2076 905 2097 non

39 2105 147 2142 semper
163 2114 241 2141 aeque
259 2104 299 2133 est
316 2106 344 2132 in
367 2104 528 2141 propatulo.
567 2104 713 2133 Videbant
735 2104 809 2133 forte
824 2105 905 2135 Chri-

39 2143 140 2177 stiani,
161 2143 279 2172 infantes
293 2143 389 2171 occidi
404 2143 430 2171 &
450 2143 554 2180 exponi
570 2164 577 2171 .
597 2143 751 2177 videbant,
771 2144 830 2172 haec
845 2153 904 2173 non

39 2182 153 2220 puniri,
172 2180 228 2210 sive
251 2181 328 2217 quod
348 2181 443 2210 3116101
458 2182 540 2211 caedis
556 2180 582 2210 ἃ
596 2181 778 2219 expositionis
795 2184 906 2220 ignora-

41 2227 120 2250 retur
138 2219 237 2256 (quod
257 2220 419 2257 plerumque
441 2220 567 2257 accidit)
592 2220 646 2249 sive
663 2220 742 2257 quod
757 2221 906 2258 Magistra-

41 2267 88 2287 tus
108 2257 288 2286 diffimularet
312 2258 411 2294 (quod
432 2257 458 2286 δι
481 2258 570 2296 ipsum
584 2259 713 2288 accidere
725 2263 860 2297 poterat)
879 2260 906 2290 ὅ(

36 2297 109 2326 ‘inde
124 2297 197 2325 sorte
213 2297 253 2325 ilii
275 2298 303 2324 in
328 2297 451 2325 animum
473 2296 606 2325 inducere
630 2299 707 2326 suum
723 2305 880 2336 potuerunt
895 2321 903 2334 ‚

40 2337 102 2372 jure
125 2337 204 2364 licito
229 2336 287 2364 haec
307 2334 378 2363 fieri.
421 2335 655 2374 Quotusquisque
681 2345 756 2365 nunc
779 2337 836 2371 est,
857 2339 905 2373 qui

39 2375 118 2403 bona
134 2374 188 2402 fide
203 2373 357 2407 existimat,
377 2373 604 2403 Concubinatum
627 2375 701 2412 apud
718 2383 770 2403 nos
784 2384 842 2404 non
854 2377 906 2405 mi-

37 2421 95 2442 nus
120 2412 174 2441 esse
200 2412 308 2440 licitum
324 2433 334 2446 ‚
361 2421 445 2448 quam
473 2412 548 2449 apud
569 2413 716 2441 Romanos
733 2413 808 2442 fuit?
828 2420 906 2443 tanta

37 2451 146 2480 *scilicet
159 2451 363 2479 concubinatus
379 2450 540 2487 frequentia
562 2450 602 2479 est
622 2451 696 2488 apud
712 2452 841 2481 homines
859 2462 905 2481 cu-

37 2491 142 2527 jusque
161 2490 256 2523 sortis,
279 2488 304 2517 δε
319 2495 396 2518 tanta
411 2489 488 2518 11111111
506 2490 656 2527 impunitas
670 2512 677 2524 ‚
707 2496 739 2518 ut
755 2490 790 2519 de
806 2499 842 2519 eo
858 2491 907 2520 du-

41 2529 134 2557 bitare
149 2536 208 2556 non
224 2528 367 2557 immerito
382 2527 474 2564 poffis.
511 2528 634 2565 Legibus
651 2527 765 2565 quidem
775 2530 909 2566 prohibe-

40 2573 90 2595 tur
105 2566 220 2601 nostris,
244 2566 290 2595 sed
306 2566 388 2594 nullae
403 2567 490 2603 magis
506 2572 560 2595 tam
585 2567 716 2605 impune,
737 2573 794 2596 tam
814 2568 908 2597 secure

41 2604 94 2634 sub
117 2605 242 2633 omnium
264 2605 434 2633 conscientia
457 2605 617 2633 eluduntur.
662 2606 880 2643 Jurisconsultus
899 2629 907 2641 ,

40 2644 85 2671 <ie
100 2644 143 2671 his
168 2645 250 2672 rebus
273 2644 480 2678 interrogatus,
502 2643 592 2672 statim
614 2644 807 2682 respondebit,
828 2645 907 2682 quod

42 2690 89 2709 res
115 2680 171 2714 est,
200 2681 244 2709 sed
266 2681 350 2716 311113,
379 2681 428 2710 {ibi
451 2690 508 2710 non
535 2681 662 2711 constare
690 2684 906 2720 pronunciabit,

42 2719 90 2747 vel
113 2727 146 2747 ex
173 2718 333 2747 defletorum
355 2719 513 2756 frequentia
535 2722 618 2749 etiam
640 2722 784 2750 licentiam
799 2729 908 2758 arguet.

44 2758 141 2796 Atque
162 2758 221 2785 haec
243 2759 336 2786 omnia
351 2779 360 2791 ‚
389 2758 407 2786 11
427 2759 472 2787 vel
495 2759 635 2788 constaret
650 2782 658 2794 ‚
687 2760 766 2797 quod
793 2761 908 2790 minime

45 2795 155 2824 constat
169 2806 176 2829 ;
203 2802 311 2824 veteres
333 2797 469 2832 quosdam
484 2798 659 2827 Christianos
675 2807 734 2828 non
750 2799 830 2828 malis
849 2808 909 2828 mo·

43 2835 122 2862 ribus
133 2855 140 2867 ,
161 2833 205 2861 sed
220 2833 298 2862 maiis
318 2835 437 2870 Legibus
454 2835 532 2865 fuisse
547 2838 643 2866 iratos.

85 2881 114 2900 2.
136 2872 181 2900 Ad
197 2873 269 2900 lianc
284 2873 529 2909 interrogationem
543 2876 599 2910 iam
619 2876 760 2913 respondi.

85 2918 112 2945 3.
134 2910 180 2938 De
209 2918 239 2938 re
267 2916 337 2938 nota
364 2919 449 2940 nemo
469 2913 569 2949 Jctum
584 2914 659 2946 adit,
681 2915 726 2943 sed
743 2916 847 2944 cunffis
863 2915 909 2945 vel

46 2947 116 2976 olim
137 2954 237 2976 notum
262 2947 340 2976 fuisse
357 2970 366 2982 ,
392 2949 438 2977 vel
462 2958 537 2979 nunc
556 2953 625 2987 esse,
647 2953 716 2990 quid
729 2955 791 2989 jure
805 2954 909 2987 liceat,

45 2993 106 3016 11011
130 2986 198 3014 1111111
217 2986 380 3024 persuaserit
399 2987 443 3016 Cl.
458 2988 603 3020 Noodtius
618 3011 628 3025 ,
649 2999 702 3020 nec
721 2993 750 3020 id
766 2993 844 3027 ajunt
858 2995 911 3022 Le-

44 3033 115 3061 ges,
145 3033 214 3061 quas
240 3023 338 3054 frustra
357 3033 424 3054 mox
444 3026 576 3057 advocat.
620 3029 650 3058 Si
667 3038 764 3060 omnes
780 3033 910 3061 homines

45 3071 175 3100 petreque
188 3062 273 3091 effen:
292 3063 364 3100 Juris
384 3063 551 3100 prudentes.
578 3066 604 3095 δι
619 3068 760 3097 auditoria
776 3071 910 3100 Anteces-

47 3101 155 3131 sorum.
179 3100 204 3129 δι
218 3101 384 3130 Tribunalia
399 3101 526 3138 Judicum
542 3113 607 3134 mox
625 3105 769 3142 frigerent.

86 3147 114 3175 4.
135 3137 213 3178 Quid
228 3139 343 3172 mirum.
366 3139 543 3170 siChristiani
557 3143 724 3173 nesciverint
735 3167 742 3179 ,
766 3146 844 3183 quod
859 3147 911 3175 110-

46 3176 95 3206 die
110 3179 236 3206 nesciunt
249 3178 376 3215 plurimi,
398 3186 432 3206 ex
452 3178 612 3209 defletorum
630 3182 796 3219 frequentia,
823 3184 848 3213 &
862 3186 910 3213 iin-

46 3217 193 3255 punitate,
213 3215 283 3254 saepe
293 3216 433 3252 insecuta,
454 3225 513 3247 non
528 3218 734 3257 aestimandum,
761 3223 830 3259 quid
844 3223 911 3261 legi·

802 101 1473 142 RESPONSIO.

1737 112 1802 153 3231

941 181 1092 215 homine:
1117 189 1211 222 atque
1226 189 1262 214 ut
1277 182 1316 214 ad
1332 184 1604 227 constringendam
1619 186 1812 229 singulorum

941 223 1042 269 vitam
1061 223 1261 269 pertinebat,
1283 223 1419 257 debebat
1434 227 1474 258 ab
1497 228 1645 262 omnibus
1662 228 1810 270 intelligi:

941 263 1066 310 legibus
1081 263 1206 310 solitis,
1228 274 1268 296 ne
1285 264 1326 297 ab
1343 264 1413 298 ullo
1430 275 1599 308 peccetur,
1620 270 1651 303 in
1671 279 1812 302 commu-

942 316 983 338 ne
1007 304 1100 337 scribi
1125 306 1273 339 omnibus
1292 328 1303 345 ,
1331 314 1396 339 tam
1414 307 1564 347 summis,
1587 320 1680 350 quam
1696 311 1813 344 infimis

943 349 964 380 l.
991 356 1017 378 1.
1052 347 1072 378 1.
1095 351 1124 381 8.
1159 347 1203 380 D.
1233 347 1253 378 l.
1276 358 1306 390 3.
1333 348 1353 379 l.
1379 359 1410 386 9.
1447 350 1480 381 C.
1512 351 1546 381 de
1581 351 1709 393 legibus:
1732 352 1811 384 sicut

942 396 1072 431 putant,
1096 398 1224 429 01111133,
1249 390 1357 422 oblata
1374 391 1558 428 occafione.
1588 401 1733 433 perteque
1750 393 1813 425 esse

940 433 985 463 im
1009 430 1115 462 robos.
1138 430 1192 472 (4)
1214 432 1309 464 Solos
1332 441 1411 464 vero
1439 432 1525 473 quod
1539 431 1678 465 sciebant
1697 457 1706 471 ‚
1729 435 1815 475 quod

942 472 975 504 vi
999 472 1111 512 ebant,
1133 473 1218 513 quod
1236 472 1446 514 loquebantur
1471 483 1604 513 omnes,
1625 484 1665 506 ne
1684 474 1739 515 (s)
1760 485 1813 507 co-

942 513 1069 546 moediae
1108 513 1210 546 uidem
1226 515 1424 554 reticebant,
1467 525 1504 547 ua
1518 514 1629 549 fronte
1645 516 1815 556 credimus,

943 554 1066 587 latuisse
1104 555 1290 596 'hristianis‚
1316 565 1353 589 ut
1372 565 1408 589 ut
1430 566 1449 588 e
1473 557 1530 589 'ent
1552 556 1721 589 secundum
1741 558 1816 589 Am—

966 596 1111 628 lisfimum
1134 597 1318 632 Senatorem
1347 598 1496 631 meliores
1516 598 1701 640 Theologi,
1722 608 1816 641 quam

941 606 1160 680 furiseonsulti
1173 639 1189 671 ‘2

987 678 1098 725 §.¹1X.
1124 680 1179 722 (⁶)
1210 682 1271 714 Sed
1291 690 1327 714 ut
1353 682 1526 725 pcrfeffius
1549 681 1651 714 adhue
1675 680 1818 715 servetur

946 720 1199 755 Christianorum
1229 724 1345 762 decus,
1375 724 1612 765 distinctiusque
1632 724 1816 766 respondea-

945 761 1278 809 tur-castigationibus
1306 766 1421 806 quibus
1443 767 1475 798 in
1497 765 1684 807 repellendis
1706 775 1818 798 eorum

945 803 1135 837 testimoniis
1158 815 1268 847 magua
1295 806 1411 839 fiducia
1432 807 1504 839 usus
1529 806 1574 839 est
1601 807 1659 840 Vir
1684 807 1818 840 Clarissi-

944 855 1029 878 mus:
1052 856 1117 878 non
1137 847 1233 879 taedet
1252 857 1319 887 me,
1344 850 1477 881 ulterius
1494 848 1729 889 ostende1·e,ne
1738 848 1817 881 fuis·

945 886 976 920 se
994 887 1120 929 quidem
1150 889 1225 921 illos
1252 889 1397 923 homines
1421 892 1568 932 ineptos,
1586 891 1696 930 rudes,
1721 891 1817 922 illito

946 937 1051 961 ratos:
1087 928 1139 962 sed
1161 930 1293 970 doctos,
1327 932 1356 963 δε
1374 933 1494 973 peritos
1511 941 1634 971 rerum,
1658 933 1753 964 etiam
1773 933 1817 964 ci«

945 971 1071 1003 vilium.
1102 971 1238 1013 primum
1268 982 1306 1005 an
1329 972 1375 1005 est
1402 973 1496 1006 dubia
1528 974 1595 1005 haec
1624 973 1817 1006 Tertulliani

945 1012 1049 1054 gloria
1064 1012 1080 1044 ‘2
1113 1021 1208 1054 atque
1231 1023 1272 1046 ex
1297 1014 1364 1055 ejus
1379 1015 1595 1047 monumentis
1609 1015 1743 1056 plurima
1766 1025 1819 1047 va—

946 1053 1037 1086 luiss‘e
1056 1054 1236 1087 eruditione
1253 1078 1265 1094 ,
1299 1056 1405 1098 legum
1422 1065 1549 1097 quoque
1563 1065 1600 1088 ac
1615 1055 1818 1088 consuetudi-

946 1105 1019 1127 nem
1039 1095 1133 1127 fuiffe
1158 1095 1309 1129 scientem
1324 1121 1336 1137 ,
1368 1098 1469 1139 liquet
1484 1097 1650 1129 omnibus:
1673 1107 1732 1130 nec
1750 1099 1819 1130 infi-

945 1137 1049 1168 ciatur
1066 1136 1228 1170 Dominus
1255 1148 1317 1171 van
1342 1138 1572 1181 Bynkershoek
1597 1139 1706 1181 Opusc.
1729 1150 1755 1172 c.
1773 1140 1817 1172 X.

941 1184 1014 1221 pag.
1037 1182 1110 1220 366.
1158 1178 1245 1224 Quid
1271 1179 1293 1212 fi
1322 1179 1488 1222 probabile
1503 1179 1548 1212 est
1562 1188 1736 1221 praeterea,
1759 1180 1819 1213 La-

945 1220 1097 1252 stantium
1109 1242 1121 1259 ‚
1142 1220 1234 1253 illum
1250 1220 1305 1253 sub
1320 1220 1532 1254 Constantino
1550 1221 1726 1255 Rhetorem
1734 1232 1821 1262 ‚non

944 1262 1049 1294 minus
1065 1271 1197 1303 gnarum
1221 1262 1303 1304 Juris
1331 1262 1448 1296 Civilis
1464 1262 1580 1303 fuiss'e3
1601 1272 1694 1305 quam
1709 1262 1820 1296 facun-

943 1303 1020 1335 dum
1036 1303 1067 1336 &
1084 1303 1186 1336 literis
1205 1303 1422 1346 praestantem,
1447 1313 1619 1347 utrumque
1632 1314 1675 1337 ex
1693 1304 1824 1338 Divinis

945 1345 1012 1385 ejus
1032 1342 1268 1386 Institutiom'bus
1277 1347 1413 1380 constat.
1436 1345 1493 1388 (⁷)
1513 1354 1724 1388 praeterquam
1736 1347 1823 1389 quod

945 1386 1145 1419 neeessariam
1168 1387 1300 1421 Oratori
1319 1389 1381 1422 ess'e
1402 1388 1485 1430 Juris
1510 1387 1628 1422 Civilis
1648 1389 1824 1429 notitiam,

946 1428 1084 1470 ignorari
1106 1437 1172 1462 non
1187 1428 1261 1462 sinit
1278 1429 1499 1476 Quintilianus
1517 1430 1569 1461 lib.
1587 1439 1637 1463 12.
1661 1429 1822 1472 Instanti.

947 1480 974 1502 c.
997 1481 1028 1513 3.
1054 1469 1108 1513 (8)
1134 1469 1202 1511 Jam
1225 1471 1410 1505 Minucium
1433 1470 1574 1504 Felicem
1591 1481 1656 1513 quo
1677 1473 1823 1505 similiter

947 1511 1021 1544 usus
1041 1511 1110 1545 sum
1123 1512 1220 1553 teste,
1247 1512 1326 1554 (&,
1352 1514 1439 1557 quod
1452 1512 1646 1553 notandum,
1670 1513 1709 1546 de
1729 1514 1820 1546 visu:

1747 1565 1822 1588 nam

947 1649 1001 1678 bus
1013 1649 1134 1679 vetitum
1149 1648 1195 1678 vel
1210 1648 1369 1687 permissum
1390 1648 1433 1679 fit.
1470 1648 1518 1680 Ne
1532 1647 1626 1677 dicam
1637 1668 1646 1683 ,
1662 1647 1691 1677 id
1707 1647 1822 1679 facilius

949 1689 1090 1725 ignorari,
1111 1696 1175 1717 cum
1192 1688 1240 1718 lex
1259 1688 1382 1726 expressa
1394 1696 1455 1717 non
1469 1686 1504 1717 fit
1515 1709 1524 1723 ,
1536 1691 1607 1725 'quae
1626 1686 1757 1717 deutrum
1771 1697 1822 1726 pu-

948 1728 1025 1760 niat,
1047 1735 1112 1756 nain
1127 1726 1354 1761 infanticidium,
1376 1732 1504 1755 veterum
1519 1725 1740 1755 Christianorum
1757 1734 1822 1756 teta-

946 1771 974 1794 te
985 1787 995 1800 ,
1012 1774 1071 1794 non
1086 1772 1164 1794 certa
1179 1774 1264 1802 poena
1279 1787 1287 1800 ‚
1318 1765 1394 1801 Lege
1411 1766 1439 1794 in
1455 1766 1528 1793 hanc
1546 1772 1605 1792 rem
1620 1764 1694 1798 lata,
1711 1765 1756 1793 sed
1772 1774 1820 1794 ex-

947 1809 992 1833 tra
1010 1804 1139 1833 ordinem
1157 1804 1236 1833 1111113
1263 1805 1421 1833 coercitum
1437 1826 1444 1838 ‚
1472 1804 1535 1842 plus
1548 1803 1630 1833 semel
1647 1803 1676 1832 in
1694 1803 1824 1843 Opzfsculo

947 1842 1084 1880 professus
1102 1844 1185 1880 sum„
1730 1870 1733 1871 .

986 1888 1013 1916 5.
1033 1881 1113 1920 Quid
1129 1882 1158 1910 in
1176 1881 1333 1911 Comoediis
1349 1881 1398 1916 111,
1422 1881 1471 1910 suo
1491 1880 1560 1908 loco
1573 1879 1707 1909 dicemus.

985 1919 1011 1956 §.
1027 1920 1078 1948 IX.
1100 1924 1127 1950 6.
1154 1921 1188 1949 In
1211 1921 1236 1949 b.
1257 1921 1282 1957 ς.
1304 1919 1460 1957 excerpsisti
1481 1918 1609 1955 quiedam
1625 1928 1659 1948 ex
1678 1919 1738 1953 his,
1759 1928 1822 1956 quae

947 1955 1081 1992 Βιὸγραφοι
1101 1960 1208 1987 habent
1229 1960 1258 1987 in
1278 1958 1388 1986 laudem
1412 1957 1584 1986 Tertulliani
1602 1979 1609 1989 .
1641 1958 1780 1986 Laetantii
1796 1957 1823 1987 ὅς

947 1997 1072 2025 Minucii
1091 1996 1201 2027 Felicis.
1240 1997 1356 2026 Poteras
1379 1997 1459 2033 plura
1478 1995 1659 2032 descripsisse,
1682 1995 1703 2023 11
1722 1996 1826 2025 3011111-

949 2035 1040 2063 tuiffes
1057 2036 1120 2064 otio
1136 2042 1186 2065 tuo
1201 2036 1344 2071 insigniter
1359 2036 1448 2063 abuti.
1487 2035 1575 2074 Quod
1591 2036 1647 2067 ais,
1671 2034 1826 2073 aliquaJu-

948 2074 986 2102 ris
1007 2075 1108 2110 peritia
1130 2083 1179 2103 eos
1203 2074 1281 2103 fuisse
1304 2075 1427 2102 imbutos
1447 2095 1454 2105 ,
1483 2081 1569 2101 nemo
1590 2074 1753 2109 negaverit,
1778 2073 1826 2102 sed

948 2111 995 2140 vel
1020 2113 1048 2140 in
1070 2114 1129 2150 ipsa
1157 2113 1322 2149 Theologia
1344 2111 1551 2141 Tertullianum
1567 2133 1575 2145 ,
1607 2111 1632 2140 δε
1646 2112 1824 2141 Lastantium

949 2159 1045 2179 manes
1067 2151 1129 2180 suos
1151 2151 1231 2180 fuisse
1252 2151 1342 2189 paffos
1364 2150 1488 2180 Dallaeus
1509 2150 1596 2179 evicit
1616 2149 1652 2179 L.
1670 2151 1706 2178 11.
1728 2150 1759 2178 de
1775 2149 1824 2188 usu

949 2189 1062 2218 Patrum
1083 2190 1112 2218 C.
1126 2198 1153 2225 4.
1194 2191 1231 2219 Et
1256 2195 1352 2218 tamen
1376 2190 1428 2218 Vir
1444 2189 1519 2218 Clar.
1540 2197 1599 2217 non
1616 2189 1723 2225 patitur
1741 2197 1790 2218 eos
1804 2190 1826 2216 i-

948 2235 1087 2264 gnorare,
1108 2229 1231 2265 Legibus
1247 2228 1405 2265 prohibitas
1424 2227 1503 2256 fuiffe
1522 2226 1677 2256 liberorum
1693 2226 1781 2256 caedes
1798 2227 1825 2256 δε

949 2266 1149 2304 expositiones.
1189 2267 1219 2295 Si
1243 2268 1317 2296 hanc
1337 2267 1527 2304 ignorantiam
1549 2274 1609 2294 non
1631 2266 1774 2302 patiatur,
1794 2274 1825 2295 o-

947 2311 1074 2342 porteret
1091 2305 1237 2344 probasse,
1258 2305 1293 2333 de
1306 2307 1367 2340 jure
1383 2305 1464 2334 lic1t0
1487 2303 1575 2333 caedes
1591 2303 1616 2332 &
1632 2304 1824 2342 expositiones

949 2352 1000 2372 eos
1022 2352 1146 2381 unquam
1163 2344 1360 2382 pronunciasse
1377 2365 1386 2379 ‚
1416 2343 1550 2381 alioquin
1573 2341 1674 2373 frustra
1703 2342 1827 2381 disputa-

951 2390 1022 2411 mus.

987 2427 1013 2455 7.
1041 2420 1130 2450 Multi
1157 2426 1251 2450 tamen
1272 2420 1411 2449 Oratores
1433 2419 1569 2452 fuerunt,
1601 2419 1650 2455 qui
1665 2427 1723 2448 non
1737 2418 1801 2458 JCti
1816 2440 1825 2454 ,

950 2458 996 2487 sed
1012 2458 1040 2487 id
1057 2466 1266 2495 argumentum,
1277 2459 1313 2487 de
1327 2458 1552 2497 Jurisprudentia
1567 2457 1715 2487 Ciceronis
1730 2467 1826 2494 agens,>

950 2497 1062 2564 goliae
1083 2498 1249 2535 exsequutus
1272 2497 1331 2526 sum
1353 2494 1526 2535 Praetermzff.
1550 2495 1586 2524 ad
1617 2497 1643 2533 §.
1668 2500 1716 2532 46.
1735 2495 1775 2535 ff.
1797 2497 1828 2526 de

989 2535 1177 2603 apr—'Minucius
1194 2574 1272 2603 Felix
1286 2582 1345 2603 non
1361 2572 1495 2611 ignobilis
1518 2574 1592 2602 inter
1608 2572 1772 2602 Caufidicos
1785 2573 1829 2601 lo-

951 2611 1061 2646 cifuit,
1089 2620 1121 2641 ut
1144 2614 1218 2642 reete
1243 2614 1406 2643 observavit
1427 2613 1557 2642 Thomas
1582 2611 1661 2649 Pope
1676 2611 1783 2640 Blount
1798 2612 1828 2640 in

951 2650 1063 2690 Censura
1076 2651 1222 2681 Austurum
1241 2658 1266 2687 p.
1280 2661 1315 2680 m.
1334 2660 1399 2687 190.
1426 2651 1547 2679 adducto
1568 2651 1597 2679 in
1622 2659 1683 2678 eam
1700 2658 1758 2678 rem
1773 2651 1827 2678 La·

951 2688 1120 2718 &antiiloco
1128 2699 1162 2718 ex
1177 2688 1356 2727 L.V.Instir.
1376 2689 1404 2718 C.
1420 2698 1444 2718 1.
1455 2698 1537 2726 quem
1551 2688 1616 2718 &tu
1625 2696 1691 2717 mox
1700 2688 1827 2716 adducis.

951 2727 1083 2765 Opponis
1103 2729 1188 2764 igitur
1203 2729 1250 2757 hic
1265 2730 1334 2757 mibi
1349 2729 1466 2767 JCtum,
1488 2727 1514 2756 ἃ
1530 2736 1594 2756 eum
1608 2727 1739 2763 quidem,
1760 2727 1827 2762 qui,

952 2773 983 2794 ut
998 2774 1066 2795 mox
1083 2766 1162 2795 addis
1177 2788 1186 2802 ,
1208 2767 1271 2804 Cap.
1287 2776 1333 2803 30.
1355 2767 1465 2796 Octavii
1483 2765 1600 2794 testatur
1620 2765 1650 2792 de
1664 2763 1734 2801 visu.
1772 2764 1826 2792 Ec-

952 2813 985 2832 ce
1002 2806 1062 2840 eJ‘us
1080 2805 1181 2839 verba,
1203 2807 1254 2834 Vos
1269 2807 1346 2834 video
1365 2805 1424 2842 (ad
1439 2805 1569 2833 Gentiles
1585 2804 1674 2832 sermo
1688 2801 1749 2838 est)
1768 2809 1825 2838 pro-

950 2850 1048 2872 creatos
1056 2841 1131 2881 filios
1147 2853 1217 2872 nunc
1230 2843 1304 2882 feris
1327 2842 1363 2878 ὅ)
1385 2844 1446 2872 avis
1459 2849 1582 2879 exponere
1595 2863 1601 2873 ,
1624 2849 1695 2869 nunc
1706 2838 1823 2877 adstran-

948 2883 1055 2920 gulatos
1071 2881 1161 2920 misero
1182 2884 1272 2911 monis
1292 2890 1388 2918 genere
1411 2881 1526 2908 elidere:
1543 2878 1608 2916 sunt
1622 2899 1630 2910 ,
1657 2880 1701 2914 qui
1717 2880 1746 2906 in
1765 2878 1825 2916 ipfis

950 2920 1108 2958 visceribus,
1129 2920 1345 2949 medicaminum
1355 2920 1433 2955 epotis
1443 2940 1450 2950 ,
1472 2919 1598 2955 originem
1608 2916 1703 2955 futuri
1716 2917 1826 2946 hominis

951 2957 1136 2995 exstinguant,
1159 2956 1196 2992 ἐξ)
1209 2956 1498 2994 parricidiumfacz'ant
1516 2977 1523 2987 ‚
1553 2962 1690 2992 amquam
1706 2957 1824 2992 pariam.

950 2997 987 3026 Et
1015 2997 1078 3032 Cap.
1101 3004 1146 3031 31.
1188 2996 1262 3024 Dum
1283 3003 1402 3023 venerem
1420 2992 1561 3031 promiscue
1574 2992 1707 3031 spargitis
1722 3014 1729 3026 ,
1762 2996 1825 3022 dvm„

949 3033 1040 3072 paffim
1055 3036 1147 3062 liberos
1163 3033 1256 3072 seritis
1266 3054 1273 3065 ,
1301 3034 1363 3061 dum
1377 3033 1456 3061 etiam
1475 3032 1543 3059 domi
1562 3037 1635 3060 natos
1647 3033 1737 3060 alienoe
1751 3032 1823 3070 mise-

951 3073 1069 3101 ricordiae
1074 3071 1229 3110 frequenter
1245 3073 1392 3107 exponitis,
1417 3069 1518 3108 neceffe
1531 3068 1567 3106 est
1582 3072 1609 3098 in
1627 3069 1724 3107 vestros
1736 3080 1824 3099 recur-

954 3119 1025 3143 rere,
1046 3112 1075 3138 in
1084 3108 1156 3146 filios
1177 3109 1294 3145 (malim
1303 3106 1400 3146 filias)
1419 3110 1545 3136 inerrare.
1583 3109 1747 3146 Tantopere
1761 3117 1826 3146 pro-

954 3157 1040 3177 vocas
1054 3148 1088 3176 ad
1105 3153 1255 3184 utrumque
1273 3148 1382 3180 locum,
1407 3146 1452 3176 sed
1471 3154 1518 3174 aut
1534 3155 1587 3181 ego
1603 3146 1701 3179 fallor,
1725 3155 1773 3175 aut
1785 3149 1826 3175 111·

954 3187 993 3215 1111
1010 3187 1048 3215 ibi
1063 3185 1120 3217 est.
1141 3187 1219 3223 quod
1236 3187 1388 3214 luminibus
1409 3184 1511 3213 nostris
1529 3184 1642 3215 officiat.
1680 3188 1728 3214 Ait
1745 3185 1770 3214 se
1785 3188 1827 3213 vi-

954 3226 1021 3255 disse
1045 3224 1185 3254 infantum
1206 3224 1398 3260 expositiones
1421 3223 1446 3252 δε
1468 3222 1595 3254 3111101133
1612 3246 1621 3261 ,
1642 3233 1699 3253 11011
1716 3224 1843 3287 licitasi⁶

1163 3263 1184 3291 B
1199 3263 1217 3290 b
1239 3264 1255 3291 b
1279 3270 1293 3298 3
1784 3270 1814 3289 te
