2008 3436
183 122 228 159 μ
440 113 845 152 CORNELM

177 206 238 240 pro
264 195 375 228 leviori
395 204 405 233 3
429 195 499 236 quis
523 195 607 227 enim
629 193 746 226 arbiter
770 195 800 226 id
817 195 960 227 dixerit:
985 206 1045 227 nec

176 241 222 271 ita
237 238 335 278 Leges
355 237 537 277 loquuntur.
584 236 638 268 Sic
652 236 760 278 potius
786 236 831 268 est
850 237 1044 268 habendum:

175 279 325 310 voluntas
341 277 371 308 in
389 277 573 309 criminibus
591 302 600 317 ‚
625 287 823 319 quaecunque
847 279 970 310 tan-deni
992 279 1045 309 illa

175 320 252 359 fint,
276 328 341 350 non
358 319 504 359 punitur,
528 319 583 350 nifi
606 319 627 351 fi
653 329 713 360 qua
730 319 798 359 lege
814 319 845 350 id
869 319 1045 360 specialiter

175 360 357 402 placuerit3
387 368 481 401 atque
508 360 538 391 id
564 360 678 401 opinor
693 370 743 391 me
759 362 820 400 jam
836 360 954 391 viciss'e.
1002 360 1044 391 Et

176 408 281 433 tamen
300 411 364 433 non
381 411 513 442 negem,
537 401 567 432 in
586 402 753 433 voluntate
771 401 1044 446 puniendaLeges

174 441 242 474 fere
273 443 429 474 rationem
458 441 596 474 habuisse
629 443 823 474 atrociorum
851 443 1041 481 crimmum,

174 483 367 524 Maiestatis,
393 484 572 522 Parricidii,
598 483 793 522 Homicidii,
818 483 1043 515 Veneficiidoe.

175 525 260 566 quod
276 535 339 557 non
357 535 396 556 eo
411 525 567 565 pertinet,
593 533 628 554 ut
644 525 682 555 de
706 524 852 556 omnibus
879 525 1044 555 atrociori-

174 566 233 598 bus
252 566 333 598 idem
350 565 555 597 dicamus:s1t
572 566 655 596 enim
671 565 724 596 vel
741 566 964 597 atrocissimum
985 566 1044 596 cri-

147 612 149 614 “
176 616 246 639 men
264 632 272 644 ,
311 607 427 648 absque
450 607 534 647 Lege
562 606 702 647 expressa
724 605 820 637 solam
846 607 1045 638 voluntatem

173 649 274 680 nolim
291 649 405 690 puniri.
451 648 576 679 Excute
591 648 696 678 omnia
710 671 719 686 ,
746 657 814 688 quae
835 647 982 687 Cujacius
1000 656 1044 678 at-

177 690 251 721 tulit
275 693 303 721 cl.
330 689 354 719 C
388 698 436 728 25.
463 698 532 729 quse
551 688 627 719 item
643 688 713 726 alii,
730 688 759 719 dt
777 688 898 720 videbis
915 698 978 719 non
994 698 1044 729 ge-

173 731 309 762 neralem
323 730 539 761 definitionem
554 729 592 760 de
609 729 767 769 puniendo
783 730 909 768 animo,
931 729 980 760 sed
999 732 1043 760 lo-

174 781 210 802 ca
227 796 236 811 ‚
261 782 329 813 quae
349 770 385 801 ad
407 770 506 811 Leges
527 769 674 811 speciales
700 771 859 811 pertinent
879 795 889 810 ,
923 771 952 802 dt
976 780 1044 811 quae

174 813 233 852 jam
256 812 273 844 s
270 822 343 853 upra
360 811 526 852 occupavi.

217 853 376 885 Caeterum
398 853 483 893 quod
500 852 538 883 de
552 851 616 884 sola
632 853 818 892 voluntate,
843 853 958 894 absque
977 853 1042 884 exi-

173 902 207 925 tu
222 918 231 932 ‚
255 894 426 935 punienda,
451 893 552 925 Le⁴res
575 893 781 935 praescribunt
795 918 805 934 ,
832 899 954 926 constat
978 904 1042 925 non

173 935 234 966 effe
248 934 465 975 accipiendum
491 918 529 966 ese
545 945 602 974 eo,
628 935 680 976 qui
705 935 804 967 seclus
820 936 852 967 in
879 935 941 967 sese
966 936 1040 967 taci-

174 984 241 1007 tum
258 977 354 1007 modo
380 976 519 1017 cogitat,
545 976 597 1008 seu
613 976 650 1007 dc
674 985 709 1007 ea
732 977 899 1008 voluntate
917 1001 926 1016 ,
951 986 1039 1018 quae,

172 1025 209 1048 ut
226 1017 367 1058 loquitur
391 1021 420 1048 (1.
443 1017 473 1048 (ζ’,
493 1028 543 1049 20.
568 1021 602 1049 de
625 1017 733 1049 Poenz't.
761 1018 905 1058 Dz'jhinci.
933 1018 955 1050 Ι.
971 1020 1040 1057 suis

174 1061 309 1089 terminis
327 1066 466 1090 contenta
488 1059 541 1099 ejl.
588 1057 701 1100 Neque
721 1059 799 1091 adeo
819 1060 902 1101 Lege
920 1059 1038 1104 Corne-

172 1099 214 1131 lia
231 1099 389 1133 tenebitur
406 1123 416 1139 ,
441 1101 494 1141 qui
517 1099 669 1132 duntaxat
690 1101 771 1142 apud
791 1101 929 1132 animum
952 1102 1041 1132 iuum

915 127 1027 153 VAN

785 1191 1144 1228 CAPUT

1289 30 1298 53 N

1100 115 1700 153 BYNKERSHOEK

1087 195 1287 237 proposuerit
1304 195 1463 227 hominem
1479 195 1626 227 occidere
1640 221 1651 237 ,
1676 198 1818 238 quamvis
1837 208 1948 243 propo·
1999 229 2001 231 ,

1088 237 1177 268 suiss'e
1196 238 1361 278 probetur,
1388 236 1437 268 sed
1453 236 1573 268 neecss'e
1592 238 1656 277 est,
1681 246 1716 269 ut
1736 240 1816 271 ultra
1832 250 1949 284 pergat,

1087 278 1274 319 pragmatici
1292 279 1416 319 prolixe
1432 278 1607 319 disputant,
1629 288 1791 321 quousque
1808 285 1949 324 progredi

1089 320 1118 351 δε
1135 320 1333 351 voluntatem
1356 329 1484 351 exerere
1509 328 1677 360 oporteat,
1702 330 1864 362 antequam
1885 333 1950 365 poe·

2003 84 2006 94 i

1993 100 1999 127 ¹.

2001 191 2006 214 i

1995 236 2003 256 l,

1088 370 1134 391 na:
1150 361 1313 392 ordinariae
1331 361 1366 393 iit
1386 362 1494 400 loeus,
1520 362 1571 392 sed
1591 363 1685 394 variis
1705 362 1954 399 distinetionibus
2002 382 2005 390 =

1087 401 1273 433 incertiores
1296 412 1353 434 nos
1369 402 1510 441 faciunt,
1535 413 1625 444 quam
1643 403 1769 435 dudum.
1816 404 1890 438 Non
1905 416 1951 440 er·

1087 443 1223 481 raverit,
1248 444 1298 484 qui
1315 444 1345 474 in
1365 454 1415 474 eat,
1430 442 1546 484 species
1564 445 1740 477 voluntatis
1761 446 1951 481 animadver-

1088 491 1153 522 tet,
1177 494 1251 525 quas
1267 484 1334 515 Lex
1352 485 1507 525 expreffit.
1532 486 1698 527 Propone,
1724 494 1759 518 ut
1777 489 1953 529 exemplum

1090 525 1125 556 L.
1138 524 1234 556 Corn.
1251 525 1289 556 de
1306 525 1390 558 ficar.
1409 527 1438 558 dt
1455 526 1558 558 vencf.
1578 527 1753 568 servemus,
1778 530 1829 569 qui
1854 529 1953 564 homi-.

1089 568 1137 597 nis
1154 566 1316 597 occidendi
1333 567 1421 599 eausa
1438 577 1508 599 cum
1527 569 1591 600 telo
1612 569 1819 601 ambulaverit
1833 595 1843 610 ‚
1868 570 1952 612 five,

1090 615 1125 638 ut
1142 608 1282 648 loquitur
1300 609 1417 640 Seneca
1440 613 1473 640 ae
1497 610 1622 651 Benefic.
1650 611 1690 642 L.
1714 611 1753 642 V.
1780 612 1812 643 C.
1834 622 1868 650 14
1901 615 1954 655 qui

1089 651 1127 679 ad
1143 652 1329 680 occulendmsi
1348 653 1412 692 juni
1427 661 1562 682 minatus
1579 652 1629 694 eft.
1676 652 1756 684 Item
1779 653 1830 694 qui
1853 653 1952 687 homi-

1089 690 1136 721 nis
1156 691 1284 722 necandi
1303 692 1392 723 causa
1416 702 1571 725 venenum
1594 692 1790 733 confecerit,
1815 695 1953 736 dederit,

1089 731 1291 771 vendiderit,
1325 732 1489 773 habuerit,
1528 736 1683 776 paraverit
1699 759 1709 774 ,
1740 745 1809 777 quae
1837 735 1954 778 species

1089 771 1159 803 sunt
1186 772 1216 803 in
1241 775 1261 803 l.
1290 783 1316 805 1.
1348 783 1396 815 pr.
1421 776 1456 809 &⁴
1490 776 1516 815 ᾗ.
1545 786 1572 808 2.
1603 778 1612 808 l
1647 787 1674 816 3.
1705 783 1753 817 pr.
1779 778 1827 818 ss.
1851 780 1888 809 ad
1912 779 1951 810 L.

1090 815 1167 845 Corn
1201 818 1235 845 cle
1247 814 1339 853 ficrir.
1369 818 1398 848 61
1415 817 1495 857 apud
1512 817 1640 849 Paulum
1653 819 1787 850 Sentem.
1808 819 1846 850 L.
1858 820 1902 851 V.
1915 819 1952 854 Τ.

1088 865 1138 897 23.
1164 855 1189 896 ἓ.
1224 866 1248 887 1.
1296 856 1330 888 ln
1346 858 1413 889 aliis
1430 859 1613 890 criminibus
1629 859 1770 891 videndae
1790 859 1860 892 sunt
1886 860 1952 903 spe-

1086 906 1149 927 cies
1167 898 1360 937 voluntatis,
1386 909 1460 940 quas
1487 899 1528 931 ibi
1554 900 1622 932 Lex
1645 900 1813 941 expressit:
1839 903 1868 933 ὅ(
1889 911 1952 934 ma-

1085 947 1144 979 gna
1166 939 1314 970 cautione
1335 950 1415 981 opus
1435 940 1495 978 est,
1519 951 1558 973 ne
1578 942 1645 973 haec
1672 949 1788 973 temere
1805 943 1951 975 extenda-

1085 989 1163 1010 mus.
1212 979 1262 1010 Ne
1280 982 1403 1020 qu³dem
1422 983 1514 1014 aurini
1529 983 1635 1014 dicere
1651 1007 1661 1022 ,
1686 983 1858 1023 prudentiae
1872 983 1950 1024 esse,

1084 1018 1201 1060 speeies
1217 1020 1327 1053 similes
1342 1023 1451 1063 punire
1471 1048 1479 1062 ,
1505 1022 1621 1056 fallunt
1639 1024 1721 1055 enim
1741 1024 1771 1055 in
1788 1025 1895 1065 primis
1908 1035 1953 1056 ar·

1083 1071 1233 1101 gumenta
1259 1063 1434 1095 voluntatis
1451 1088 1461 1103 ,
1503 1074 1575 1096 cum
1598 1065 1693 1097 facile
1727 1065 1790 1097 alio
1814 1064 1950 1099 rcferan-
1977 1095 1981 1100 ,

1086 1110 1135 1133 [Ul'
1140 1127 1147 1133 .

1242 1194 1326 1230 XI.

409 1278 580 1314 Sententia
607 1279 647 1313 L.
675 1288 732 1313 20.
758 1277 797 1313 ff.
826 1277 869 1314 de
894 1276 1068 1315 Evielion.
1094 1278 1135 1321 &²
1159 1280 1208 1325 Ju
1240 1280 1418 1328 asuſjiicio
1442 1284 1477 1320 de
1502 1286 1565 1320 levi
1591 1286 1711 1321 mendo.

237 1384 275 1407 ex
299 1385 350 1408 20.
375 1374 418 1416 ff.
449 1375 484 1406 de
506 1374 612 1406 Eviel.
635 1375 680 1406 ita
696 1385 779 1407 nunc
796 1375 930 1416 legitur:
955 1375 1036 1407 Fan-

1080 1377 1200 1410 sublata
1211 1379 1400 1420 punctione,
1425 1391 1493 1422 quae
1510 1382 1658 1415 lettorem
1675 1382 1753 1416 fistit
1765 1400 1786 1423 ‚·
1798 1384 1950 1419 continua

258 1420 326 1449 dum
339 1426 433 1448 meum
452 1417 603 1457 obligavi,
624 1419 728 1448 deinde
744 1418 879 1448 alienavi
891 1417 966 1456 tibi,
989 1427 1036 1449 UT
1079 1420 1224 1451 oratione
1254 1420 1402 1462 legerim:
1427 1429 1460 1453 ut
1479 1434 1508 1454 eo
1532 1427 1648 1456 nomine
1668 1436 1725 1457 mm
1749 1426 1950 1467 obligareris,

168 1469 199 1491 eo
218 1461 333 1490 nomine
347 1468 406 1490 non
422 1459 610 1500 obligaberis.
655 1458 688 1490 Si
701 1469 765 1489 eum
777 1458 876 1499 postea
889 1460 942 1489 abs
963 1465 990 1490 re
1007 1470 1034 1490 e-
1071 1462 1102 1500 fi
1115 1471 1180 1493 eum
1191 1459 1291 1502 postea
1308 1465 1359 1494 obs
1377 1471 1404 1495 te
1422 1475 1516 1496 emam
1535 1489 1544 1503 ,
1566 1466 1602 1501 ὅ)
1618 1467 1700 1506 fiilis
1723 1474 1778 1508 pro
1803 1468 1950 1502 eviaione

168 1509 246 1532 mam
260 1522 272 1539 ,
299 1499 336 1534 &³
361 1501 443 1539 satis
462 1507 518 1540 pro
534 1499 682 1533 eviaione
703 1501 775 1531 mihi
793 1503 862 1535 des,
885 1501 1034 1541 excipien-
1080 1504 1152 1534 mibi
1169 1505 1238 1542 des,
1262 1507 1471 1546 excipiendum
1486 1510 1643 1547 cautione,
1661 1512 1737 1550 quod
1753 1516 1806 1550 pro
1824 1521 1867 1541 me
1880 1511 1951 1543 obli—

167 1543 238 1573 dum
258 1543 414 1581 cautione,
436 1543 512 1583 quod
528 1549 584 1583 pro
605 1552 648 1574 me
669 1542 818 1583 obligatus
834 1541 876 1581 fit
895 1553 905 1574 .·
936 1544 1009 1583 quia
1024 1564 1035 1579 ,

1075 1551 1169 1586 gatus
1193 1544 1248 1585 fit.
1294 1546 1479 1580 Franciscus
1507 1548 1711 1583 Hotomanus
1735 1551 1775 1583 L.
1802 1551 1859 1584 III.
1886 1552 1948 1585 Ob-

167 1585 258 1616 etiam
287 1593 345 1616 non
366 1591 486 1624 excepto
507 1594 537 1615 eo
554 1607 564 1621 ‚
607 1587 719 1625 agendo
742 1594 772 1616 eo
793 1585 909 1615 nomine
931 1590 1037 1616 contra
1070 1590 1158 1628 serv.
1183 1589 1215 1619 C.
1242 1597 1271 1618 2.
1296 1588 1340 1619 ita
1356 1590 1524 1630 proponit,
1549 1599 1644 1633 atque
1660 1592 1682 1624 fi
1700 1591 1818 1625 fundus
1838 1593 1948 1626 vendi-

167 1631 197 1657 te
214 1649 224 1664 ‚
257 1626 318 1657 doli
341 1627 411 1657 mali
432 1626 601 1665 exceptione
628 1623 725 1666 poffim
736 1626 930 1666 summoveri.
975 1625 1035 1657 Le·
1081 1637 1130 1659 tus
1145 1628 1220 1660 esset
1236 1638 1271 1660 ea
1286 1629 1374 1670 lege,
1399 1638 1435 1662 ut
1454 1640 1579 1672 emptor
1605 1633 1795 1674 hvpothecae
1819 1635 1948 1668 nomine

166 1667 199 1708 gi
232 1675 362 1706 autem,
397 1667 430 1699 ni
462 1666 560 1699 fallor
577 1690 587 1706 ,
612 1667 714 1698 debet:
781 1667 920 1699 Fundam
941 1676 1036 1699 meum

165 1709 318 1751 obligavi,
337 1711 443 1740 deinde
475 1709 612 1740 alienavi
644 1710 700 1739 tibi
720 1731 730 1747 ‚
775 1718 822 1740 Tu
857 1719 887 1741 eo
919 1711 1034 1740 nomine

165 1760 224 1781 non
244 1751 430 1792 obligaberls.
474 1751 508 1782 Si
526 1761 592 1782 eum
611 1749 708 1791 postea
731 1752 784 1781 abs
807 1757 836 1782 te
857 1761 950 1783 emam
966 1775 975 1789 ,
997 1751 1034 1785 &²

155 1792 240 1834 sacis
266 1798 322 1833 pro
351 1792 496 1823 evielione
525 1793 599 1823 mihi
629 1795 679 1822 des
696 1814 706 1830 ,
734 1793 943 1832 excipiendum
964 1803 1031 1824 cau-

164 1835 244 1865 tione
262 1856 271 1870 ‚
295 1835 371 1875 quod
388 1840 442 1873 pro
466 1844 508 1865 me
529 1835 678 1873 obligatus
693 1831 747 1872 fit.
792 1834 852 1866 Vel
876 1835 940 1873 ita,
965 1844 1031 1866 mu-

164 1882 230 1906 tata
253 1874 334 1907 inter
357 1875 535 1906 unCtione:
586 1875 630 1906 Ut
664 1885 694 1906 eo
730 1877 844 1906 nomine
879 1886 936 1908 non
963 1877 1032 1907 obli-

162 1918 284 1958 gareris
327 1885 356 1957 g)
368 1916 421 1948 vel
444 1917 583 1957 obligerz's
606 1918 623 1957 )
659 1916 688 1955 fi
719 1927 783 1948 eum
807 1917 906 1958 postea
931 1921 981 1950 ahs
1006 1926 1033 1950 le

164 1968 257 1990 emam
280 1982 290 1999 ‚
334 1957 371 1992 E?
397 1956 472 1996 sati}
498 1965 553 1998 pro
581 1958 729 1990 evlfflone
753 1960 825 1990 mihi
847 1962 924 1999 des,
952 1962 1031 1992 exci-

159 2000 303 2041 piendum
325 1998 367 2041 eft
389 2002 526 2031 cautione
541 2023 550 2037 ,
575 2003 651 2039 quod
668 2007 723 2041 pro
743 2010 786 2032 me
807 2003 954 2042 obligatus
970 2002 1032 2042 fit,

165 2042 225 2073 &a
273 2041 319 2073 Ut
335 2065 344 2081 ,
370 2041 443 2082 quid
465 2041 545 2073 velit
568 2041 761 2084 Pomponius
779 2066 787 2081 ,
814 2044 898 2075 reete
917 2044 1033 2076 intelli-

164 2092 273 2123 gamus
295 2082 514 2114 constituenda
527 2082 572 2114 est
587 2082 715 2124 speeies.
757 2084 944 2125 Sempronio
963 2085 1034 2117 fun-

163 2125 240 2155 dum
257 2133 361 2155 meum
390 2124 580 2166 hypothecae
600 2125 696 2164 dedi,
721 2126 854 2156 eundem
884 2126 954 2168 post
977 2126 1032 2168 hy-

163 2164 332 2206 pothecam
354 2165 410 2196 tibi
434 2166 537 2197 vendo
554 2189 563 2204 ‚
588 2175 669 2206 ego,
694 2175 757 2197 non
780 2174 815 2197 tu
846 2168 1034 2210 obligaberis

163 2207 230 2246 ejus
245 2205 434 2247 h'ypothecae
451 2207 595 2237 nomine:
620 2215 712 2248 atque
729 2207 807 2239 adeo
823 2208 844 2240 si
858 2209 947 2240 illum
963 2208 1033 2241 fun-

163 2247 238 2278 dum
262 2247 317 2278 abs
346 2255 378 2278 te
400 2246 502 2278 rursus
527 2257 634 2278 emero
652 2271 661 2286 ,
687 2258 726 2279 eo
743 2258 798 2288 per
816 2251 1034 2291 Sempronium

163 2288 287 2327 emitto,
311 2289 398 2320 nulla
415 2288 492 2319 mihi
511 2288 656 2320 adversus
677 2297 708 2320 te
729 2290 811 2321 aelio
832 2292 908 2330 erit,
927 2301 1033 2333 quam-

164 2329 214 2361 vis
238 2328 277 2360 de
299 2330 458 2361 evittione
484 2329 561 2360 mihi
589 2330 735 2369 caveris3
772 2332 911 2373 excipies:
928 2334 1009 2364 enim
1023 2357 1032 2372 ,

163 2380 214 2402 me
231 2394 240 2410 ,
266 2380 329 2402 non
353 2378 383 2402 te
403 2371 591 2411 Sempronio
607 2395 615 2410 ,
641 2381 771 2414 propter
793 2373 1005 2416 hypothecam
1023 2399 1032 2414 ,

165 2412 284 2451 teneri,
308 2421 367 2443 nec
390 2413 571 2443 cautionem
587 2413 626 2443 de
640 2413 817 2454 evittione,
842 2424 859 2445 a
883 2424 915 2445 te
931 2416 1034 2447 arieto-

163 2462 198 2487 re
229 2453 443 2494 interpositam
461 2477 471 2492 ,
511 2453 573 2484 huc
596 2454 754 2494 pertinere
769 2478 778 2494 ‚
814 2456 885 2496 quia
912 2466 966 2497 per
986 2467 1035 2488 ine

164 2494 173 2525 i
199 2493 265 2525 sum
291 2493 377 2526 stetit
393 2518 402 2533 ,
443 2494 611 2535 quominus
636 2494 769 2527 fundum
793 2496 906 2529 habere
931 2498 1036 2530 licenti

164 2503 253 2582 (guin
279 2535 300 2567 si
327 2535 388 2567 hoe
406 2535 544 2566 cautioni
566 2545 629 2568 non
650 2536 758 2568 inesset
774 2561 783 2576 ,
815 2548 865 2569 me
892 2548 1035 2577 mgentem

164 2577 355 2617 exceptione
376 2576 442 2607 doli
469 2577 540 2607 mali
565 2578 657 2618 postis
682 2579 841 2618 repellere.
890 2580 970 2611 litec
990 2579 1034 2612 est

163 2615 319 2649 sententia
337 2617 524 2658 Pomponii,
547 2618 585 2648 de
602 2618 707 2650 verbis
726 2620 894 2653 videamus.

206 2658 280 2698 Ait,
305 2666 340 2690 ut
358 2657 404 2690 est
420 2659 607 2699 fflorendae,
633 2666 667 2691 ut
686 2670 717 2691 eo
739 2664 853 2693 nomine
880 2673 937 2694 non
962 2664 1029 2694 obli>

161 2704 309 2740 gaveris,
331 2710 389 2741 pro
414 2701 610 2740 obligaberis,
636 2711 675 2732 ex
697 2710 785 2733 more
806 2702 937 2735 Librarii
959 2704 1031 2735 Flo-

164 2741 277 2773 rentini
293 2766 302 2780 ,
328 2742 381 2783 qui
409 2741 514 2773 literas
536 2742 570 2773 B.
598 2743 628 2774 &
652 2743 690 2774 V.
715 2743 820 2783 paffim
844 2753 1030 2776 commutat.

164 2783 224 2815 Sed
242 2782 286 2814 ita
305 2783 401 2814 verba
418 2781 727 2822 video,sententiam
744 2793 807 2815 non
827 2795 932 2827 aeque,
958 2787 1033 2827 quid

165 2824 250 2855 enim
269 2824 331 2855 hoc
347 2823 408 2863 est,
427 2825 563 2865 fundum
580 2847 589 2863 ,
611 2835 696 2865 quenz
721 2826 922 2865 obliga-veram
944 2851 952 2864 ,
979 2831 1034 2859 tilii

164 2866 317 2900 alienavi.
341 2873 375 2896 ut
391 2876 421 2897 eo
435 2868 548 2897 nomine
564 2876 621 2897 non
640 2868 816 2908 ohligaberz's
827 2869 844 2900 ⁴?
863 2868 1035 2910 Nequeunt

165 2904 231 2936 haec
249 2906 415 2939 consistere
433 2905 496 2938 fine
511 2907 703 2949 reliquorum
722 2931 731 2947 ‚
757 2917 826 2950 quae
848 2908 1035 2951 sequuntur,

165 2948 367 2980 mutatione:
394 2948 423 2980 ὃ(
449 2956 551 2980 tamen
577 2956 611 2980 ut
636 2950 752 2990 legitur
778 2950 809 2981 in
833 2951 978 2982 omnibus
1001 2961 1034 2982 o-

167 2987 275 3019 mnino
297 2988 424 3020 Libris:
450 2989 482 3020 in
499 2989 645 3032 Vulgatis
667 2991 793 3031 quidem
821 2993 851 3024 ὅ(
871 2992 950 3033 apud
972 2992 1034 3023 Ha-

169 3026 331 3061 leandrum
355 3032 537 3068 obliga-veris
561 3040 620 3072 pro
643 3034 839 3070 elingahem,
866 3032 916 3065 sed
936 3033 965 3064 id
988 3034 1033 3064 ni-

167 3065 213 3098 hil
228 3070 360 3107 prodest.
444 3071 641 3112 uamobrem‚
667 3073 802 3113 trajectis
825 3075 925 3106 literis
941 3098 950 3113 ,
975 3083 1033 3115 pro

167 3113 202 3137 ut
226 3107 412 3153 restituerim
437 3121 470 3142 tu
488 3135 497 3148 ,
519 3113 617 3153 proba
635 3138 644 3153 ,
671 3122 705 3145 ut
729 3114 832 3155 vides,
860 3115 1031 3154 sententia,

168 3147 198 3178 &
214 3150 328 3189 etlapsa
341 3152 505 3196 locutione
516 3162 626 3193 ,quam
642 3154 693 3185 hic
708 3154 809 3190 servat
825 3157 1027 3197 Pomponius,

167 3186 272 3228 passuri
298 3199 381 3223 emm
406 3192 438 3225 in
467 3195 497 3226 h.
521 3196 562 3227 L.
585 3197 643 3227 livi
662 3217 675 3235 ,
711 3203 739 3228 le
757 3218 767 3235 ,
801 3211 841 3232 me
866 3202 925 3233 &C-
974 3197 1032 3229 Vel

1062 2455 1114 2497 ,ab
1133 2463 1276 2496 emptore
1296 2457 1403 2488 exacta
1417 2457 1455 2488 de
1473 2457 1632 2488 evictione
1654 2459 1812 2491 cautione.

1068 2496 1217 2527 iereditor
1244 2497 1378 2528 fundum
1404 2498 1545 2536 evincit,
1572 2507 1644 2529 cum
1666 2499 1792 2532 auctore
1810 2500 1947 2537 secundo

1078 1679 1142 1701 non
1158 1670 1369 1711 obligaretur,
1394 1671 1474 1704 nihil
1490 1674 1561 1704 vitii
1581 1670 1756 1707 fic'subeffe
1773 1684 1858 1708 ratus
1877 1685 1946 1708 ver-

1077 1711 1124 1742 bis
1141 1711 1300 1753 prioribus
1315 1736 1324 1751 ,
1351 1712 1401 1744 sed
1419 1736 1430 1752 ‚
1455 1721 1490 1745 ut
1505 1721 1582 1746 tunc
1603 1716 1753 1756 procedat
1778 1716 1948 1759 Pomponii

1075 1751 1247 1794 disputatio
1264 1776 1273 1792 ,
1299 1752 1498 1795 sequentibus
1521 1757 1721 1797 negationem
1744 1757 1847 1798 addit,
1872 1767 1948 1792 Non

1076 1794 1118 1834 est
1140 1797 1350 1834 excipiendum
1371 1797 1506 1828 erratione
1530 1798 1590 1829 &cx
1637 1798 1713 1830 Hoc
1734 1798 1799 1839 est,
1824 1801 1946 1832 cautio-

1077 1845 1134 1874 ne,
1159 1845 1250 1877 quam
1269 1836 1308 1867 de
1324 1837 1482 1869 evittione
1504 1840 1627 1879 praestat
1648 1840 1797 1872 venditor
1815 1865 1825 1881 ,
1850 1841 1948 1874 idern-

1077 1886 1137 1918 que
1155 1885 1245 1909 antea
1263 1886 1403 1919 emptor,
1429 1889 1492 1911 non
1509 1880 1695 1912 nominatim
1709 1882 1948 1923 exprimendum

1078 1917 1158 1956 esse,
1183 1927 1241 1959 pro
1268 1928 1337 1958 me,
1362 1920 1413 1961 qui
1439 1920 1571 1952 fundum
1599 1922 1689 1954 illum
1712 1924 1833 1956 redimo
1851 1947 1861 1963 ,
1885 1924 1949 1956 esth

1079 1960 1253 2000 obligatum
1266 1984 1275 1999 ‚
1300 1970 1373 1992 cum
1392 1962 1548 2003 integrum
1564 1963 1593 1994 ei
1611 1963 1667 2003 fit,
1693 1974 1733 1996 ex
1751 1965 1820 2006 lege
1836 1965 1947 2007 primae

1078 2001 1271 2033 venditionis
1286 2026 1296 2041 ,
1321 2011 1371 2033 me
1389 2027 1398 2042 ,
1423 2003 1462 2034 de
1484 2004 1643 2036 eviftione
1661 2014 1804 2046 agentem
1821 2031 1831 2046 ,
1856 2015 1949 2038 exce-

1077 2043 1188 2083 ptione
1210 2042 1277 2074 doli
1304 2044 1375 2075 mali
1403 2042 1609 2077 summovere.
1663 2047 1694 2079 Si
1723 2048 1766 2079 ita
1793 2046 1947 2089 scriptum

1077 2082 1174 2122 effet,
1199 2093 1263 2115 non
1287 2084 1514 2117 intercederem
1530 2109 1539 2125 ,
1564 2096 1649 2119 nune
1674 2088 1739 2120 vim
1764 2088 1830 2120 fieri
1856 2097 1946 2122 veto.

1077 2123 1129 2156 De
1147 2125 1295 2156 cautione
1316 2135 1392 2157 mox
1408 2127 1520 2158 dicam.
1568 2127 1621 2159 Sin
1641 2129 1722 2169 ajas,
1749 2130 1818 2172 lege
1840 2131 1948 2163 vendi-

1079 2165 1175 2197 tionis
1192 2166 1360 2207 placuisse,
1377 2177 1416 2198 ne
1435 2167 1616 2210 hypotheca
1632 2176 1791 2203 teneretur
1808 2179 1946 2213 emptor;

1079 2207 1148 2247 quis
1166 2214 1228 2238 tam
1244 2207 1367 2239 fatuum
1382 2209 1506 2249 credat,
1531 2209 1583 2250 qui
1601 2211 1752 2252 redemit,
1777 2220 1813 2244 ut
1835 2220 1948 2245 contra

1078 2257 1167 2287 eum,
1193 2258 1252 2289 qua
1270 2249 1489 2289 venditorem,
1514 2251 1579 2291 ejus
1606 2252 1796 2294 hypothecae
1819 2254 1947 2286 nomine

1077 2289 1115 2320 de
1131 2290 1288 2321 evietione
1305 2299 1391 2331 agat,
1418 2293 1448 2323 <Sc
1468 2292 1537 2333 quis
1553 2293 1675 2333 credat,
1702 2294 1874 2326 sollicitum
1895 2294 1947 2327 fo·

1078 2339 1111 2361 re
1127 2330 1339 2372 Pomponium
1359 2332 1397 2363 de
1414 2342 1527 2373 genere
1548 2336 1748 2376 exceptionis
1768 2358 1780 2374 ,
1803 2335 1825 2368 fi
1853 2336 1947 2377 patto

1077 2372 1222 2412 express'o
1237 2373 1280 2404 ita
1297 2375 1510 2406 convenerit?
1524 2375 1695 2415 Venditus,
1716 2377 1850 2417 opinor,
1875 2376 1947 2409 fun-

1077 2413 1133 2444 dus
1148 2413 1251 2444 fuerat
1271 2413 1332 2446 fine
1348 2416 1508 2447 mentione
1527 2415 1715 2457 hypothecae
1733 2441 1742 2456 ‚
1767 2418 1952 2492 redeniptus·

1886 2461 1948 2492 lox

1076 2537 1214 2578 primus,
1239 2538 1292 2578 qui
1311 2539 1523 2579 hypothecam
1546 2539 1703 2572 celaverat
1721 2565 1730 2581 ,
1756 2542 1795 2573 de
1815 2542 1947 2574 evic‘tio-

1077 2587 1116 2608 ne
1133 2579 1214 2619 agit,
1238 2588 1302 2651 pue
1319 2580 1451 2611 fundum
1470 2580 1580 2611 habere
1597 2580 1710 2621 liceat3
1735 2583 1835 2625 impio
1858 2582 1950 2616 forte

1077 2619 1215 2658 {aff-alum,
1251 2621 1288 2651 ed
1312 2621 1414 2653 minus
1436 2621 1515 2652 utili.

1119 2660 1174 2692 Ait
1202 2660 1395 2703 Pomponius
1412 2686 1422 2702 ,
1455 2665 1665 2703 eaci'piendum
1692 2667 1847 2702 cautione.
1870 2667 1948 2708 quod

1071 2708 1127 2741 pro
1144 2713 1187 2733 me
1208 2704 1356 2744 obligatus
1366 2703 1418 2743 sit.
1468 2704 1555 2737 Libri
1586 2704 1717 2747 Vulgati
1744 2707 1774 2739 &
1805 2707 1945 2740 Haloan-

1076 2743 1130 2774 der
1149 2768 1158 2784 ,
1191 2747 1397 2784 excipiendam
1419 2756 1436 2777 a
1461 2750 1596 2778 vetatione
1613 2771 1622 2786 ,
1659 2748 1710 2780 scd
1735 2750 1860 2791 praeiiat
1882 2749 1946 2782 Co-

1077 2785 1137 2816 dex
1152 2785 1363 2819 isiorentinus.

1078 2826 1267 2858 locutionis:
1293 2829 1493 2868 cautionem,
1518 2839 1585 2869 quae
1607 2829 1645 2860 de
1668 2831 1827 2863 evictione
1851 2831 1944 2864 inter-

1079 2870 1234 2909 ponitur,
1266 2879 1329 2900 non
1356 2878 1512 2909 pertinere
1534 2870 1588 2902 nffi
1613 2871 1650 2902 ad
1676 2881 1727 2904 cas
1749 2872 1854 2904 causas
1870 2895 1880 2911 ‚
1904 2879 1947 2904 ex·

1412 2787 1486 2819 Hoc
1500 2797 1604 2819 autem
1621 2788 1702 2821 dicit
1722 2814 1731 2830 ‚
1756 2790 1949 2831 compendit>
2000 2785 2001 2804 ³

1079 2909 1195 2949 quihus
1217 2911 1366 2950 exceptio
1388 2912 1525 2942 nait-itui·
1547 2920 1587 2942 ex
1607 2921 1675 2944 mea
1700 2913 1830 2954 persona
1846 2937 1856 2953 ,
1874 2920 1948 2960 non
1998 2932 2000 2945 ,ι

1079 2955 1118 2981 ex
1135 2957 1204 2989 tua,
1228 2952 1490 2991 quemadmodum
1509 2952 1588 2983 idem
1615 2953 1808 2995 Pomponius
1835 2954 1867 2985 in
1892 2955 1946 2987 iis-

1078 2991 1147 3022 dem
1173 2994 1210 3021 acl
1231 2993 1372 3023 Salarium
1397 2993 1502 3024 Lib-ru
1526 2993 1555 3024 id
1575 2995 1715 3035 explieat
1728 2995 1758 3026 in
1784 2996 1803 3027 l.
1827 3005 1877 3036 ⁹7-
1893 2996 1944 3037 ff.

1077 3035 1111 3063 cte
1136 3030 1238 3064 Evifr.
1266 3033 1416 3079 Adeoque
1433 3034 1454 3065 fi
1469 3043 1550 3074 efge,
1565 3035 1654 3066 i'undi
1669 3036 1729 3067 mei
1753 3036 1949 3078 redemptor,
1998 3037 1999 3077 ]

1075 3073 1221 3105 adversus
1239 3081 1270 3104 te
1287 3075 1325 3105 tie
1344 3075 1503 3106 ovatione
1519 3080 1622 3116 agam,
1632 3077 1715 3118 quod
1731 3075 1847 3109 fundus
1862 3078 1943 3111 obii-

1075 3122 1165 3155 gatus
1192 3115 1229 3146 iit
1248 3139 1256 3151 ,
1290 3124 1420 3155 repimus
1436 3140 1445 3155 ,

1075 3164 1134 3197 que
1150 3157 1340 3197 exceptione
1361 3165 1409 3187 me
1436 3166 1469 3188 es
1492 3158 1677 3198 repulsurus.

1075 3197 1095 3228 ii
1120 3205 1244 3238 emptor
1269 3196 1334 3238 ipse
1359 3200 1486 3238 ι’πιμρμὶν
1508 3201 1598 3232 luridi
1628 3200 1791 3242 obligass‘et
1807 3224 1817 3240 ,
1846 3201 1943 3272 &lex

1892 3250 1946 3274 rac

1475 3125 1529 3156 siro
1546 3129 1587 3148 we
1611 3120 1772 3160 obligutmiz
1794 3119 1845 3159 (fille
1863 3143 1870 3151 .
1893 3128 1949 3152 ea-
1998 3125 1999 3130 ¹

1726 3159 1819 3191 Aliud
1839 3158 1946 3198 effet,
1996 3192 1998 3197 .
