2008 3436
171 125 241 160 372
427 108 823 149 CORNELII
899 117 1008 144 VAN

216 202 287 242 Ego
301 198 546 242 Martinipartes
565 200 697 241 sequor,
722 198 752 229 ἃ
767 203 802 228 ut
820 196 926 238 sequar
939 218 948 233 ,
972 193 1037 239 sola

170 244 252 274 ratio
278 243 354 282 juris
378 245 562 280 evinceret,
594 239 711 272 etiamsi
738 247 802 270 non
827 236 943 277 praesto
961 234 1037 266 esset

170 282 334 316 manifesta
353 284 530 315 auctoritas.
575 282 673 315 Nulla
696 279 805 319 utique
820 277 927 319 pensio
945 276 1036 321 debe-

172 333 222 356 tur
237 333 309 356 ante
324 325 390 366 ejus
411 325 629 361 nativitatem,
653 330 713 353 nec
734 320 797 352 ulla
814 320 852 365 ad
869 328 936 350 eam
955 317 1035 362 attio

171 367 224 398 vel
241 367 325 398 cedit
344 367 397 398 vel
418 366 526 403 venit,
552 364 607 397 nifi
632 363 704 401 die,
730 361 855 402 fingulis
880 358 1034 400 pennoni-

139 419 142 423 ·
170 407 227 438 bus
245 407 432 448 praestituto.
476 406 540 437 Ubi
557 405 695 437 nondum
712 402 794 434 actio
813 400 858 433 est
867 423 880 446 ,Ι
899 401 938 431 de
958 408 1036 448 prte-

170 447 342 490 scriptione
356 448 468 480 frustra
487 448 655 478 laboratur.
696 443 901 484 Negligentia
920 440 1033 486 XXX.

169 500 321 522 annorum
354 491 492 531 exigitur
526 489 557 519 in
582 485 818 528 praescriptione
836 507 846 523 ,
878 482 1035 534 scd7ejus,

172 532 260 571 quod
274 533 406 563 debetur
419 554 426 568 ‚
451 539 526 560 tune
541 529 637 570 igitur
649 526 792 568 putabis,
809 525 830 557 fi
849 533 903 565 per
920 520 1034 570 ᾉΧΧ.

169 582 234 604 non
255 573 370 605 εκαᾶτε
391 572 448 604 fint
465 579 572 602 annuae
591 568 772 610 pensiones,
787 567 881 598 etiam
900 572 991 596 nonae
1005 564 1036 593 ec

171 614 330 654 vigesimae
348 613 411 645 esse
429 610 643 653 p1·:ei'ci·iptuin
652 610 667 641 ¹?
686 609 754 650 Ego
771 617 835 640 non
853 614 931 647 puto
942 629 951 650 ,
964 612 1035 636 nam

171 663 244 686 ante
262 664 375 687 annum
394 654 546 685 duntaxat
562 653 628 693 ejus
648 651 714 682 dies
733 649 862 681 cedit&
879 654 986 692 venit,
1006 644 1036 675 &

172 706 189 727 a
205 696 254 728 die
269 696 418 726 veniente
435 695 564 735 triginta
579 701 732 725 annorum
749 690 941 731 negligentia
958 696 1035 728 prze-

172 736 336 779 scriptioni
365 743 487 768 tanturn
510 735 589 766 facit
606 735 724 767 locum.
769 728 929 777 Poena-est⁴
946 727 1038 759 rebus

174 779 204 809 ἅ
222 777 396 810 actionibus
415 777 474 809 suis
494 777 605 808 cedere
623 774 687 806 sola
705 772 962 818 praescriptione,
978 776 1037 814 nec

170 828 205 850 ca
224 829 315 860 prena
331 828 497 851 exercetur
507 818 562 850 11111
578 818 609 849 111
621 815 728 856 supine
739 814 933 855 negligentes
944 835 954 849 ,
971 819 1036 855 qui,

171 861 246 901 quid
274 860 326 892 sibi
344 860 475 892 debetur
488 882 498 897 ,
526 869 590 891 non
609 858 742 897 exigunt
759 865 798 886 co
817 862 971 898 annorum
992 860 1037 897 111-

173 902 327 940 tera-allo,
352 901 437 941 quod
454 901 508 932 lex
524 901 556 932 in
575 900 698 940 singulis
720 896 816 928 caulis
835 893 1037 936 praescripirt,

174 943 204 974 ἃ
228 943 280 974 lex
306 942 422 975 XXX.
446 952 543 974 annos
571 938 752 982 pressei-ipsit
771 938 803 969 in
822 936 945 968 afflone
968 942 1035 974 per-

171 983 271 1016 sonali
283 1008 292 1023 ,
313 985 412 1025 qualis
431 983 475 1015 est
493 983 530 1015 ad
546 982 724 1024 pensionem
741 987 873 1025 annuam
886 1001 895 1016 ,
914 976 977 1008 sive
996 983 1037 1021 ex

172 1025 372 1066 promiffione
398 1024 462 1056 five
480 1035 518 1058 ex
537 1022 722 1056 testamento
739 1021 901 1065 debita-m..
920 1018 1035 1049 Memi-

171 1066 285 1099 nistine
302 1068 394 1098 etiam
413 1067 546 1107 regulae‚
572 1065 602 1096 in
620 1063 705 1095 omni
728 1060 965 1105 praescriptione
984 1066 1036 1104 ye-

172 1108 294 1140 riffimae
305 1131 315 1146 ,
337 1118 424 1151 ager:
444 1118 501 1138 nun
518 1106 634 1138 valenti
651 1114 709 1135 non
727 1098 1037 1148 σῑιννίζργρξίσνιρῑῑωὲ

171 1149 325 1181 Prohibet
348 1149 454 1190 regula
472 1171 482 1187 ,
512 1158 552 1180 ne
576 1154 681 1179 currat
706 1142 901 1188 praescriptio
927 1149 1049 1171 contra

172 1200 246 1223 eum
265 1213 275 1228 ,
299 1191 352 1231 qui
377 1191 487 1231 nequit
508 1198 599 1230 agere
621 1210 630 1225 ,
662 1185 831 1217 dummode
851 1181 929 1228 justa
948 1179 1039 1225 causa

171 1233 365 1273 impeditur,
390 1231 557 1272 impeditur
581 1237 683 1260 autem
704 1234 794 1267 agere
806 1247 820 1271 .⁹
845 1232 934 1263 cujus
957 1221 1039 1252 actio

173 1273 314 1305 nondum
336 1282 407 1305 nata
432 1271 478 1303 est
493 1295 507 1310 ,,
536 1271 588 1301 vel
608 1293 617 1308 ,
650 1277 685 1299 ut
706 1275 832 1309 propr1e
856 1265 1038 1304 loquamur,

173 1314 262 1355 cujus
277 1315 360 1352 dies,
385 1312 524 1355 quamvis
542 1309 686 1347 cesserit,
706 1307 852 1352 nondum
866 1313 971 1350 tamen
986 1312 1039 1333 ve-

173 1356 242 1394 nit,
265 1355 294 1386 &
314 1356 383 1386 inde
399 1353 462 1393 est,
489 1352 573 1393 qued
591 1351 764 1391 Imperator
777 1348 912 1390 justinus
928 1355 958 1377 in
977 1344 996 1375 l.
1008 1353 1036 1384 7.

174 1396 204 1437 ὃ.
223 1407 253 1437 4.
281 1397 311 1427 C.
339 1397 372 1426 cle
391 1394 552 1435 praescrz'm.
577 1391 684 1424 XXX.
707 1391 756 1422 vel
780 1389 855 1421 XL.
878 1397 948 1432 ann.
969 1395 1038 1432 ¹no-

173 1437 315 1469 minatim
337 1436 479 1468 statuerit
497 1458 510 1474 ,
540 1435 572 1467 in
589 1444 649 1473 eo,
675 1432 758 1474 quod
784 1431 838 1463 sub
856 1428 1041 1461 conditione

174 1480 226 1510 vel
243 1479 273 1510 in
290 1478 373 1510 diem
390 1477 538 1516 debetur,
563 1474 835 1520 praescriptionem
854 1480 919 1503 non
937 1477 1039 1501 curre-

174 1529 206 1551 rc
220 1519 279 1551 nisi
296 1520 337 1553 ab
350 1519 502 1551 existente
519 1519 568 1550 die
585 1517 636 1548 vel
654 1515 850 1548 conditione.

216 1561 269 1594 Sic
293 1560 481 1601 disputarem
505 1569 542 1592 ex
564 1559 627 1592 sola
643 1558 764 1590 ratione
783 1579 794 1595 ,
818 1554 868 1587 sed
883 1562 947 1600 non
964 1551 1041 1598 sem-

170 1612 227 1644 per
245 1603 321 1635 licet
339 1602 428 1634 nobis
446 1601 507 1633 esse
529 1609 592 1632 tam
611 1599 730 1637 beatis,
753 1607 788 1630 ut
805 1595 946 1642 expressa
962 1595 1040 1640 legi-s

175 1644 344 1684 austoritas
367 1651 544 1675 concurrat.
593 1641 685 1673 Hanc
712 1649 791 1671 vero
815 1638 947 1671 exhibet
977 1637 1041 1686 ¹9¹9

173 1685 228 1717 ille
242 1685 379 1726 Justinus
395 1686 428 1719 iu
450 1685 470 1716 l.
483 1694 512 1725 7.
535 1683 562 1725 §.
580 1684 636 1716 ult.
658 1683 689 1714 C.
706 1683 739 1713 cle
756 1681 920 1722 Prcescript.
932 1676 1039 1708 XXA.

769 1758 1043 1799 CAPU

1081 101 1687 139 BYNKERSHOEK

1079 191 1127 222 ‘vel
1154 189 1228 222 XL.
1252 199 1353 221 annor.
1401 190 1444 222 Et
1468 190 1608 229 quamvis
1633 199 1696 221 non
1721 189 1834 223 soleam
1860 192 1937 234 ipsas

1080 232 1164 273 leges
1182 231 1375 270 describere,
1401 230 1455 263 11111
1476 231 1594 262 Critica
1612 240 1689 272 opus
1706 231 1742 263 sit
1755 256 1764 271 ‚
1789 233 1936 268 exhiben-

1079 273 1117 304 da
1136 281 1239 305 tamen
1259 272 1330 304 sunt
1347 272 1442 303 ‘verba
1458 272 1547 314 priva
1559 295 1568 310 ‚
1598 280 1632 303 ut
1650 282 1685 304 os
1704 273 1850 305 obturare
1867 275 1936 315 pos-

1079 314 1138 346 fint
1157 314 1214 351 iis,
1237 314 1348 354 quibus
1367 315 1469 355 legum
1498 314 1673 345 reverentia
1694 315 1780 345 cordi
1801 316 1830 347 ὅ(
1855 326 1935 350 curae
1954 346 1957 349 ,

1079 353 1134 386 est.
1180 355 1217 387 In
1244 356 1289 384 his
1310 378 1319 393 ,
1355 355 1457 396 inquit
1473 378 1482 393 ‚
1519 362 1608 386 eriam
1623 355 1863 397 promiffionibus,
1887 359 1946 395 ‘vt-l>

1078 396 1205 438 legatis,
1230 395 1277 426 vel
1291 395 1360 429 aliis
1378 397 1624 438 obligationibus,
1646 406 1703 437 quae
1721 399 1864 430 dationem
1881 406 1943 440 per<

1072 436 1204 479 singule-s
1228 446 1337 482 amtor,
1361 438 1409 468 vel
1430 441 1537 479 iizenjes
1555 460 1566 477 ‚
1589 444 1640 469 aut
1657 439 1771 479 aliquod
1785 438 1936 482 fingulare

1079 484 1188 518 tempus
1213 483 1364 508 comment
1379 502 1389 517 ,
1414 484 1540 519 tempora
1564 486 1783 511 memor-ararim
1804 482 1944 523 praescri-,

1074 521 1208 560 ptiomtm
1226 528 1282 549 72072
1299 520 1335 549 ab
1351 521 1465 551 exordio
1485 521 1553 551 talis
1568 521 1771 562 obligationis,
1787 523 1841 563 fied
1859 525 1894 554 ab
1909 526 1947 556 im

1078 562 1152 592 nitio
1169 560 1301 603 cujustlue
1318 562 1391 592 anm·
1401 583 1411 598 ,
1433 561 1481 592 vel
1497 560 1613 600 mensis,
1639 562 1687 593 vel
1702 563 1822 594 alterius
1833 563 1934 608 singu-

1079 603 1151 634 laris
1167 602 1300 641 temporis
1321 604 1480 642 computari
1497 602 1684 644 mcmifestum
1704 602 1753 644 est.
1799 604 1851 637 De
1871 603 1935 639 ern-¹

1079 644 1234 686 phyteuta
1252 642 1282 674 ἃ
1296 643 1489 676 conductore
1507 645 1590 684 quod
1609 645 1710 684 addit,
1735 647 1860 688 proprie
1875 647 1938 680 huc

1079 694 1143 718 non
1159 684 1321 725 pertinet,
1342 693 1414 716 cum
1435 693 1586 725 uterque.
1613 695 1647 717 ut
1667 696 1738 720 mox
1763 686 1833 720 satis
1850 687 1938 730 (igni-

1079 727 1152 759 fieat
1170 725 1361 771 Imperator,
1382 726 1485 771 qlieno
1501 727 1629 759 nomine
1648 727 1804 768 poffidcat.
1841 729 1938 776 Quod

1081 775 1185 800 autem
1201 767 1448 812 ait-maaneflimz
1464 766 1545 807 esse,
1567 768 1710 808 plurimis
1726 770 1868 810 quidem,
1886 770 1938 803 sed

1081 819 1145 841 non
1169 807 1314 839 omnibus
1336 807 1492 848 persuafit.
1539 808 1574 840 In
1595 809 1733 842 Bafilicis
1753 811 1859 844 eadem
1873 811 1940 844 sen-

1081 850 1198 889 tentia,
1224 849 1329 880 verbis
1356 859 1382 882 ae
1408 859 1445 880 uc
1467 850 1610 882 rotundis
1626 874 1636 890 ,
1661 851 1798 893 expressa
1820 851 1885 892 est,
1909 853 1942 886 δε

1083 891 1251 936 Cuiacius,
1275 859 1513 936 religio‘liffimus
1531 891 1645 932 JCtus,
1669 893 1708 924 de
1729 893 1795 934 eJ‘us
1809 895 1942 926 veritate

1080 942 1120 965 ne
1148 933 1307 964 dubitavrt
1330 933 1457 973 quidem
1480 933 1512 964 in
1534 933 1639 965 Perat.
1668 935 1699 966 C.
1725 937 1758 966 cie
1776 934 1940 976 Praescript.

1081 972 1187 1006 XXX.
1211 974 1258 1004 vel
1282 972 1356 1006 XL.
1382 983 1485 1006 annor.
1529 975 1686 1007 Antonius
1705 985 1829 1017 quoque
1847 976 1942 1008 Faber

1081 1025 1117 1047 ea
1136 1015 1291 1046 sententia
1315 1014 1386 1046 usus
1406 1015 1469 1052 est,
1497 1016 1565 1047 Cod.
1587 1017 1713 1049 thaucl.
1739 1017 1778 1049 L.
1805 1017 1875 1050 Vll.
1904 1017 1941 1050 Τ.

1081 1055 1171 1089 XIII.
1182 1055 1312 1096 Defirzz't.
1331 1066 1378 1093 19.
1401 1056 1455 1088 nisi
1475 1057 1579 1097 quod,
1599 1057 1649 1089 sed
1665 1067 1824 1101 perperam
1837 1082 1846 1098 ,
1871 1067 1943 1090 cen-

1082 1107 1149 1129 tum
1163 1107 1261 1129 annos
1279 1105 1371 1138 putet
1379 1097 1536 1136 sufficere,
1549 1099 1585 1129 ad
1595 1099 1841 1140 extinguendum
1849 1108 1945 1132 omne
1983 1105 1985 1107 '

1079 1139 1148 1179 jus,
1171 1139 1265 1170 etiam
1281 1140 1313 1170 in
1329 1138 1485 1170 futurum.
1510 1139 1684 1172 Mar-tinum
1702 1140 1884 1182 simpliciter
1899 1140 1944 1172 se-

1082 1187 1220 1220 quuntur
1247 1178 1354 1210 Rufius
1381 1180 1411 1211 &
1437 1178 1591 1212 Costalius
1608 1182 1646 1212 ad
1669 1182 1688 1213 l.
1709 1188 1759 1216 28.
1778 1182 1820 1223 ff.
1843 1183 1945 1224 quibus

1081 1221 1156 1251 mod.
1178 1220 1285 1260 ufllsfr.
1302 1220 1401 1250 amitt.
1445 1219 1589 1262 Itemque
1606 1223 1713 1254 Busius
1739 1226 1773 1254 cle
1790 1223 1874 1254 Ann.
1900 1233 1950 1256 rc:-v

1082 1263 1169 1292 (litii).
1193 1260 1234 1292 L.
1254 1260 1294 1292 11.
1323 1261 1356 1291 C.
1380 1269 1427 1292 12.
1477 1259 1619 1302 Uterque
1641 1264 1750 1296 Simon
1769 1289 1778 1299 .
1803 1262 1957 1296 Groenev
1986 1263 1990 1266 ’

1082 1311 1196 1343 wegen
1210 1302 1242 1334 in
1262 1301 1336 1333 Not.
1352 1301 1390 1333 ad
1406 1300 1514 1333 Grotii
1534 1301 1695 1335 Introduc't.
1711 1306 1751 1335 ad
1772 1305 1946 1346 Jurisprud.

1083 1343 1167 1376 Hori.
1194 1343 1235 1375 L.
1245 1342 1300 1375 m.
1329 1343 1360 1374 C.
1377 1346 1429 1382 46.
1453 1343 1494 1384 vsi
1514 1344 1719 1385 jaarlyksclxe,
1746 1345 1821 1378 &ad
1837 1347 1864 1377 d.
1883 1346 1903 1378 l.
1913 1356 1942 1387 7.

1083 1385 1110 1427 §.
1134 1385 1189 1416 ult.
1215 1385 1245 1417 &
1262 1394 1324 1416 van
1346 1383 1508 1416 Leeuwen
1532 1385 1573 1416 R.
1600 1384 1646 1417 H.
1670 1387 1711 1418 R.
1739 1387 1778 1418 L.
1792 1386 1833 1419 II.
1857 1386 1946 1420 Part.

1083 1432 1115 1462 8.
1136 1436 1166 1458 η.
1186 1437 1214 1467 7.
1240 1426 1293 1457 ubi
1311 1426 1356 1458 ait
1373 1447 1384 1463 ,
1414 1426 1508 1457 etiam
1531 1425 1657 1458 Curiam
1683 1428 1882 1468 Hollandiae,
1914 1429 1948 1461 in

1082 1468 1240 1500 redituum
1263 1466 1525 1509 praescriptione,
1565 1476 1614 1500 10.
1638 1469 1716 1511 Maj.
1757 1473 1846 1511 1613.
1867 1469 1946 1510 judi-

1083 1509 1164 1541 cass'e
1179 1533 1190 1549 ,
1220 1512 1354 1548 primam
1377 1508 1555 1548 penlionem
1577 1517 1695 1542 tantum
1715 1509 1872 1552 praescribi
1895 1511 1963 1552 30.'

1084 1551 1191 1590 annis,
1209 1550 1340 1590 integris
1360 1550 1555 1582 manentibus
1570 1552 1698 1591 reliquis
1718 1562 1766 1589 29.
1793 1551 1947 1584 HisHol-

1083 1592 1184 1625 landis
1208 1591 1372 1624 subscribit
1393 1591 1423 1623 ὅ(
1448 1591 1524 1622 alius
1548 1590 1726 1625 Hollandus
1746 1591 1849 1631 Consti.
1872 1592 1945 1625 Hol.

1087 1633 1240 1707 ToriufilV.
1268 1631 1371 1672 Consti.
1387 1642 1439 1673 49.
1463 1631 1591 1674 quaelita
1614 1635 1711 1676 magis
1725 1657 1738 1674 ‚
1760 1643 1854 1676 quam
1877 1634 1949 1667 data

1084 1684 1162 1707 occa
1187 1684 1258 1707 one.
1996 1686 1998 1688 ·

1095 1736 1131 1792 T
1227 1756 1375 1794 xvi.

863 1824 973 1860 Variae
999 1817 1260 1870 Qtaestiuiiculoe.

176 1916 200 1949 Ι.
317 1926 335 1948 u
349 1924 513 1958 receptum
529 1914 593 1955 est,
616 1921 652 1946 ut
668 1913 803 1954 quilibet
817 1911 898 1954 apud
915 1910 1044 1942 Curiam

211 1919 298 1998 U
322 1968 412 1999 agere
433 1958 527 1999 poffit
544 1967 584 1988 ex
602 1957 622 1988 Z.
640 1955 808 1996 Dsffamarz'
820 1977 830 1994 ,
856 1954 900 1985 ita
919 1960 1020 1983 tamen
1033 1973 1044 1989 ,

177 2008 214 2031 ut
230 2002 282 2040 qui
303 2000 334 2031 in
351 2009 389 2030 eo
405 1999 526 2039 judicio
547 2008 617 2030 reus
633 1995 678 2029 est
691 2020 700 2035 ‚
726 2005 838 2038 optare
862 1994 954 2041 pohffit
967 2018 980 2040 ι,
1005 2002 1045 2025 an

178 2041 259 2082 apud
272 2040 398 2072 Curiam
417 2040 573 2071 amonem
584 2038 788 2081 principalem
807 2038 885 2069 velit
902 2035 1045 2067 1111111116-

179 2093 234 2122 1·6,
258 2092 294 2114 an
314 2081 395 2122 apud
413 2081 554 2120 Judicem
573 2081 658 2121 ejus,
682 2080 736 2120 qui
753 2079 800 2120 agi
819 2077 922 2119 petiit.
953 2076 1046 2123 Unde

177 2123 341 2164 quaefitum
362 2121 426 2160 est,
450 2131 507 2161 an,
531 2122 571 2160 fi,
594 2122 644 2163 qui
663 2122 711 2161 agi
731 2121 814 2161 petit
834 2142 843 2157 ‚
867 2119 899 2150 id
917 2118 1045 2159 privsse-

179 2166 267 2206 gium
294 2163 408 2196 habeat
422 2185 434 2201 ,
455 2171 490 2194 ut
510 2161 730 2194 Adversarium
750 2162 787 2192 ad
808 2160 935 2192 Curiam
947 2158 1046 2206 *possit

180 2215 298 2237 vocare
316 2228 328 2242 ,
352 2214 390 2236 an
405 2228 415 2243 ,
441 2204 565 2245 inquam
584 2227 594 2243 ,
619 2203 645 2235 is
666 2202 696 2234 in
718 2201 808 2235 causa
830 2202 850 2233 l.
877 2200 1046 2242 Diffanmri

180 2247 387 2288 principalem
409 2245 641 2287 litemquoque
656 2244 740 2276 reete
757 2244 837 2285 apud
853 2242 979 2275 Curiam
998 2241 1048 2284 agi

179 2287 346 2330 postulet?
368 2285 472 2328 Atque
491 2287 536 2318 ita
550 2285 738 2327 Pragmatici
755 2285 818 2317 fine
835 2285 1050 2317 controverria

181 2330 299 2362 sentire
316 2328 465 2359 videntur
489 2327 507 2369 (
520 2336 532 2358 1
547 2327 576 2369 ).
613 2327 673 2360 Sed
690 2327 720 2358 id
736 2326 964 2358 admittendum
985 2334 1050 2356 non

184 2370 230 2402 est
247 2392 257 2408 ,
282 2370 354 2411 quia
376 2369 406 2400 id
436 2368 638 2410 privilegium
665 2378 706 2400 ex
729 2367 757 2410 §.
782 2373 810 2402 8.
844 2367 949 2399 Form.
974 2366 1049 2399 Cur.

186 2411 370 2444 Hollandiae
388 2410 520 2442 omnino
537 2408 785 2452 restringendum
803 2408 848 2441 est
864 2408 902 2440 ad
918 2417 989 2440 eum
1002 2418 1051 2440 ca·

184 2453 253 2485 sum
264 2476 273 2491 ,
285 2461 347 2493 quo
364 2452 409 2490 is,
422 2452 475 2492 qui
495 2451 527 2483 id
543 2451 746 2493 privilegium
765 2450 878 2489 habet,
892 2449 957 2492 ipse
966 2450 1053 2482 aCtor

187 2494 232 2525 est
244 2516 256 2532 ,
278 2493 336 2525 hac
355 2501 460 2526 autem
478 2493 510 2524 iu
524 2502 558 2524 re
576 2494 707 2526 omnino
728 2492 867 2524 obtinuit
880 2514 891 2531 ,
915 2499 951 2523 ut
967 2492 999 2524 in
1019 2491 1054 2524 li-

190 2543 224 2567 te
239 2535 405 2575 principali
423 2533 461 2566 fit
479 2533 564 2566 attor
573 2556 584 2572 ,
601 2535 653 2575 qui
671 2534 856 2566 diffamavit.
879 2533 986 2580 Quare
1002 2533 1054 2565 hic

188 2575 357 2608 dicendum
372 2574 433 2613 est,
457 2575 495 2606 ad
511 2574 657 2613 Curiam,
677 2584 714 2607 ut
729 2575 906 2617 principalis
923 2574 1014 2607 causa
1030 2575 1053 2606 i-

188 2617 219 2649 bi
239 2625 347 2657 agatur
359 2639 369 2654 ‚
393 2615 501 2647 viduas
518 2615 548 2646 δι
565 2616 704 2656 pupillos
721 2616 878 2648 neminem
895 2625 935 2647 ex
948 2617 967 2648 l.
981 2616 1055 2657 Dis-

184 2658 304 2699 samari
328 2666 444 2688 vocare
469 2655 557 2696 poffe
574 2677 585 2694 ,
615 2656 667 2688 sed
689 2657 844 2689 duntaxat
869 2656 956 2698 poffe
972 2680 981 2697 ,
1020 2665 1057 2689 ut

191 2698 321 2740 poss'unt
347 2698 401 2730 alii
429 2706 539 2730 omnes
555 2720 567 2736 ,
598 2705 633 2730 ut
656 2698 688 2730 in
713 2698 865 2730 alterutro
890 2698 964 2730 foro
987 2708 1055 2740 aga-

185 2747 253 2773 tur.

237 2781 277 2814 11.
304 2781 470 2823 Pei-peram
486 2780 664 2823 responsum
681 2779 726 2812 est
747 2779 851 2819 Consti.
877 2781 912 2813 B.
940 2781 971 2812 C.
986 2790 1056 2821 104.

196 2820 304 2864 Oncest.
326 2833 375 2865 13.
400 2828 491 2862 eum,
514 2823 568 2864 qui
584 2823 615 2855 in
633 2821 804 2854 Hollandia
820 2822 1001 2860 habitabat,
1026 2824 1058 2855 &

192 2855 237 2898 iffi
268 2865 460 2906 legitimatus
481 2871 564 2904 crat,
578 2857 623 2896 *fn
643 2863 745 2903 bona,
759 2873 839 2905 ·quae
857 2864 889 2895 in
906 2862 1012 2896 Gclria
1026 2874 1057 2895 c-

192 2913 263 2939 rant
279 2906 353 2944 fita,
378 2905 543 2938 succedere
559 2913 623 2937 nnn
642 2904 746 2946 posse,
771 2913 806 2936 ut
822 2906 905 2937 enirn
919 2905 1057 2946 nuptiis,

193 2948 265 2989 jure
291 2946 487 2978 Hollandico
507 2947 589 2978 reete
605 2946 794 2985 contr-attis,
819 2954 930 2986 natus,
954 2947 1058 2988 legiti-

197 2999 266 3020 mus
293 2987 370 3019 elset
398 2989 426 3020 ἀ
449 2988 481 3019 111
498 2986 624 3027 Geli-ia,
649 2987 690 3020 fic
705 2987 801 3019 ctiam
818 2987 1009 3029 legitimatus
1026 2988 1058 3019 in

195 3028 368 3061 Bollandia
381 3052 391 3067 ,
414 3030 444 3060 δι
463 3029 495 3060 in
513 3028 622 3060 Gclria
639 3038 696 3070 pro
711 3029 885 3070 legitimato
901 3029 1058 3061 habendus

196 3068 252 3101 cst.
296 3070 442 3102 Solemnc
459 3069 521 3109 cst,
545 3070 627 3112 quod
643 3071 680 3102 ad
697 3070 830 3109 statum,
852 3080 890 3105 ex
906 3071 974 3112 lege
994 3070 1058 3104 loci

239 3182 296 3221 (1)
319 3183 431 3212 Formul.
453 3183 486 3213 T.
508 3186 531 3213 I.
553 3184 582 3213 C.
609 3193 633 3222 5.
654 3195 683 3225 p.
704 3188 750 3223 84.
770 3185 796 3216 ἃ
817 3189 863 3222 85.

238 3222 300 3260 (a)
321 3222 414 3252 Coren
436 3221 528 3259 Consti.
548 3225 600 3253 lV.

1087 1916 1154 1939 rem
1176 1905 1328 1938 aestimare
1339 1929 1347 1944 ,
1373 1905 1403 1938 δε
1419 1904 1461 1937 fic
1479 1904 1557 1947 sapit
1573 1904 1758 1938 Mor-sacius
1775 1904 1812 1938 ad
1833 1905 1854 1938 l.
1869 1915 1897 1938 1.
1913 1905 1948 1939 C.

1087 1951 1121 1980 cle
1150 1949 1268 1980 Summa
1299 1947 1409 1979 Tanit.
1440 1948 1469 1979 δε
1493 1948 1533 1979 fic
1558 1947 1681 1989 sapiunt
1705 1947 1786 1987 alii,
1816 1955 1950 1988 quorum

1088 1990 1290 2022 austeritates
1307 1999 1371 2021 non
1387 1988 1538 2020 adscribo.

1130 2031 1187 2063 ΠΙ.
1210 2029 1376 2062 Testari-ix
1402 2029 1528 2071 gravida
1551 2029 1688 2062 instituit
1712 2029 1846 2069 liberos,
1870 2039 1950 2071 quos
1995 2031 2001 2042 ¹

1089 2079 1211 2115 pareret
1235 2073 1266 2104 ὃς
1291 2072 1483 2113 relinqueret
1506 2070 1702 2113 superstites,
1725 2070 1746 2103 11
1770 2071 1802 2103 111
1827 2079 1900 2104 ante
1921 2070 1952 2104 se

1089 2114 1277 2147 decederent
1289 2137 1299 2152 ,
1321 2111 1459 2145 instituit
1471 2114 1630 2145 maritum.
1676 2111 1846 2153 Nunquam
1861 2121 1952 2155 pepe-

1090 2157 1141 2189 rit.
1187 2155 1342 2188 Moritur.
1386 2153 1543 2186 Dubitant
1565 2154 1657 2196 (2),
1679 2163 1715 2186 an
1732 2153 1955 2186 intestata?in-

1090 2197 1192 2239 dignae
1211 2195 1412 2238 inspeftionis
1433 2193 1564 2237 quaestio
1577 2219 1585 2235 ,
1610 2197 1757 2229 maritum
1775 2195 1856 2227 enim
1870 2194 1955 2227 insti·

1093 2242 1177 2277 tuit,
1197 2237 1220 2270 fi
1236 2239 1327 2270 liberi
1346 2236 1493 2270 nascituri
1509 2246 1579 2270 ante
1603 2237 1633 2270 se
1650 2236 1855 2276 decederent,
1879 2236 1954 2275 vel,

1092 2280 1177 2322 quod
1204 2280 1331 2320 perinde
1353 2277 1398 2310 est
1412 2302 1422 2318 ,
1447 2278 1469 2311 fi
1492 2280 1628 2311 moriens
1646 2278 1760 2311 liberos
1782 2287 1844 2310 non
1865 2277 1956 2310 habe-

1093 2331 1159 2362 ret,
1181 2320 1240 2353 hos
1258 2330 1393 2362 namque
1407 2344 1417 2359 ,
1443 2321 1473 2351 ἃ
1489 2319 1545 2352 lios
1566 2319 1650 2352 solos
1674 2320 1788 2352 marito
1804 2319 1955 2361 praetulit.

1094 2363 1209 2405 Neque
1239 2363 1407 2404 quicquam
1432 2360 1476 2393 est
1492 2383 1502 2399 ‚
1533 2362 1617 2402 quod
1639 2368 1747 2393 contra
1766 2361 1850 2392 dicas
1867 2383 1877 2398 ,
1900 2358 1957 2391 nifi

1397 2403 1472 2435 luris
1488 2401 1599 2435 feciss'c
1622 2401 1766 2434 maritum
1782 2424 1792 2440 ‚
1816 2401 1838 2434 fi
1859 2399 1956 2441 ipsam

1094 2406 1199 2444 forte,
1224 2413 1354 2437 uxorem

1478 2443 1536 2476 Sed
1557 2445 1589 2476 id
1613 2442 1789 2484 fingendum
1805 2450 1870 2474 non
1889 2440 1956 2480 est,

1096 2455 1226 2482 matrem
1245 2445 1377 2478 rcddidi1
1388 2444 1433 2476 ct.

1097 2490 1178 2526 nihil
1217 2487 1310 2530 uippe
1330 2488 1362 2519 111
1381 2485 1504 2524 verbis,
1529 2486 1613 2526 quod
1636 2493 1702 2515 eam
1720 2483 1956 2524 interpretatio-

1097 2543 1170 2566 nem
1191 2497 1359 2567 desiderat,
1386 2528 1415 2559 ὅ(
1439 2526 1590 2565 maritus,
1624 2534 1664 2556 ex
1681 2532 1743 2565 quo
1761 2532 1884 2556 uterum
1908 2522 1956 2555 fe-

1098 2576 1205 2614 rebat,
1228 2571 1300 2604 satis
1315 2568 1482 2612 probavit,
1506 2566 1536 2599 se
1554 2568 1655 2598 virum
1671 2566 1740 2598 csse.
1781 2566 1858 2599 Non
1874 2565 1959 2597 dixit

1098 2617 1230 2652 mulier,
1254 2613 1276 2646 si
1315 2613 1428 2648 ariam,
1453 2615 1553 2648 neque
1570 2607 1664 2648 igitur
1679 2607 1716 2638 ab
1733 2617 1772 2639 eo
1790 2607 1959 2640 liberalita-

1100 2666 1165 2691 tem
1181 2656 1268 2688 suam
1302 2651 1443 2694 uspendit
1457 2672 1469 2689 ,
1492 2649 1541 2687 &,
1567 2658 1620 2680 cur
1637 2648 1851 2690 suspenderet,
1874 2647 1960 2682 nulla

1151 2699 1157 2704 '
1201 2695 1256 2728 est.
1902 2702 1904 2705 ·

1099 2707 1198 2772 ratllxol'.
1224 2737 1276 2770 De
1294 2728 1437 2767 Clausula
1453 2729 1655 2763 rosei-varona
1671 2731 1760 2770 dixi,
1783 2731 1867 2774 quod
1887 2731 1961 2764 satis

1101 2780 1146 2813 est
1156 2780 1247 2813 Libro
1266 2777 1322 2810 Ill.
1346 2773 1504 2814 C.4.&5.
1551 2774 1583 2804 Si
1605 2773 1673 2804 litt-c
1692 2771 1803 2805 inserta
1819 2772 1958 2806 fittesta-

1101 2831 1232 2858 mento,
1258 2820 1288 2851 δε
1304 2816 1383 2858 apud
1397 2824 1488 2851 eum,
1508 2815 1559 2855 qui
1575 2814 1724 2855 cjulinodi
1743 2813 1961 2847 testamentum
1988 2844 1993 2854 ,Α

1102 2861 1267 2899 condidit,
1297 2856 1468 2898 reperiatur
1493 2854 1641 2896 scriptura
1659 2856 1761 2897 aliqua
1781 2855 1862 2887 circa
1887 2855 1965 2886 ulti·
1996 2872 1998 2877 ν

1102 2913 1182 2936 mam
1198 2902 1394 2934 voluntatem
1406 2919 1417 2935 ‚
1440 2898 1532 2929 anxie
1548 2906 1691 2937 quaerunt
1715 2895 1806 2939 (3),
1829 2906 1865 2928 an
1887 2896 1962 2929 deli-

1101 2944 1227 2976 berandi
1246 2942 1373 2977 animo,
1395 2947 1431 2970 an
1450 2947 1485 2969 ut
1499 2937 1645 2969 effectum
1662 2936 1826 2976 sortiatur,
1848 2937 1964 2978 scripta
1999 2961 2005 2973 ,,

1101 2985 1138 3019 fit
1152 2986 1169 3017 ἱ)
1193 2986 1224 3017 &
1245 2984 1314 3016 sane
1331 2987 1414 3016 erat,
1437 2989 1493 3010 cur
1513 2980 1708 3011 dubitaretur
1727 2979 1756 3010 in
1776 2978 1876 3019 specie
1892 3001 1901 3015 ‚
1925 2977 1966 3010 de
1991 2983 1994 2986 ’

1102 3037 1162 3068 qua
1180 3025 1224 3057 ibi
1241 3024 1403 3066 quaesitum
1424 3019 1477 3052 est.
1503 3021 1563 3052 Sed
1581 3020 1600 3053 11
1622 3020 1771 3060 scriptura
1787 3019 1856 3061 post
1871 3018 1961 3051 testa-

1099 3075 1241 3102 mentum
1261 3065 1342 3099 facta
1366 3061 1421 3102 sit,
1446 3062 1468 3095 11
1495 3062 1625 3094 testator
1649 3062 1781 3100 dixerit,
1805 3069 1840 3092 ut
1866 3060 1961 3134 vulffio

1143 3182 1204 3222 (3)
1225 3181 1317 3223 Consti.
1340 3179 1381 3213 H.
1412 3179 1465 3210 111.
1487 3177 1619 3217 Amflert'.
1641 3175 1731 3214 Corfil.
1748 3179 1794 3206 26.
1814 3184 1841 3205 υ.
1859 3172 1967 3211 μεθ’.
