2008 3436
505 113 904 151 CORNELII
954 125 1058 150 νΑΝ

205 195 284 231 vili,
308 192 477 235 subjectum
494 194 532 226 iri
548 194 622 226 foro
641 193 854 230 Hollandico,
879 193 1020 234 quamvis
1037 192 1069 223 in

206 234 379 267 Hollandia
391 236 489 267 officii
505 235 547 267 sui
567 236 656 267 causa
672 237 808 276 degeret.
834 234 917 276 Quae
936 243 1007 264 cum
1023 243 1069 263 re-

203 276 266 308 lata
285 276 384 308 effent
407 277 444 308 ad
468 277 601 309 Ordines
616 275 794 308 Hollandiae
807 297 818 312 ,
848 275 880 305 hi
897 275 1068 305 decernunt

207 326 255 357 14.
275 316 356 349 Dec.
384 328 471 359 17‘37.
495 318 617 359 quidam
636 327 676 348 ex
698 315 758 347 suis
778 324 815 346 ea
834 315 872 346 de
897 325 929 346 re
951 315 1066 345 delibe-

201 367 307 390 rarent
327 368 399 391 cum
422 353 584 400 Delegatis
606 358 766 396 utriusque
790 355 920 394 Curiae,
943 355 993 387 sed
1018 364 1065 394 15.

201 397 265 437 Jan.
294 405 384 442 1733.
407 401 543 436 addunt,
567 407 697 439 utraque
714 396 809 428 Curia
822 398 927 438 potius
944 396 1065 428 senten-

204 440 278 472 tiam
294 440 376 473 suam
392 442 429 472 de
448 450 517 471 toto
538 440 597 471 hoe
614 446 797 479 argumento
815 439 846 469 in
867 437 989 478 scriptis
1012 446 1065 467 ex-

201 491 332 522 poneret
349 484 378 514 ὃς
396 482 431 512 ad
462 481 595 512 Ordines
616 479 851 510 transmitteret.
898 477 970 509 Post
996 477 1065 508 haze

197 522 327 558 Titius.
352 532 493 554 metuens
510 522 631 552 exitum
650 521 715 560 ejus
734 520 890 560 querelae,
921 528 938 549 e
958 527 991 549 re
1016 518 1066 550 sua

198 562 260 594 esse
277 564 400 602 putavit
418 563 600 594 renunciare
620 562 664 593 illi
684 561 733 592 liti
756 561 834 600 apud
859 558 1065 591 Amsterdam-

200 604 318 636 menses
337 613 450 640 motae,
474 605 502 635 dt
526 602 641 634 arresto
659 602 744 642 prius
767 601 893 633 inclusis
919 601 1064 632 omnibus

199 645 385 684 mobilibus,
412 643 568 683 vestibus,
592 643 763 684 jocalibus,
793 652 888 688 auro,
916 650 1065 682 argento,

200 696 359 717 num-erata
379 686 533 726 pecunia,
558 686 588 717 <St
604 684 730 725 reliquis
753 684 864 721 bonis,
886 693 955 723 quae
979 684 1063 715 Sem-

198 728 307 769 pronia
325 727 355 758 in
372 726 532 757 territorio
550 724 837 757 Amsterdammenfi
854 724 1064 763 habebat‚no-

200 778 270 798 vam
292 768 380 798 litem
401 767 522 798 orditur
537 768 616 808 apud
643 766 768 798 eosdem
790 765 932 805 Judices,
958 773 1062 803 ratus,

198 808 315 840 ari-esto
332 809 440 849 utique
454 818 561 840 eorum
584 807 831 848 jurisdittionem
856 806 939 837 reete
954 805 1070 838 defen-'

200 850 241 880 di.
289 849 339 880 Dc
364 859 427 890 quo
455 848 572 881 arresto
601 859 670 880 cum
696 848 809 879 iterum
832 846 957 887 questus
986 847 1063 878 esset

197 891 353 929 Mcevstrs,
385 890 479 921 etiam
504 891 543 921 de
570 900 608 922 eo
632 890 792 929 utriusque
816 888 919 920 Curiae
943 887 1061 920 senten-

199 932 274 962 tiam
294 931 516 972 ewplorandam
531 931 700 963 decernunt
715 929 849 962 Ordines
873 928 1064 961 Hoilandiae.

197 973 240 1004 Et
255 972 378 1004 exstant
394 973 458 1004 duo
476 972 631 1014 Responsa
648 972 745 1012 juris,
770 981 805 1002 ea
832 971 870 1001 de
886 979 918 1001 re
942 971 1013 1002 data
1036 971 1067 1003 ὅ(

198 1014 236 1044 ad
258 1014 384 1045 eosdem
402 1014 535 1045 Ordines
563 1013 752 1050 transmissa,
781 1012 914 1043 alterum
934 1012 1065 1043 Senatus

198 1056 340 1095 Supremi
369 1060 416 1089 18.
449 1055 548 1087 Marc.
574 1060 664 1097 1738.
688 1055 820 1085 alterum
858 1053 960 1084 Curiae
986 1052 1065 1085 Hol-

201 1096 310 1128 landiae
339 1106 385 1128 10.
402 1096 501 1128 Mart.
529 1101 616 1137 1738.
643 1095 711 1136 (1).

242 1138 338 1169 Vides
361 1137 400 1168 de
416 1135 490 1168 foro
512 1136 649 1177 ipsorum
671 1136 900 1177 Delegatorum
927 1145 1011 1168 nunc
1029 1147 1062 1168 u-

198 1179 269 1210 nice
284 1178 378 1219 quaeri
391 1201 402 1216 ,
424 1187 486 1209 non
502 1178 540 1210 de
558 1178 633 1210 foro
656 1178 714 1219 (2)
733 1178 927 1209 Officialinm
951 1179 1002 1209 vel
1020 1179 1060 1209 A-

196 1220 424 1257 manuensium,
447 1229 580 1259 quorum
599 1218 749 1259 operailli
770 1218 913 1259 Delegati
929 1226 1060 1250 utuntur

197 1262 234 1292 ad
256 1259 454 1293 describenda
479 1260 556 1292 Atra
586 1260 616 1291 &
638 1260 695 1291 alia
721 1258 942 1297 instrumenta,
968 1261 997 1291 ἃ
1021 1261 1060 1291 de

198 1312 331 1344 quorum
348 1301 422 1332 soro
440 1310 503 1331 non
522 1301 622 1332 minus
637 1300 786 1341 operose,
811 1310 902 1340 quam
921 1301 1060 1333 animose

196 1344 290 1375 variis
310 1342 501 1382 temporibus
523 1341 600 1382 saepe
616 1342 711 1372 etiam
729 1341 893 1382 quaesitum
912 1342 940 1373 ὅ(
957 1342 1059 1384 dispu-

199 1392 296 1416 tatum
326 1383 390 1420 est,
416 1382 445 1414 ὃς
467 1382 574 1420 vides,
597 1383 670 1414 illos
698 1381 891 1424 Delegatos,
916 1384 999 1423 quod
1024 1384 1062 1415 acl

196 1424 321 1462 forum,
345 1424 376 1455 in
396 1423 540 1455 omnibus
558 1424 659 1464 &per
678 1424 782 1455 omnia
808 1424 862 1455 sibi
888 1423 1062 1456 adscribere

194 1467 260 1507 jura
278 1465 478 1506 Legatorum.
503 1464 591 1509 Quin
608 1464 694 1496 forte
709 1466 778 1506 plus
790 1465 843 1497 fibi
860 1464 1038 1498 adscribunt
1049 1489 1061 1505 ‚

196 1517 288 1547 quam
300 1530 309 1544 ‚
333 1507 355 1538 si
371 1515 445 1537 vere
461 1505 571 1547 Legati
589 1505 706 1543 essent,
728 1506 782 1538 sibi
797 1505 972 1538 adscribere
992 1517 1061 1548 pos-

196 1549 274 1580 sent.
301 1548 441 1580 Omnino
461 1548 544 1578 enim
563 1546 593 1578 se
606 1549 750 1579 eximunt
770 1548 855 1579 omni
873 1548 1061 1588 jurisdictio-

196 1599 237 1622 ne
259 1589 334 1621 Fori
359 1588 559 1626 Hollandici,
582 1589 612 1620 &
637 1596 740 1620 tamen
767 1588 863 1620 Curia
890 1590 921 1621 in
942 1589 997 1622 suo
1025 1590 1063 1621 ad

197 1631 331 1663 Ordines
354 1628 513 1671 Responso
535 1630 619 1662 recte
635 1630 874 1668 animadvertit,
903 1630 964 1662 esse
985 1640 1061 1663 non-

195 1673 298 1704 nullas
317 1671 439 1710 causas,
462 1680 502 1703 ex
519 1672 630 1713 quibus
649 1672 694 1703 illi
719 1671 864 1714 Delegati
881 1672 934 1705 hic
952 1671 1062 1707 forum

195 1713 387 1752 sortiuntur,
411 1721 447 1744 ut
462 1712 483 1744 fi
505 1721 614 1754 agatur
639 1712 762 1745 actione
781 1713 812 1745 in
834 1723 916 1752 rem,
949 1713 1002 1745 hic
1026 1713 1059 1745 fi-

196 1763 281 1793 tam,
313 1754 333 1786 si
352 1755 390 1786 de
412 1754 614 1794 haereditate,
638 1754 690 1785 hic
713 1754 859 1795 jacente,
882 1754 903 1786 si
923 1755 963 1786 de
991 1755 1059 1787 aliis

195 1796 397 1836 quibusdam,
429 1805 500 1836 quae
525 1795 707 1827 enumeravi
728 1797 760 1827 cle
781 1795 851 1827 Foro
875 1795 1058 1838 Legatorum

198 1839 230 1869 C.
253 1841 301 1869 16.
326 1838 355 1869 &
373 1846 443 1878 quae
459 1838 490 1869 in
512 1837 596 1868 veris
616 1836 739 1877 Legatis
765 1846 830 1869 non
852 1838 954 1870 minus
978 1837 1059 1869 obti-

197 1886 296 1916 nent,
319 1887 413 1920 quam
439 1879 471 1910 in
498 1877 546 1909 his
571 1877 742 1919 Delegat'is.
786 1878 864 1911 Non
888 1887 991 1910 tamen
1009 1879 1061 1911 adss

195 1919 331 1953 miserim
355 1928 463 1952 omnes
478 1919 616 1961 species,
639 1929 714 1961 quas
733 1919 854 1952 admisit
874 1920 988 1958 Curia,
1002 1930 1061 1952 nec

196 1961 382 1994 excluserim
401 1961 498 2000 alias,
520 1970 594 2001 quas
610 1961 702 1992 attuli
721 1962 748 1993 ci.
772 1962 804 1993 C.
828 1965 874 1993 16.
919 1962 979 1994 Sed
1002 1972 1058 1993 no-

195 2001 251 2034 lim
267 2011 350 2033 nunc
369 2002 398 2034 in
417 2011 467 2034 eas
492 2002 698 2043 exceptiones
720 2012 906 2042 excurrere,
929 2011 1060 2035 conten-

195 2050 248 2074 tus
266 2052 394 2074 monere
406 2066 416 2081 ,
440 2043 633 2076 satisfac‘tum
648 2043 686 2074 iri
703 2043 766 2076 illis
782 2042 967 2085 Delegatis,
985 2044 1006 2076 si
1025 2054 1061 2076 63

195 2085 234 2115 iis
263 2084 402 2122 tribuas,
431 2093 502 2124 quae
528 2085 611 2116 veris
636 2084 762 2125 Legatis
796 2084 995 2124 tribuuntur,
1031 2086 1061 2118 ἀ

194 2123 281 2156 forte
296 2132 408 2166 praeter
428 2132 565 2156 mentem
589 2125 627 2156 iis
645 2125 793 2158 excidisse
814 2126 992 2166 generalem
1016 2127 1060 2159 ni-

194 2166 254 2197 mis
269 2165 308 2196 de
328 2166 414 2197 omni
431 2166 631 2206 exemptione
650 2165 843 2199 sententiam.

237 2207 335 2244 Recte
350 2207 445 2238 etiam
466 2207 687 2239 animadvertit
705 2207 818 2247 Curia,
844 2218 914 2240 cum
932 2208 971 2240 de
993 2208 1059 2240 De-

196 2247 307 2290 legatis
327 2247 428 2280 sermo
443 2247 507 2287 est,
532 2257 595 2280 non
608 2248 687 2279 alios
703 2248 802 2280 videri
820 2249 1060 2291 intelligendos,

195 2299 287 2330 quam
302 2288 476 2330 Delegatos
491 2289 682 2328 ordinarios,
707 2290 759 2322 vel
781 2290 933 2330 ejusmodi
958 2299 1059 2326 extra-

194 2331 385 2370 ordinarios,
410 2331 463 2371 qui
487 2340 504 2361 a
527 2330 705 2362 Provinciis
732 2331 904 2363 mittuntur
922 2356 931 2371 ,
965 2340 1000 2365 ut
1020 2333 1060 2364 de

194 2372 369 2412 Republica
385 2371 581 2410 consultent,
607 2371 628 2403 fi
648 2381 718 2412 quae
742 2371 829 2403 sorte
850 2373 951 2405 causae
970 2381 1060 2406 extra

195 2414 338 2445 ordinem
364 2413 549 2444 inciderint:
574 2411 644 2444 sunt
663 2413 747 2445 enim
768 2413 797 2445 ὅτ.
821 2414 872 2445 alii
889 2416 1060 2448 extraordi-

194 2454 294 2493 narii,
326 2454 379 2495 qui
403 2464 516 2495 magno
544 2453 623 2494 saepe
642 2463 774 2486 numero
799 2453 922 2496 Hagam
947 2465 1059 2488 excur-

194 2503 267 2526 runt
281 2518 291 2533 ,
313 2504 376 2527 non
393 2495 588 2536 Reipublicae
601 2518 610 2533 ,
636 2495 683 2527 sed
707 2494 828 2528 suarum
844 2506 948 2529 rerum
964 2507 1061 2538 ergo,

195 2536 334 2567 adduffis
355 2544 457 2567 tamen
478 2535 661 2574 Codicillis‚
691 2546 726 2568 ut
748 2536 802 2568 fibi
827 2537 976 2579 Collegio
1003 2539 1062 2571 Or-

195 2577 303 2608 dinum
320 2575 523 2608 Generalium
542 2576 685 2608 interesse
702 2577 816 2617 liceat,
832 2578 884 2611 sed
901 2587 935 2610 ut
951 2590 1061 2612 eorum

195 2616 340 2658 suffragia
357 2627 421 2649 non
437 2624 657 2656 numerantur,
673 2618 715 2649 fic
729 2627 788 2648 nec
805 2620 868 2651 ulla
885 2629 996 2653 eorum
1012 2631 1059 2654 ra-

195 2659 242 2690 tio
261 2659 292 2690 in
313 2658 375 2690 hoc
390 2664 575 2699 argumento
594 2658 699 2689 haberi
716 2658 828 2699 potest.

238 2699 419 2740 Priusquam
435 2699 474 2730 de
486 2708 519 2730 re
536 2697 599 2738 ipsa
616 2708 722 2740 agam,
746 2700 934 2739 praemitram
953 2701 1058 2733 311ᾶο-

196 2741 305 2772 ritates
321 2741 487 2772 nonnullas
510 2740 540 2771 &
558 2740 724 2781 exempla,
749 2747 817 2779 quae
841 2741 919 2774 olim
946 2742 1062 2774 incide-

196 2791 271 2814 runt
289 2782 319 2814 in
341 2782 492 2813 similibus
512 2780 628 2820 caufis,
652 2781 674 2813 fi
693 2780 767 2822 quid
790 2780 876 2813 forte
901 2792 1009 2814 corum
1029 2792 1062 2815 te

196 2833 328 2856 movere
355 2822 456 2863 poffit.
510 2820 750 2863 Groenewegen
778 2821 822 2853 ait
852 2822 928 2865 (3):
962 2823 1059 2856 Hodie

195 2865 355 2906 quicunque
377 2864 566 2903 Hollandiae,
586 2872 655 2896 NEC
671 2872 746 2896 NON
762 2871 953 2896 UMTARUM
970 2864 1057 2897 Pao-

209 119 279 161 316

195 3032 227 3060 ed
229 2994 248 3061 Ζ(
250 2995 293 3062 01.)
313 2994 426 3034 Exstant
438 2997 507 3026 inter
519 2997 589 3026 Aila
605 2996 737 3027 Ordinum
746 3017 755 3032 ,
777 2995 803 3026 ἂ
815 2994 960 3033 δεραναείηι
967 3005 1061 3035 quoque

237 3072 270 3106 (2
283 3072 295 3107 )
315 3071 455 3111 Commisen
469 3071 500 3111 of
511 3072 660 3112 Clercquen.

191 3109 298 3184 Clgrffi:
312 3110 355 3138 De
377 3111 440 3140 LL.
466 3112 596 3150 Abrogat.
624 3113 659 3142 ad
683 3111 738 3142 Tic.
770 3111 803 3141 C.
828 3112 883 3142 Ubi
903 3111 992 3145 Senat.
1012 3114 1059 3144 vel

224 3184 287 3223 (4)
306 3184 350 3215 De
363 3184 426 3218 Foro
440 3186 599 3226 Competemi
618 3189 651 3220 C.
672 3197 699 3221 1.
718 3196 747 3220 n.
770 3190 819 3220 28-

1106 113 1699 151 BYNKERSHOEK

1111 203 1311 226 vmcrARnM
1329 194 1533 226 SENATORES
1548 204 1659 233 ,eorum
1680 205 1712 226 ue
1735 195 1962 238 Miniflri‚Ha.

1110 245 1154 276 gae
1173 236 1290 266 Comitis
1308 241 1511 266 commorantes
1522 257 1533 274 ‚
1556 237 1646 266 nonni
1660 246 1670 266 ι
1685 246 1778 268 coram
1801 238 1964 275 Hollamlioe

1114 277 1202 307 Curia
1228 278 1379 307 conveniri
1397 275 1528 317 pcss‘uizt,
1560 282 1619 307 tam
1642 278 1676 307 in
1698 278 1852 318 civilibus,
1882 291 1964 322 quam

1110 318 1311 348 criminalibus
1325 317 1426 356 cazifir.
1471 316 1529 349 Per
1554 317 1704 348 Senatores
1721 321 1868 352 unitarum
1891 322 1961 356 Pro.

1109 359 1275 388 vinciar-um
1291 369 1355 390 non
1372 359 1450 391 alios
1468 358 1640 400 intelligit,
1665 368 1756 400 quam
1774 359 1960 405 Delegatos,

1109 399 1148 429 de
1167 399 1277 439 quibus
1295 409 1378 431 nunc
1395 399 1572 440 quaerimus.
1589 399 1636 430 Ita
1655 408 1777 440 quoque
1798 400 1875 442 sapit
1887 403 1963 437 Vro-

1109 449 1194 470 mans
1210 439 1365 479 (4),nam
1378 441 1459 471 inter
1476 439 1774 481 CuriaeSuppositos
1783 443 1918 476 recenset
1929 448 1961 478 de

1109 479 1228 511 Heeren
1245 490 1306 512 van
1324 482 1356 512 de
1380 480 1535 520 reffiefiiive
1555 481 1701 522 Collegien
1716 492 1776 512 van
1796 483 1868 515 haar
1879 484 1960 530 Hoog

1108 521 1255 563 Mogende
1266 544 1275 559 ,
1292 522 1381 553 Groot
1391 522 1538 564 Mogende
1549 546 1558 561 ,
1577 523 1609 554 de
1620 521 1729 554 Hoven
1746 532 1807 554 van
1817 523 1937 565 Juftitie
1948 551 1960 568 ,

1107 572 1142 592 en
1165 563 1270 592 andere
1292 563 1539 601 Gecieputeerdens
1553 565 1585 594 in
1599 564 1681 604 publi
1702 574 1734 594 ne
1759 565 1962 610 bedieningen‚

1106 605 1139 634 in
1151 604 1206 634 den
1221 602 1312 645 Hage
1327 603 1511 643 refiderende.
1537 604 1588 636 Sic
1602 605 1647 637 illi
1657 627 1668 643 ,
1695 604 1733 635 ed
1749 606 1832 637 nulla
1845 610 1962 643 ratione

1107 644 1219 675 addita.
1254 644 1289 675 ln
1305 645 1364 676 alia
1380 645 1485 676 omnia
1503 644 1603 676 abivit
1618 646 1696 677 Bort
1716 646 1774 686 (5)
1785 647 1962 690 ,postquam

1106 685 1190 716 enim
1206 683 1377 726 Delegatos
1394 686 1624 718 Foederatarum
1635 687 1963 728 P1·0vmciarum,exe-

1106 725 1210 758 inisset
1242 725 1357 757 arrcsto
1381 727 1411 759 δε
1433 725 1508 758 foro
1538 726 1666 766 nostro,
1696 737 1773 759 mox
1799 729 1900 769 addit,
1930 732 1961 766 in

1107 766 1253 799 omnibus
1272 768 1301 799 ὃς
1322 777 1376 809 per
1392 768 1497 799 omnia
1512 776 1568 798 eos
1584 767 1645 799 esse
1665 769 1823 801 habendos
1842 779 1898 811 pro
1912 782 1961 804 ve-

1106 809 1150 840 ris
1166 807 1311 847 Legatis,
1335 809 1407 849 quia
1423 808 1594 840 mittuntur
1610 819 1628 840 a
1643 809 1840 851 Principibus
1856 811 1898 843 sui
1915 813 1959 854 ju-

1105 850 1157 881 ris.
1204 848 1413 890 Wicquefort
1431 849 1489 890 (6)
1505 858 1567 880 non
1581 850 1705 890 quidem
1726 851 1757 882 in
1773 853 1915 886 omnibus
1934 855 1964 888 δι

1108 900 1163 931 ρ61·
1191 891 1296 921 onmia
1320 900 1375 922 eos
1404 890 1498 922 habet
1520 899 1578 932 pro
1603 892 1685 922 veris
1710 891 1860 934 Legatis,
1890 894 1962 935 sed,

1108 931 1192 972 quod
1219 931 1256 962 ad
1274 930 1401 969 forum,
1424 932 1489 969 ait,
1511 933 1548 963 ils
1564 932 1700 973 jouiffent
1717 939 1858 973 pom-tant
1880 936 1961 969 d’une

1099 973 1217 1015 semele
1232 974 1339 1004 entiere
1353 995 1364 1011 ,
1387 973 1422 1007 &³
1430 972 1501 1013 ant
1517 973 1689 1004 inviolczbles
1705 985 1740 1005 en
1762 975 1836 1006 leurs
1851 976 1968 1018 perfia-5

1108 1024 1178 1052 nes,
1195 1013 1311 1056 jzffques
1331 1014 1361 1045 Ζιὶ
1378 1014 1498 1055 mesine,
1521 1024 1572 1055 que
1595 1014 1625 1045 la
1639 1013 1755 1055 Justice
1772 1017 1809 1047 [lu
1829 1017 1906 1048 Lien
1926 1023 1968 1050 ηεζ

1103 1061 1174 1096 peut
1195 1055 1322 1096 esteizdre
1332 1056 1371 1096 stz
1383 1054 1569 1097 jurisdiftz'orz
1576 1055 1632 1095 sur
1648 1057 1735 1095 elles,
1757 1056 1798 1089 sic
1820 1057 1892 1096 illc,
1914 1056 1972 1092 sed'

1108 1097 1223 1137 absque
1241 1096 1303 1128 ulla
1328 1098 1459 1127 ratione.
1506 1096 1591 1127 Voet
1612 1096 1669 1137 (7)
1692 1107 1749 1137 pro
1767 1098 1889 1139 Legatis
1910 1103 1971 1134 eos'

1107 1137 1221 1175 habet,
1247 1136 1298 1169 sed
1313 1137 1351 1169 de
1375 1136 1448 1168 foro
1471 1145 1573 1169 tamen
1590 1138 1734 1170 nonnihil
1754 1139 1895 1179 dubitat,
1911 1141 1972 1185 sed,

1106 1189 1164 1209 non
1180 1188 1272 1209 meum
1290 1177 1330 1218 esi}
1342 1201 1352 1216 ,
1373 1178 1495 1218 inquit,
1509 1184 1620 1209 .zmztas
1647 1185 1825 1219 componere,
1848 1188 1899 1212 aui:
1923 1189 1965 1213 te-

1103 1229 1178 1250 mere
1198 1218 1318 1258 definire
1335 1220 1417 1255 lites,
1440 1225 1610 1260 quapropter
1631 1218 1767 1260 abstineo.
1812 1221 1898 1263 Ergo
1912 1228 1969 1264 pe-'

1103 1260 1229 1291 ritiores
1243 1259 1448 1291 consulamus.
1632 1292 1634 1295 ,

1146 1300 1243 1332 Forte
1259 1301 1356 1341 magis
1375 1299 1518 1331 intererit
1536 1299 1634 1339 scire,
1656 1302 1730 1342 quid
1757 1302 1810 1343 ipsi
1832 1304 1968 1350 Ordineq‘

1104 1342 1158 1373 vel
1176 1340 1347 1373 Generales
1367 1342 1418 1372 vel
1440 1340 1619 1372 Hollandiae
1642 1342 1680 1373 de
1704 1342 1778 1375 foro
1797 1343 1965 1387 Delegato-

1104 1393 1173 1416 rum
1193 1383 1272 1415 olim
1288 1382 1424 1415 dixerint
1440 1382 1490 1413 vel
1507 1382 1717 1415 decreverint.
1762 1384 1869 1429 Quum
1885 1391 1968 1420 anno

1109 1428 1198 1466 1637.
1231 1423 1347 1456 Geli-us
1366 1446 1376 1461 ,
1406 1423 1619 1456 Uti-echtanus
1653 1425 1683 1457 ὅ(
1715 1424 1966 1468 Tranfisulanus,

1105 1476 1157 1507 qui
1173 1476 1190 1496 a
1214 1465 1391 1497 Provinciis
1416 1464 1477 1497 suis
1495 1464 1740 1498 Amsterdamum
1763 1467 1840 1499 miffi
1856 1477 1967 1508 erant,

1105 1515 1140 1538 ut
1157 1507 1338 1538 interessent
1360 1506 1528 1546 CollegiO,
1554 1507 1640 1547 quod
1665 1507 1708 1539 ibi
1731 1517 1779 1540 res
1799 1509 1969 1548 maritimas

1104 1557 1210 1586 curat,
1234 1548 1267 1580 in
1291 1547 1398 1579 officio
1419 1547 1581 1587 deliquiffe
1601 1548 1792 1588 dicerentur,
1817 1549 1967 1584 Ballivius

1103 1599 1158 1625 eos
1178 1589 1210 1620 in
1227 1589 1274 1630 jus
1290 1590 1421 1621 vocavit
1435 1588 1514 1630 apud
1531 1589 1679 1621 Scabinos
1687 1589 1964 1626 Amsterdamrnen.

1103 1629 1170 1667 ses,
1196 1630 1225 1662 &
1249 1630 1383 1662 Ordines
1406 1630 1588 1662 Hollandiae
1607 1639 1674 1662 eam
1698 1631 1729 1663 in
1751 1631 1800 1672 jus
1823 1633 1964 1665 vocatio-

1102 1682 1175 1705 nem
1191 1672 1277 1703 omni
1295 1681 1356 1713 ope
1374 1670 1602 1709 defendebant,
1626 1671 1676 1703 sed
1697 1672 1746 1714 qui
1773 1682 1790 1704 a
1813 1671 1867 1705 sex
1893 1673 1964 1706 reli-

1103 1715 1172 1754 quis
1190 1712 1368 1745 Provinciis
1388 1711 1535 1753 Delegati
1553 1720 1641 1744 erant
1659 1714 1696 1745 ad
1719 1713 1851 1747 Ordines
1862 1713 1964 1747 Gene-

1103 1755 1199 1794 rales,
1223 1754 1289 1794 ejus
1305 1754 1350 1785 rei
1375 1754 1589 1796 cognitionem
1613 1754 1781 1787 Ordinibus
1806 1754 1965 1789 Generali-

1102 1797 1162 1828 bus
1183 1796 1381 1833 tribuebant,
1405 1796 1456 1827 vel
1477 1795 1533 1832 iis,
1558 1804 1637 1836 quos
1661 1795 1715 1838 ipsi
1737 1796 1774 1827 ad
1794 1795 1874 1829 hanc
1897 1802 1965 1830 rem

1103 1838 1302 1879 delegarent,
1325 1836 1383 1878 (8)
1406 1838 1436 1868 &
1456 1835 1622 1868 seeundum
1639 1846 1705 1870 eam
1726 1837 1907 1870 sententiam
1925 1837 1965 1870 ab

1105 1879 1173 1911 aliis
1187 1877 1369 1920 'responsum
1385 1876 1430 1909 est
1448 1877 1516 1919 (9).
1561 1876 1638 1910 Non
1657 1887 1732 1911 tunc
1753 1878 1884 1911 Ordines
1899 1877 1962 1911 Ge-

1104 1919 1223 1952 nerales
1238 1919 1410 1961 urgebant,
1433 1928 1469 1951 ut
1485 1928 1568 1951 nunc
1588 1927 1719 1963 urgent,
1740 1919 1813 1952 illos
1831 1928 1894 1952 tres
1915 1929 1962 1953 es-

1103 1961 1132 1994 se
1157 1959 1364 1993 remittendos
1381 1960 1418 1992 ad
1433 1960 1561 1999 forum,
1583 1960 1667 2002 quod
1683 1960 1793 2002 singuli
1811 1960 1964 1995 habebant

1103 2003 1136 2035 in
1153 2002 1203 2034 sua
1222 2002 1411 2042 Provincia,
1434 2010 1466 2034 at
1481 2011 1558 2033 vero
1577 2001 1660 2033 suam
1680 2002 1711 2033 in
1729 2011 1782 2034 eos
1796 2001 1857 2033 esse
1871 2002 1963 2042 111113-

1102 2044 1292 2082 dictionem,
1314 2043 1336 2075 fi
1362 2045 1393 2075 in
1422 2043 1528 2075 officio
1548 2041 1763 2083 deliquissent,
1784 2051 1910 2084 eamque
1932 2042 1964 2074 se

1102 2086 1154 2118 vel
1177 2094 1326 2116 exercere
1348 2086 1399 2117 vel
1419 2084 1485 2116 aliis
1512 2083 1655 2115 mandare
1679 2083 1780 2124 posse:
1811 2082 1862 2115 sed
1885 2083 1964 2118 nihil

1102 2127 1270 2169 quicquam
1289 2134 1363 2158 tunc
1379 2125 1541 2157 definitum
1555 2124 1616 2156 effe
1631 2124 1781 2166 comperi.
1825 2124 1964 2164 Rursus,

1103 2178 1199 2208 quum
1217 2168 1256 2199 de
1272 2167 1363 2198 causa
1383 2166 1560 2208 pecuniaria
1576 2166 1606 2197 ὅ(
1621 2165 1744 2197 afflone
1761 2165 1913 2206 personali
1932 2173 1962 2197 aa

1101 2216 1248 2251 geretur,
1277 2209 1408 2241 Ordines
1434 2206 1605 2239 Generales
1636 2216 1686 2247 27.
1709 2206 1768 2246 Jul.
1798 2211 1887 2249 1635.
1911 2207 1963 2239 de-

1102 2255 1271 2282 creverunt
1295 2250 1395 2291 (10),
1418 2258 1458 2280 ne
1482 2248 1549 2290 quis
1577 2256 1617 2278 ex
1641 2247 1678 2279 iis
1705 2247 1887 2289 Delegatis‚
1912 2256 1966 2278 ve-

1101 2292 1277 2330 nientibus,
1301 2290 1494 2322 morantibus
1510 2289 1560 2321 vel
1578 2289 1828 2330 revertentibus,
1850 2288 1892 2320 ob
1910 2288 1962 2320 de-

1100 2333 1222 2371 bitum,
1246 2339 1318 2364 ante
1335 2330 1565 2373 delegationem
1579 2330 1794 2368 contractum,
1813 2329 1963 2362 conveni-

1102 2381 1187 2406 retur
1204 2374 1257 2406 vcl
1278 2372 1393 2405 arrcsto
1415 2372 1629 2411 detineretur,
1641 2369 1691 2402 sed
1710 2370 1834 2402 haberet
1848 2370 1897 2410 Jus
1915 2379 1963 2402 re-

1103 2415 1238 2446 vocandi
1259 2415 1398 2447 domum.
1443 2413 1504 2445 Cui
1524 2411 1665 2445 Decreto
1681 2411 1827 2452 postridie
1851 2410 1882 2442 se
1906 2420 1963 2452 op-

1103 2456 1273 2497 posuerunt
1302 2454 1474 2494 Hollandi,
1498 2453 1549 2486 sed
1569 2452 1599 2486 se
1624 2450 1799 2493 opposuisse
1819 2451 1964 2484 contenti

1104 2497 1289 2530 sententiam
1306 2496 1389 2530 suam
1406 2505 1470 2528 non
1490 2493 1655 2535 explicant.
1755 2533 1761 2539 ·
1789 2533 1794 2539 ¹

1146 2538 1358 2580 Quaerendum
1378 2537 1474 2579 igitur
1496 2535 1561 2572 est,
1584 2533 1657 2580 quid
1685 2533 1854 2580 Ordinibus
1881 2532 1962 2575 Hol-v

1104 2581 1216 2613 landiae
1232 2580 1320 2612 vario
1340 2586 1482 2620 tempore
1499 2575 1621 2607 sederit.
1661 2573 1713 2606 De
1730 2574 1850 2607 delictis
1865 2574 1895 2607 in
1911 2574 1960 2608 of-

1102 2621 1177 2654 ficio
1187 2645 1197 2661 ‚
1221 2621 1295 2662 quid
1309 2629 1389 2652 anno
1408 2621 1496 2660 1637.
1507 2614 1684 2647 censuerint
1698 2639 1706 2653 ,
1720 2615 1761 2647 fic
1770 2615 1810 2661 sic
1826 2624 1961 2657 expone-

1103 2663 1184 2696 bam.
1227 2661 1287 2694 Sed
1314 2670 1352 2694 an
1373 2658 1493 2700 semper
1517 2656 1623 2688 eadem
1647 2654 1802 2688 sententia
1828 2656 1870 2689 usi
1893 2655 1961 2690 fue-

1103 2703 1183 2743 rint,
1207 2702 1290 2734 disce
1305 2711 1346 2733 ex
1361 2698 1566 2742 sequentibus,
1611 2698 1709 2736 Sane,
1727 2697 1749 2729 si
1761 2705 1875 2744 putes,
1888 2697 1963 2739 hos,

1103 2744 1143 2776 de
1161 2743 1272 2786 quibus
1289 2743 1425 2784 agimus,
1449 2739 1624 2780 Delegatos
1642 2748 1705 2771 non
1726 2747 1838 2770 minori
1852 2738 1964 2779 Jureac

1103 2785 1177 2816 loco
1193 2783 1271 2822 esse,
1295 2791 1389 2824 quam
1406 2781 1477 2814 sunt
1492 2779 1629 2812 Nobiles
1655 2787 1709 2811 aut
1731 2777 1876 2825 Delegati
1901 2779 1960 2812 Ur-

1102 2825 1188 2857 bium
1213 2824 1249 2855 ad
1277 2823 1415 2856 Comitia
1437 2821 1592 2853 Ordinum
1615 2819 1816 2859 Hollandiae,
1841 2828 1881 2852 ex
1901 2819 1965 2854 De.

1100 2867 1196 2900 cretis
1217 2864 1386 2898 eorundem
1404 2863 1561 2897 Ordinum
1581 2872 1613 2902 4.
1640 2861 1712 2894 Otr.
1739 2864 1828 2900 1588.
1853 2860 1959 2944 &12³

1222 2998 1281 3026 Van
1296 2996 1326 3025 de
1344 2993 1470 3034 Arreston
1490 2995 1523 3024 C.
1543 3003 1572 3030 4.
1591 3001 1620 3023 n.
1641 3001 1688 3022 20.
1708 2990 1745 3027 δ’
1765 3000 1812 3022 21.

1220 3035 1261 3063 En
1269 3034 1318 3074 son
1333 3036 1418 3064 Amba
1443 3034 1523 3063 adeur
1539 3032 1573 3062 T.
1591 3033 1615 3061 1.
1634 3031 1664 3060 C.
1686 3039 1713 3060 2.
1731 3033 1759 3059 in
1767 3030 1821 3067 fin.

1223 3074 1269 3102 Aa
1289 3073 1320 3102 T.
1343 3082 1369 3102 2.
1418 3095 1423 3102 .
1445 3073 1475 3100 de
1490 3072 1572 3109 injus
1585 3069 1696 3099 vocando
1710 3078 1736 3098 n.
1757 3077 1805 3104 44.
1922 3098 1924 3103 ,

1218 3114 1346 3141 Aitzema
1364 3110 1508 3149 Historiar.
1530 3109 1566 3138 L.
1587 3109 1679 3138 xvii.
1700 3117 1728 3145 p.
1747 3109 1892 3143 625-635.
1918 3111 1920 3113 '

1220 3150 1312 3188 Confil.
1333 3150 1407 3179 Han.
1432 3149 1464 3178 T.
1485 3150 1522 3177 V.
1543 3146 1636 3185 Consti.
1659 3153 1723 3181 117.

1158 3189 1214 3227 10)
1234 3190 1305 3220 Bort
1323 3197 1376 3219 van
1390 3188 1422 3218 de
1435 3184 1565 3225 Arrqsten
1581 3186 1615 3216 C.
1635 3193 1664 3222 4.
1683 3192 1711 3215 n.
1730 3191 1777 3214 22.
1797 3182 1825 3214 ᾱ
1844 3188 1890 3220 23.

1184 2996 1202 3186 &uk-dvm&
