2008 3436
165 116 245 157 DE
292 107 749 155 AUCTonmus
805 106 1688 153 AUTHENTICARUM‚C.1V.V.

41 207 200 234 hunnum
214 225 223 240 ,
249 200 278 232 δε
299 207 368 239 quoe
392 195 569 238 sequuntur.
615 189 668 223 Sic
691 187 839 233 habemus
857 195 903 219 te-

40 243 101 276 stes
117 243 216 281 duos,
238 241 298 273 fide
314 248 381 272 mea
405 238 435 269 δε
460 244 512 267 tua
537 234 668 274 dignos,
692 238 787 261 unum
805 228 902 260 idem-

41 293 103 326 que
119 284 314 316 adfirmantes
331 303 342 318 ,
371 278 445 321 quid
470 275 643 308 haesitamus
670 270 796 316 porro?
820 270 862 316 At
880 270 902 302 fi

40 325 180 358 nondum
199 323 270 356 satis
285 321 331 354 est
348 343 360 360 ,
393 317 524 351 observa
537 323 658 347 mecum
679 313 709 345 ot
730 311 814 343 aliud
834 313 900 359 len-

41 367 151 398 teritiae
168 364 280 398 nostra:
292 361 467 405 praesidium
486 359 516 390 in
530 355 660 403 [Laut-h.
681 396 686 400 ι
707 351 778 392 Nzfi
792 358 901 399 rogati.

38 408 157 439 etenim
184 417 220 439 ca
238 430 247 445 ‚
280 400 541 446 quemadmodum
561 407 594 430 m
616 395 704 428 libris
720 393 903 441 uulgari-ibus

38 448 182 480 occurrit
201 472 210 487 ,
241 447 299 479 alia
326 443 371 477 est
393 444 424 475 δε
448 441 675 513 Ιειῑίοτ,ὢιιιῃ
691 435 754 468 fuit
771 435 903 474 lrneru,

38 490 100 522 alia
120 490 150 521 ἃ
175 487 332 531 angustior
352 508 363 524 ,
393 491 484 525 quam
510 481 559 513 ΑΖ
641 503 651 518 ,
676 485 771 520 prout
788 485 902 508 utram-

65 540 103 562 ue
127 531 256 562 exhibet
277 527 345 559 dic't.
366 527 519 558 Comment.
544 522 582 552 all
598 521 619 552 l.
639 524 670 553 6.
687 520 717 552 C.
729 520 767 550 acl
793 518 903 550 Sciam

40 541 166 605 ffnheu,
190 570 265 603 Non
283 568 359 600 libet
376 567 512 598 invicem
529 561 696 601 conferre,
722 562 752 592 ἃ
772 561 902 592 authen-

38 614 132 651 ticae‚
168 621 214 644 ter
241 607 356 642 reeusae
377 631 387 647 ‚
419 604 613 638 differentias
631 611 761 649 notarc3
783 602 875 648 erede
891 625 901 641 ‚

36 653 60 687 fi
79 654 149 694 vis,
170 651 310 693 alioquin
328 648 391 691 ipse
417 648 499 679 vide.
546 646 848 690 Apparet-interim,
872 653 901 674 a·

35 695 98 728 deo
121 703 229 726 verum
258 691 320 723 ell'e
336 714 345 730 ‚
378 699 442 722 non
466 698 584 726 unum,
614 686 750 718 Lucium
773 684 902 716 Titium

35 743 130 780 puta,
153 733 343 767 authenticis
356 729 584 772 componendis
609 726 777 773 ssuduill'e,
797 734 833 757 ut
851 725 902 757 vel

35 778 110 816 uni,
135 784 171 809 ut
188 784 272 808 nunc
288 774 333 807 est
342 796 355 813 ‚
376 771 566 805 fabricandae
587 777 649 801 tres
666 768 780 800 d1ver11
798 767 903 799 admo-

35 818 142 850 verint
157 827 277 850 manus.
895 850 901 856 ,

78 859 249 900 Subjieiam
273 857 375 890 adhue
400 856 457 888 tria
488 855 556 887 loca
580 853 717 899 ejusdem
735 850 902 884 Alexandri

38 901 70 934 in
84 903 142 933 eod.
171 900 327 932 Commeat.
354 899 466 931 Azouis
488 898 526 928 acl
545 896 611 927 Coti.
658 894 779 926 Primus
798 891 843 924 est
865 893 903 923 ad

36 943 56 974 l.
86 952 112 975 1.
136 943 169 974 de
196 939 291 982 Consi.
311 947 414 982 pecua.
441 940 473 971 in
496 938 577 969 auth.
624 936 657 967 Si
674 936 799 981 qima-cio..
842 934 901 984 Re-

35 983 101 1016 fert
121 983 186 1023 ibi,
219 983 431 1015 authenticam
455 980 563 1016 illam,
587 976 667 1023 *satis
684 976 822 1022 hodie-in
839 975 901 1020 Lo-

35 1025 161 1058 dicibus
185 1023 299 1057 nostris
323 1023 478 1064 prolixam
495 1043 505 1058 ,
548 1019 626 1050 olim
656 1015 830 1048 constitisse
856 1016 903 1061 his

35 1067 162 1108 paucis:
185 1066 241 1098 Sed
256 1067 299 1096 ita
316 1070 429 1096 tenetur
447 1062 510 1103 quis
526 1084 535 1099 ‚
561 1058 589 1098 st
603 1056 798 1104 constituendo
810 1063 901 1104 perdo-

35 1108 147 1139 naliter
161 1130 172 1146 ‚
205 1108 238 1138 de
257 1106 292 1147 st'
312 1105 466 1146 promittat
487 1113 496 1133 :
528 1102 658 1142 alioquin
675 1099 904 1140 impeiyoizalzter

34 1146 171 1191 loqumdo
189 1158 246 1180 non
264 1148 418 1189 obligatur.
443 1152 521 1175 mox
537 1142 640 1174 addit:
667 1141 716 1173 Ita
735 1139 901 1188 imperfecte

31 1190 367 1232 ponebatur„¹'‘ec1aizdwn
395 1185 527 1218 Veteres.
583 1183 639 1215 Sed
666 1184 796 1213 donnum
825 1191 902 1212 wreus

31 1231 148 1273 plenius
165 1233 293 1272 appare-'t
305 1229 348 1269 fi¹⁷
363 1229 493 1260 authent.
538 1226 573 1258 St
592 1233 740 1266 QUANDO
761 1232 901 1264 Amqms

35 1282 101 1305 mo
120 1281 169 1304 se.
216 1272 257 1305 Et
276 1272 319 1303 ita
334 1270 481 1310 deinceps
498 1266 679 1308 exsequitur
689 1264 902 1296 authenticam

32 1313 165 1352 eodem,
188 1323 251 1355 quo
278 1323 335 1346 nos
361 1311 508 1343 habemus
528 1334 536 1348 ‚
562 1306 677 1354 modo:
702 1305 757 1338 nili
774 1305 860 1348 quod
875 1315 902 1336 a·

33 1355 120 1397 liqua
139 1356 206 1396 ejus
221 1355 358 1396 capitula
381 1352 433 1384 seu
458 1351 661 1384 sentent1olas
679 1350 761 1387 ῧςερφ
778 1347 902 1387 again&

33 1396 204 1437 descriptas
223 1397 317 1428 liceat
333 1393 590 1427 animadvertere.
782 1432 789 1438 ι

79 1438 239 1470 Secundus
259 1438 348 1469 locus
365 1434 410 1468 cst
425 1435 462 1467 ad
486 1435 506 1466 l.
527 1443 573 1466 10.
599 1434 632 1464 de
650 1432 760 1464 Hoeret.
780 1442 812 1464 in
822 1431 901 1464 auth.

56 1481 120 1511 dem
135 1478 186 1520 est.
232 1479 377 1511 Dominus
391 1487 486 1514 meus,
511 1475 635 1516 inquit,
658 1477 761 1513 addit,
786 1483 829 1506 Ex
847 1482 905 1505 ΤΕ-

35 1530 226 1553 sTAMENTo
245 1530 310 1552 ver.
333 1530 374 1552 Λη
395 1526 615 1555 ιΝΤΕεΤΑτο,
628 1515 706 1556 ficut
733 1514 773 1557 er
794 1517 827 1547 in
842 1524 900 1546 cor-

30 1569 99 1604 pore
115 1569 247 1594 autorem.
273 1563 304 1594 ἃ.
320 1561 382 1593 hoc
397 1561 570 1592 etiamnum
589 1558 631 1590 ibi
651 1560 816 1599 reperitur.

78 1603 210 1636 Tertius
226 1602 272 1636 est
296 1604 333 1635 ad
362 1603 383 1635 l.
406 1602 531 1643 Jadrces
552 1609 598 1641 17.
619 1599 738 1640 <vulgo
759 1604 806 1634 18.
832 1609 900 1641 pro-

33 1653 106 1688 pter
121 1647 300 1688 adoptatam
316 1655 334 1676 e
351 1643 474 1675 Graecis
496 1643 516 1674 l.
544 1641 614 1683 16.)
635 1643 668 1673 de
689 1639 899 1682 Fid.instrum.

33 1689 66 1720 in
84 1690 164 1718 autb.
191 1687 280 1729 Apud
302 1683 579 1727 Eloquentiffimum.
609 1682 660 1714 ubi
692 1681 795 1715 rursus
821 1683 902 1715 idem

35 1725 214 1761 Alexander
235 1739 244 1761 t
276 1727 345 1760 Fuit
368 1730 412 1759 ita
429 1727 508 1758 auth.
518 1726 679 1767 secundum
695 1725 838 1757 Veteres:
859 1733 903 1756 ET

34 1779 109 1802 cUM
131 1779 190 1802 Res
211 1776 622 1808 ExEGER1T‚T0RMENT1s
638 1775 900 1808 SUBJICIUNTUR.

34 1806 92 1843 Sed
107 1810 252 1843 Dominus
268 1821 344 1843 meus
368 1809 478 1852 (Azo)
510 1809 638 1851 adjecit.-
660 1817 710 1839 sle
733 1817 900 1840 TsssrrMo-

33 1861 104 1885 Nus
123 1862 265 1894 QUIDEM
291 1862 366 1885 NON
396 1860 532 1890 EmTrs,
563 1859 626 1882 sED
643 1858 783 1888 GESTIS,
806 1849 836 1881 &
859 1848 900 1881 fic

34 1902 142 1936 porro.
186 1894 304 1927 Verum
331 1893 409 1926 illud
435 1892 576 1930 ἵμςλκμα,
600 1890 671 1931 vei,
696 1889 717 1922 fi
733 1891 850 1929 mavis,
876 1891 898 1919 ἐ-

34 1934 153 1970 ae'tcmmu
168 1946 186 1967 a
201 1935 427 1977 posterioribus
443 1933 639 1975 repudiatum
654 1933 691 1965 fit
704 1931 827 1964 necesse
844 1931 901 1971 est,

58 1986 131 2009 uum
154 1976 335 2009 authentica
355 2001 365 2017 ,
394 1984 430 2007 ut
457 1985 540 2007 nunc
562 1975 697 2016 legitur,
722 1972 902 2005 absolvatur

34 1985 202 2051 Fecundum
230 2019 386 2056 Veteres,
416 2024 452 2048 ut
475 2017 518 2048 ait
539 2017 602 2048 ille.
647 2015 730 2047 Haec
748 2023 853 2047 autem
869 2024 902 2046 o-

34 2060 118 2092 mnia
134 2066 319 2101 argumento
340 2058 411 2092 sunt
427 2058 499 2090 satis
526 2055 713 2095 manifesto,
736 2056 854 2097 primos
869 2056 903 2088 in

36 2099 212 2133 Occidente
232 2101 421 2143 Interpretes
434 2099 645 2140 porfflinmm,
679 2098 733 2129 ubi
751 2096 856 2130 visum
873 2106 904 2128 e-

35 2149 104 2180 rat,
135 2141 174 2173 de
197 2152 285 2174 novo
310 2141 507 2174 authenticas
528 2138 711 2181 adfignaffe,
734 2139 806 2178 vel,
828 2139 902 2171 dum

36 2182 112 2214 alias
135 2183 267 2215 aliorum
290 2182 435 2225 legebant
451 2206 462 2222 ‚
497 2181 733 2218 describebant,
752 2180 901 2212 discutie-

37 2222 132 2262 bant,
157 2224 332 2262 mutuasse,
349 2225 421 2262 vel,
444 2223 528 2264 quod
546 2223 665 2255 fastum
681 2221 726 2253 est
748 2221 900 2260 crebrius,

36 2264 75 2296 de
98 2263 154 2296 suo
176 2265 249 2305 quid
265 2265 422 2297 adnotass'e
444 2265 482 2296 ad
502 2263 727 2305 supplendum,
751 2264 838 2304 quod
855 2263 901 2294 vi-

35 2305 166 2337 debatur
186 2305 308 2346 deell'e,
341 2314 434 2347 atque
448 2305 510 2337 hoc
536 2306 589 2336 vel
606 2304 754 2344 servasse,
781 2305 832 2336 vel
849 2304 899 2336 de-

35 2356 102 2378 nuo
118 2346 270 2379 sustulisse
285 2357 342 2389 pro
359 2347 490 2379 arbitrio
508 2347 537 2378 ὅ(
554 2346 678 2384 lubitu,
699 2347 751 2387 qui
770 2346 900 2378 authen-

37 2387 110 2420 ticis
121 2412 130 2428 ‚
157 2397 191 2419 ut
206 2388 300 2420 hodie
318 2386 604 2426 circumferuntur,
615 2387 759 2419 ultimam
775 2397 900 2419 manum

35 2429 179 2461 adhibuit
196 2430 454 2461 adhibueruntve.

80 2470 168 2509 Una,
194 2481 264 2511 quae
288 2471 406 2502 moveri
425 2470 549 2512 posset,
582 2469 719 2510 objettio
735 2480 899 2503 removen-

37 2510 85 2543 da.
129 2511 380 2544 Prael'uuiendum
399 2513 548 2544 videlicet
566 2522 630 2544 non
646 2509 726 2551 effe,
747 2523 822 2552 eos,
846 2513 899 2554 qui

39 2552 232 2585 authenticas
251 2552 419 2595 scripsere,
451 2553 504 2585 has
531 2553 629 2595 ipsas,
652 2554 714 2586 hoe
730 2553 776 2586 est
783 2576 796 2593 ‚
820 2553 850 2586 se
873 2554 897 2585 i-

1766 120 1806 158 JK

947 186 1019 230 psos
1048 187 1308 229 interpretaturos
1332 187 1402 220 effe.
1455 189 1575 231 Atquin
1604 191 1748 231 conflat,
1773 191 1812 223 Ir‹

946 229 1067 262 nerium
1077 253 1087 268 ,
1100 229 1241 261 Azonem
1258 232 1288 261 ot
1303 229 1499 269 Mai-tinum,
1521 231 1721 273 triumviros,
1736 242 1816 276 quos

945 271 1006 311 jam
1034 270 1238 311 probavimus
1259 270 1512 303 authenticarum
1539 275 1764 313 compositioni
1782 285 1802 306 0

946 320 1091 353 peratos,
1115 313 1195 353 apud
1214 311 1394 344 Aeeta-num
1423 313 1452 344 ἃ
1469 313 1542 344 alibi
1558 313 1662 354 pallini
1681 315 1815 357 disputa⁴⁴

945 363 978 385 re
994 353 1032 384 de
1049 362 1154 384 earum
1175 352 1346 391 sententia,
1370 358 1521 393 ὲηκλεχιᾳ
1549 365 1622 386 cum
1651 357 1719 397 lege
1736 368 1813 398 prae-

946 394 1091 433 cedenti,
1124 394 1152 426 ἃ
1165 418 1174 433 ,
1209 395 1293 436 quod
1310 395 1406 436 magis
1423 395 1487 434 est,
1508 396 1548 427 de
1562 395 1626 437 ipsa
1645 399 1814 430 verborum

947 435 1185 478 fignificat-ione.
1236 435 1287 468 De
1311 436 1430 468 Irnerio
1455 436 1619 469 testabitur
1644 439 1708 480 ipse
1733 439 1817 470 lrnc-

947 478 1011 509 rius
1028 477 1059 509 in
1079 477 1216 517 Summa,
1238 488 1307 519 qua:
1332 478 1399 519 ejus
1426 477 1493 518 est,
1512 480 1594 521 apud
1612 479 1754 512 Azoncm
1776 482 1814 511 ad

951 518 1010 550 Tit.
1024 518 1066 559 ff.
1083 520 1117 550 cle
1136 519 1239 551 Bonor.
1263 519 1369 561 PQfflff
1398 526 1500 552 contra
1517 523 1576 553 tab.
1593 527 1680 562 prope
1694 520 1752 561 sin.
1779 530 1813 553 ut

946 560 976 592 &
997 559 1107 592 Gloss'a
1130 560 1162 592 in
1191 561 1271 592 auth.
1296 561 1331 596 ἑὲ)
1354 564 1434 594 verb.
1490 561 1719 603 Adstriptz'tios,
1746 562 1813 595 sub-

945 602 1016 641 ject.
1048 602 1069 633 l.
1092 611 1144 643 37.
1179 603 1211 634 C.
1238 604 1272 634 de
1297 601 1397 644 Epist.
1421 603 1457 639 ὅ)
1484 604 1591 636 Οίενὶε.
1620 605 1650 636 &
1674 605 1706 636 in
1730 605 1812 636 auth.

945 643 1130 685 Presbyterus
1151 666 1161 682 ,
1195 643 1272 675 verb
1337 645 1370 676 Si
1387 647 1446 688 quis
1477 653 1591 686 alitem,
1617 645 1695 686 subj.
1720 646 1740 677 l.
1759 655 1813 686 52.

949 684 981 715 C.
1001 687 1058 716 eod.
1085 685 1137 716 nbi
1156 686 1184 717 ὃ(
1202 685 1240 716 de
1261 686 1369 718 Azone
1387 696 1475 729 patet
1489 688 1569 719 idem
1583 712 1592 727 ,
1613 685 1814 729 quemadmo-

946 725 1019 757 dum
1037 727 1067 758 δι
1084 726 1116 758 in
1136 726 1247 758 Gioll'a
1265 728 1301 758 ad
1320 730 1402 761 auch.
1417 729 1612 769 Licenzz'am,
1633 728 1709 770 subj.
1728 729 1749 760 l.
1761 738 1814 770 34.

946 767 977 798 in
995 767 1081 799 verb.
1103 770 1262 809 probatus,
1286 770 1317 800 C.
1336 772 1394 802 eod.
1414 772 1444 802 ὅ(
1459 771 1497 802 dc
1514 771 1700 803 Martinoin
1710 769 1813 801 Glonl

947 808 985 840 ad
1011 811 1092 841 auth.
1108 810 1164 851 sed
1209 810 1313 850 Jmlex
1331 834 1342 850 ,
1363 811 1457 853 Asuhj.
1492 813 1511 844 l.
1532 823 1562 853 7.
1582 811 1754 853 propofitis,
1780 812 1814 842 C.

945 851 1005 882 eod.
1050 850 1202 892 Nunquid
1220 852 1315 892 igitur
1341 852 1386 885 cst
1406 853 1591 894 probabile,
1617 864 1691 887 cos,
1714 854 1765 894 qui
1785 854 1816 884 οἳ.

945 892 1011 931 ibi,
1035 892 1065 924 δ(
1091 893 1163 924 alibi
1196 892 1306 933 llepius
1330 895 1528 927 authenticas
1544 891 1729 938 exponunt,
1750 903 1813 925 cas-

944 934 1015 965 dem
1030 934 1125 965 etiam
1143 933 1316 975 scripliil'e?
1337 935 1423 967 ldem
1441 937 1536 994 q'umi
1555 937 1656 978 poll'ct
1673 937 1711 967 de
1726 936 1816 977 Joan-

946 985 1002 1014 ne,
1032 975 1193 1016 Rogo-io,
1225 976 1362 1018 Bulgaro
1389 978 1419 1008 ἃ
1446 976 1655 1017 llacentino,
1677 980 1728 1018 qui
1748 977 1815 1008 sor²

948 1026 1016 1048 tean
1043 1016 1164 1057 (neque
1184 1017 1267 1048 enim
1280 1041 1289 1056 ,
1313 1028 1386 1050 cum
1403 1019 1505 1051 adhue
1523 1018 1648 1061 quidem
1664 1019 1741 1051 mihi
1761 1028 1817 1050 ex·

947 1056 1044 1099 pressa
1054 1057 1181 1089 deficiat
1199 1060 1387 1099 auctoritas,
1418 1060 1496 1092 illud
1522 1071 1580 1102 pro
1598 1068 1688 1092 certo
1708 1060 1816 1092 obtru-

947 1099 1058 1132 serim)
1081 1099 1273 1132 authenticis
1302 1110 1374 1132 com
1400 1101 1512 1133 ilaudis
1537 1112 1624 1143 aeque
1642 1110 1813 1140 vacarunt,

945 1151 982 1174 ac
1001 1141 1039 1173 iis
1056 1139 1251 1182 explicandis
1268 1142 1347 1183 apud
1394 1142 1515 1174 rlossam
1535 1144 1566 1175 in
1583 1145 1611 1174 cl.
1632 1146 1712 1175 azotu.
1760 1143 1813 1183 Li-

944 1184 1090 1221 centiam,
1117 1182 1154 1218 &³
1177 1183 1258 1215 auth.
1308 1184 1341 1215 St
1364 1194 1434 1226 quas
1452 1186 1570 1224 ruinas,
1594 1186 1626 1216 in
1644 1186 1730 1216 veru.
1757 1193 1812 1215 ter-

943 1226 1018 1256 tiam
1028 1229 1165 1265 partem,
1191 1224 1223 1256 C.
1242 1226 1275 1256 [le
1297 1226 1352 1258 SS.
1374 1226 1487 1268 Eccles.
1511 1227 1663 1268 aliisque,
1686 1235 1817 1267 quasre-

943 1265 1027 1298 ferre
1045 1266 1175 1307 longum
1188 1265 1274 1299 effet.

988 1307 1031 1340 At
1057 1317 1242 1349 quamquam
1269 1309 1331 1340 hoe
1355 1307 1392 1342 fit
1421 1317 1542 1344 certum
1560 1334 1571 1350 ,
1602 1311 1684 1352 &ea
1700 1309 1816 1352 praeter

946 1358 1069 1382 certum
1088 1348 1165 1395 ess'et
1182 1349 1288 1391 (quod
1307 1359 1411 1384 tamen
1426 1362 1489 1385 non
1505 1352 1570 1394 est)
1592 1352 1742 1385 Irnerium
1761 1351 1817 1383 vel

946 1401 1040 1433 quem
1057 1390 1153 1422 alium
1173 1391 1210 1422 ad
1229 1391 1309 1424 hanc
1337 1392 1453 1434 ipsam,
1483 1395 1573 1435 cujus
1594 1395 1703 1426 auctor
1720 1392 1816 1433 esset,

946 1432 1160 1465 authenticam
1187 1433 1323 1466 exal-affe
1349 1443 1441 1467 notas
1465 1437 1516 1468 vel
1546 1435 1679 1478 glossas,
1712 1444 1746 1467 ut
1763 1445 1815 1478 col-

947 1484 1017 1507 rum
1035 1473 1136 1505 verbo
1153 1482 1242 1515 utar,
1267 1475 1347 1508 nihil
1365 1477 1436 1509 inde
1453 1478 1571 1510 efficies
1590 1477 1627 1509 ad
1644 1476 1818 1509 subruenda

944 1526 979 1548 ea
989 1539 1000 1555 ,
1023 1525 1091 1557 quae
1109 1524 1167 1557 pro
1183 1515 1304 1560 Irnerio
1320 1519 1486 1560 operisque
1497 1518 1696 1552 consortibus
1713 1518 1815 1560 dispu-

944 1566 1008 1590 tata
1027 1558 1108 1590 sunt.
1152 1556 1307 1599 Equidem
1328 1569 1393 1592 non
1413 1561 1513 1602 ideo,
1529 1561 1613 1603 quod
1622 1570 1740 1593 novum
1749 1570 1816 1593 non

944 1600 1001 1639 fit,
1027 1597 1173 1640 seipsum
1191 1602 1461 1634 commentatione
1485 1603 1606 1644 aliqua,
1631 1602 1684 1634 vel
1707 1602 1816 1640 notis,

944 1642 1045 1674 aliave
1066 1642 1178 1677 ἑξηνήνᾴ
1195 1640 1369 1683 illustrare,
1391 1651 1426 1675 ut
1441 1642 1584 1677 adsolent
1601 1644 1746 1676 nonnulli
1769 1652 1814 1675 te-

946 1683 1132 1722 nebriones,
1167 1681 1219 1714 sed
1244 1684 1329 1724 quod
1353 1684 1448 1726 prisci
1465 1686 1511 1718 illi
1528 1687 1640 1718 heroes
1658 1685 1816 1727 authenti-2

945 1735 1019 1763 cas,
1049 1734 1114 1756 non
1141 1721 1194 1755 seu
1218 1722 1270 1756 sua
1297 1735 1413 1767 opera,
1448 1736 1480 1767 at
1496 1729 1587 1761 velut
1604 1726 1818 1759 Novellarum

945 1765 1164 1809 portiunculas
1182 1765 1384 1808 interpretati
1405 1767 1495 1801 sunt:
1519 1778 1612 1811 atque
1629 1767 1707 1800 adeo
1724 1768 1815 1800 diffe-

945 1815 1076 1840 ruerunt
1099 1806 1138 1838 de
1164 1805 1319 1840 sententia
1335 1809 1412 1850 juris
1429 1811 1528 1852 novi,
1553 1812 1592 1843 de
1608 1810 1785 1842 mutatione
1802 1834 1815 1850 ‚

944 1859 1013 1891 quae
1031 1859 1086 1891 per
1111 1858 1178 1880 eam
1204 1848 1267 1890 legi
1286 1849 1437 1891 CodiciS,
1460 1853 1510 1884 cui
1532 1852 1740 1891 subdebatur,
1763 1862 1814 1884 ac-

945 1891 1084 1931 ciderat,
1108 1891 1146 1922 de
1163 1890 1284 1931 vei-bn,
1307 1902 1366 1933 qua
1383 1903 1423 1925 ex
1441 1895 1562 1935 vulgari
1580 1894 1747 1926 tralatione
1762 1894 1814 1927 de.-

944 1932 1095 1974 sumptis,
1119 1941 1181 1964 non
1202 1941 1262 1973 qua
1279 1932 1348 1965 suis.
1374 1933 1457 1967 Nam
1468 1936 1554 1976 quod
1571 1935 1721 1968 Alberico
1730 1934 1815 1968 Gen-

946 1975 994 2007 tili
1012 1974 1097 2006 sedet
1116 1973 1148 2006 in
1172 1973 1290 2015 Daspuz.
1309 1976 1342 2006 de
1362 1976 1448 2008 Libr.
1460 1977 1532 2017 Jur.
1553 1978 1644 2009 civil.
1670 1978 1740 2018 Cap.
1753 1977 1809 2009 VI.

945 2015 1142 2048 authenticas
1157 2016 1194 2046 ab
1209 2016 1265 2057 z'psb
1284 2016 1397 2049 [merto
1405 2018 1511 2059 factas
1525 2019 1675 2058 Latinas,
1698 2028 1755 2050 non
1764 2029 1814 2050 ασ-

944 2064 1042 2098 ceptas
1065 2058 1098 2088 de
1124 2059 1218 2088 veteri
1242 2057 1388 2098 vei-stone,
1410 2069 1513 2101 neque
1530 2061 1631 2092 adhuc
1651 2060 1728 2092 mihi
1748 2060 1812 2101 pla-

945 2108 1016 2130 cere
1034 2097 1139 2140 potest
1151 2121 1161 2137 ,
1187 2099 1263 2143 licet
1288 2100 1435 2141 Cujacius
1457 2102 1519 2134 hoc
1536 2111 1599 2134 uno
1617 2103 1692 2134 loco
1709 2101 1814 2134 videa-

945 2149 997 2172 tur
1013 2140 1146 2181 probare
1161 2139 1198 2186 acl
1224 2141 1254 2172 C.
1273 2151 1325 2180 50.
1348 2141 1498 2175 Deci-etat.
1515 2145 1548 2175 de
1566 2143 1720 2184 Appellat.
1744 2142 1812 2175 No-

942 2182 965 2215 li
983 2181 1147 2220 dubitare,
1167 2181 1229 2213 dici
1247 2181 1308 2214 hoc
1324 2184 1441 2226 gratis,
1461 2184 1699 2227 digreffionibus
1710 2183 1815 2219 tamer}

943 2223 1159 2265 supersedebo.
1203 2222 1249 2255 Ut
1267 2224 1304 2255 ad
1321 2226 1452 2258 Veteres
1475 2236 1634 2266 revertar,
1660 2227 1721 2260 hoc
1741 2225 1814 2258 satis

943 2265 1060 2305 claret,
1083 2275 1138 2297 eos
1153 2273 1217 2297 non
1232 2263 1284 2305 se,
1303 2265 1354 2299 sed
1378 2267 1455 2307 juris
1470 2269 1547 2300 novi
1567 2271 1696 2307 πεςιοχιὲς
1714 2277 1813 2307 expo-

943 2315 1027 2339 nere.
1070 2307 1124 2339 Sin
1140 2313 1244 2338 autem
1259 2308 1298 2339 de
1314 2309 1421 2341 verbis
1446 2308 1595 2350 sensuque
1612 2310 1696 2350 eJus,
1718 2309 1771 2350 qui
1790 2309 1815 2340 i-

943 2347 996 2390 pse
1022 2347 1236 2380 authenticam
1263 2351 1414 2391 concepit
1430 2374 1440 2390 ‚
1475 2347 1697 2392 Gloll‘ographi
1716 2349 1814 2382 disce-

943 2398 1035 2431 ptent
1057 2389 1162 2430 (quod
1178 2398 1325 2432 perraro,
1349 2392 1400 2423 sed
1416 2400 1520 2424 tamen
1543 2392 1598 2433 fit)
1621 2391 1765 2423 videmus
1782 2391 1813 2423 id

943 2430 1060 2463 fastum
1083 2431 1121 2462 ab
1147 2430 1297 2476 licem-[io
1321 2433 1525 2474 plerumque,
1560 2433 1614 2474 qui
1632 2433 1741 2474 utique
1760 2431 1813 2464 sua

943 2482 1006 2505 non
1023 2473 1201 2513 explicuit3
1224 2474 1275 2505 vel
1290 2473 1311 2505 fi
1329 2474 1367 2517 ab
1390 2475 1605 2515 antiquiorum
1633 2474 1761 2515 aliquo,
1784 2474 1811 2511 is

942 2522 1029 2546 certe
1052 2515 1137 2545 illius
1168 2514 1358 2550 authenticae
1382 2516 1491 2547 auctor
1508 2525 1567 2547 nec
1587 2515 1651 2554 est,
1674 2525 1732 2548 nec
1748 2514 1810 2547 esse

941 2555 1136 2597 probabitur.
1182 2555 1291 2596 thue
1306 2555 1350 2588 ita
1366 2556 1446 2590 nihil
1465 2557 1579 2590 obstet.

669 2653 1028 2689 CAPUT
1131 2654 1179 2690 V.

66 2744 217 2792 Miscella
242 2747 379 2793 quoedam
403 2747 595 2793 verostmIlia
627 2750 661 2783 in
698 2749 826 2786 eandem
852 2750 1073 2786 Sententiam:
1100 2748 1141 2790 ὃ)
1161 2753 1321 2797 peroratio
1346 2764 1470 2796 eorum,
1498 2761 1564 2799 quae
1588 2751 1671 2788 α’ίὲἶα
1686 2751 1781 2797 fimt.

44 2845 108 2926 Si
135 2844 210 2885 quid
236 2842 307 2874 heic
335 2844 458 2877 valeant
478 2845 512 2873 m*
539 2846 664 2886 πειθαιὸ,
697 2845 898 2879 fortiffimuffl

45 2889 52 2896 ‘
123 2884 284 2917 sententiae
301 2884 413 2917 nostrae
429 2895 642 2926 argumentum
662 2889 705 2919 est
718 2912 729 2928 ‚
751 2889 835 2930 quod
855 2888 898 2920 fa-

43 2935 110 2959 tum
132 2926 380 2958 authenticarum
403 2925 500 2959 fuerit
531 2930 650 2962 varium
681 2931 711 2962 ἃ
740 2930 900 2962 'mutabile

42 2967 162 3009 semper
182 2989 192 3005 ,
220 2967 334 3007 loquor
356 2967 394 2998 de
421 2968 542 3001 incerto
558 2980 662 3003 earum
678 2981 827 3010 numero,
851 2971 897 3004 in-

43 3018 130 3040 certa
145 3007 214 3039 sede
224 3030 236 3046 ,
247 3008 367 3039 incerta
380 3008 523 3042 lectione.
546 3010 597 3043 De
609 3022 740 3044 numero
750 3021 784 3044 ut
796 3013 898 3044 dicam

43 3046 184 3091 prius‚is
201 3049 384 3080 omnimodo
401 3048 455 3081 fibi
474 3053 613 3084 constare
631 3052 801 3092 censendus
810 3053 899 3093 esset,

33 3090 322 3124 ssauthenticarum
339 3099 418 3131 opus
439 3092 528 3124 unius
546 3092 631 3125 foret
641 3094 899 3134 hominisznunc,

45 3132 118 3173 quia
133 3132 291 3163 variorum
307 3131 371 3169 eil,
393 3131 458 3173 ipse
473 3142 598 3175 quoque
622 3136 736 3168 varius.
780 3136 900 3169 Evenit

45 3181 195 3212 namque,
223 3172 253 3204 δε
279 3175 405 3205 evenire
430 3174 584 3207 necessum
599 3174 663 3207 fuit
675 3201 685 3215 ‚
707 3185 743 3208 ut
762 3187 829 3209 earn
846 3188 898 3210 au-

44 3214 238 3252 thenticam,
259 3223 369 3255 quam,
393 3214 478 3247 verbi
497 3216 596 3257 gratia
613 3217 693 3257 juris
713 3217 855 3260 magister
872 3229 902 3252 a·

942 2848 1037 2889 liquis
1055 2858 1163 2880 recens
1182 2848 1295 2880 Codici
1316 2848 1504 2888 inseruerat,
1534 2849 1614 2880 alius
1631 2849 1726 2881 aliive
1742 2853 1807 2882 non

941 2890 1112 2929 haberent3
1138 2890 1201 2922 illis
1223 2890 1346 2922 scilicet
1374 2890 1566 2921 authenticae
1583 2899 1677 2922 novae
1696 2891 1805 2922 dunta-

941 2939 996 2963 xat
1013 2931 1239 2972 participibus,
1262 2932 1315 2972 qui
1332 2930 1485 2962 Codicem
1496 2931 1580 2962 illius
1594 2931 1807 2964 additorisde»

941 2972 1128 3013 scripiissent
1139 2996 1148 3011 ‚
1172 2973 1224 3004 vel
1241 2973 1427 3013 quibuscum
1453 2973 1478 3003 is
1495 2972 1765 3004 communicasset.

984 3014 1071 3046 Hine
1089 3013 1290 3054 repetendum
1307 3019 1406 3054 puto,
1429 3013 1514 3054 quod
1536 3013 1669 3053 joannes
1687 3014 1724 3045 ad
1742 3014 1805 3045 Col-

941 3056 995 3087 lat.
1024 3054 1110 3086 Vlll.
1144 3053 1264 3094 Constit.
1297 3063 1343 3085 11.
1378 3053 1516 3092 referat,
1546 3055 1695 3095 quosdam
1714 3065 1754 3087 ex
1771 3065 1808 3087 ca

941 3096 1155 3128 authenticam
1174 3094 1287 3126 locass'e
1303 3095 1333 3125 in
1352 3095 1383 3126 C.
1399 3101 1431 3126 ut
1449 3091 1499 3126 lite
1512 3097 1599 3136 pend.
1624 3105 1694 3136 quae
1705 3104 1806 3128 tamen

942 3137 1036 3170 hodie
1058 3135 1197 3177 nuspiam
1223 3144 1369 3177 apparet3
1403 3137 1433 3168 dt
1448 3136 1530 3167 reue
1544 3138 1587 3168 ait
1603 3137 1669 3176 ibi,
1691 3139 1808 3180 quidam

943 3180 1049 3211 hahent
1072 3177 1127 3217 (ut
1143 3177 1281 3209 diximus
1314 3178 1386 3217 Cap.
1413 3177 1474 3218 ll.)
1498 3179 1571 3218 quia
1586 3188 1653 3210 eam
1673 3189 1737 3212 non
1755 3180 1805 3211 ha-

943 3219 1043 3253 buiss'e
1063 3217 1260 3252 existimandi
1290 3217 1380 3259 sunt,
1413 3220 1466 3260 qui
1485 3229 1525 3251 ex
1544 3218 1598 3252 suo
1617 3220 1700 3252 libro
1717 3221 1808 3292 uolgi:
1846 3231 1851 3234 ·
