2008 3436
434 114 836 153 coithtri
907 122 1014 148 vin
1087 109 1685 149 BYNKERSHOEK
1979 95 1998 164 «51

815 200 979 233 antequam
1010 191 1038 223 ei
1075 192 1212 232 formulae
1237 192 1350 232 cuique
1373 191 1552 224 conti-astus
1574 192 1695 233 judicio
1718 193 1855 234 propriae
1871 218 1882 235 ‚
1910 198 1940 234 ἃ
1988 208 1999 227 <1

180 122 227 164 46

179 206 247 229 tum
275 197 352 229 illud
374 198 570 229 incontinenti
601 196 738 236 requirat
759 217 769 233 ,

177 237 394 280 praescribatur
411 261 422 277 ,
452 239 489 270 ad
512 237 653 270 nauseam
672 237 745 268 Di).
772 235 941 275 disputant.
987 233 1040 263 Vi-

181 280 241 317 de,
263 281 315 320 qui
333 280 584 317 tumultuentur,
609 279 688 320 apud
701 276 885 308 Goeddeum
901 276 934 306 de
947 280 1038 305 contr.

179 320 216 355 ἐπ’)
241 330 339 352 comm.
360 319 464 361 stipiti.
501 322 532 352 C.
554 320 608 352 IV.
634 319 662 361 §.
685 328 731 358 15e
758 319 788 349 ἅ
805 317 898 357 longa
917 315 1040 356 sequen-

180 362 261 393 tium
288 361 389 393 serie:
421 371 457 394 ut
482 363 512 394 ὅ(
536 361 638 402 pailim
664 360 701 391 ad
730 360 749 390 l.
781 357 891 395 Lecta,
914 357 944 388 ἃ
967 357 987 387 l.
1009 365 1038 396 7.

179 402 206 443 ᾗ.
228 412 258 443 5.
278 403 318 444 ff.
344 405 376 434 de
395 403 474 444 ραὲἲ.
520 403 582 434 Res
607 401 772 433 secundum
799 409 858 436 ea,
874 407 949 444 'quae
970 406 1040 437 pro-

176 453 357 484 ponuntur,
382 445 508 476 videtur
526 442 737 482 dijudicanda3
762 440 814 471 hic
830 448 935 484 enim,
960 439 980 470 li
996 438 1039 484 ul-

181 485 257 523 libi,
288 494 372 516 certa
396 495 493 526 eaque
512 483 693 515 universalis
709 481 852 512 definitio
870 479 945 510 eslet
961 488 1039 519 per1-

178 525 285 558 culosa
300 547 311 565 ,
349 536 448 557 aarum
477 534 611 562 namque
634 523 697 562 est,
722 522 796 563 quin
814 531 871 562 pro
889 520 1041 551 varietate

177 568 316 599 materiae
349 568 475 607 ubjeelae
493 566 631 597 subverti
651 563 760 604 possit,
787 570 822 593 ut
836 561 977 602 Jaboleni
996 560 1040 593 ef-

177 608 279 640 fatum
295 610 326 640 in
360 609 380 640 l.
401 618 472 639 202.
499 607 539 648 ff.
571 607 603 636 de
626 606 666 637 R.
691 604 728 644 J.
752 603 822 635 heic
837 603 1038 647 applicemus.

177 649 262 681 Alibi
280 649 479 690 protenditur
499 648 535 678 ad
553 648 675 687 aliquot
693 647 784 676 horas
796 668 805 683 ,
837 644 911 675 alibi
929 643 965 674 ad
985 643 1039 674 ali-

176 700 257 729 quoc
275 691 358 728 dies,
382 689 456 721 alibi
477 689 513 720 ad
533 687 672 725 menses,
696 688 794 718 immo
814 685 844 717 &
860 685 897 716 ad
914 693 1039 715 annum.

176 732 237 762 Sed
262 731 300 762 de
327 731 376 762 his
404 739 494 771 agere
524 729 601 761 nihil
617 729 741 760 attinet.
796 725 848 757 De
862 725 898 762 τῷ
917 726 1040 756 inconti-

175 774 262 803 nenti
275 794 286 810 ‚
316 771 401 813 quod
424 771 461 802 ad
481 770 559 811 pasti
584 769 809 814 adjestionem,
831 766 972 798 constare
987 775 1040 811 pos

177 813 253 844 terit
282 822 322 844 ex
347 813 386 844 iis
404 833 415 849 ,
446 821 516 853 quae
542 811 704 842 diximus:
735 818 881 841 minirum
908 807 1039 839 concedi

166 853 300 895 spatium
316 854 455 895 quoddam
473 854 628 892 temporis,
649 861 701 882 nec
718 851 887 888 minimum,
911 859 962 879 nec
979 858 1038 879 nia-

176 896 307 926 ximum.-
330 894 365 929 &⁹
380 895 451 935 qnod
471 895 568 936 magis
583 892 733 924 intellecffin
744 892 876 932 percipi,
900 899 985 931 quam
1003 899 1039 920 ex

177 937 317 968 locutione
348 936 472 975 exprimi
492 932 584 975 potest
601 958 611 974 ,
649 943 684 965 ut
700 934 874 973 eleganter,
898 931 1040 976 quamvis

176 978 210 1049 ilii
234 987 267 1008 re
292 976 425 1009 diffimili
443 999 454 1015 ,
484 976 624 1016 Julianus
649 975 693 1007 ait
715 975 747 1006 in
771 974 790 1004 l.
818 983 864 1015 13.
885 973 926 1014 ff.
951 973 1038 1013 deso-

193 1024 234 1050 ut.

221 1059 338 1099 Pacta,
366 1059 411 1091 ita
434 1058 655 1091 excontinenti
679 1057 779 1094 faeta,
803 1056 837 1087 B.
858 1055 892 1087 F.
916 1053 1041 1095 judiciis

178 1099 295 1133 insunt.
341 1100 397 1133 Est
423 1109 527 1132 autem
553 1099 637 1140 ineffe
660 1099 711 1130 hic
728 1097 805 1130 nihil
824 1096 927 1133 aliud,
950 1104 1041 1139 quam

178 1142 330 1174 contractu
354 1143 518 1179 contineri,
549 1141 639 1173 ficuti
662 1139 848 1181 Papinianus
871 1138 933 1168 hoc
951 1135 1042 1166 estert

178 1183 213 1215 in
246 1183 267 1215 l.
291 1192 343 1224 72.
370 1183 410 1224 ff.
439 1184 473 1214 de
503 1188 594 1213 contr.
627 1187 712 1221 einpt.
748 1179 783 1214 ὃ
803 1180 890 1210 vend.
937 1177 1042 1217 Atque

179 1225 254 1259 hinc
280 1224 375 1256 facile
396 1223 528 1264 colligas
552 1222 744 1254 arffiffimam
770 1221 941 1257 unionem,
971 1227 1042 1263 quae

179 1266 272 1297 bonae
300 1265 373 1297 fidei
404 1264 579 1296 contractui
604 1262 772 1295 intercedit
797 1270 870 1291 cum
900 1259 1043 1303 pachon—e

179 1306 393 1338 incontinenti
414 1305 557 1346 sequuta:
581 1305 699 1335 etenim
718 1303 739 1335 fi
764 1301 927 1333 contractu
944 1306 1044 1345 conti-

180 1354 309 1386 neatur,
334 1347 393 1379 erit
411 1347 477 1386 ejus
494 1346 575 1386 quafi
593 1354 662 1384 pars
678 1344 838 1384 quaedain,
871 1351 934 1373 non
953 1341 1044 1386 aliter

183 1387 378 1420 defendenda
394 1411 404 1428 ,
437 1396 473 1418 ac
498 1385 692 1423 conventiO,
727 1385 758 1415 in
779 1393 839 1425 qua
852 1383 921 1423 jus,
947 1388 983 1413 ut
1001 1388 1046 1412 lta

182 1430 303 1468 dicam,
327 1429 419 1469 ipsius
443 1426 622 1459 cono-astus
646 1425 839 1457 continetur.
883 1423 970 1456 Hinc
987 1422 1043 1454 Ul-

181 1471 291 1517 pianus
310 1469 418 1510 pasta,
441 1478 510 1509 quae
529 1468 572 1499 ita
594 1466 806 1499 contraffibus
824 1467 1044 1500 imnumgvm.

183 1512 215 1545 ld
232 1509 295 1549 est,
329 1510 383 1551 (ut
407 1509 597 1541 vocabulum
623 1507 774 1549 sequioris
801 1508 862 1540 aevi
883 1505 1046 1548 usurpem)

183 1554 405 1592 incorporantur
423 1574 433 1590 ‚
464 1550 591 1583 eosdem
618 1549 697 1580 dicit
709 1549 842 1589 formare
864 1548 897 1580 in
918 1549 945 1579 d.
970 1548 990 1578 l.
1015 1556 1045 1588 7.

183 1592 267 1635 §.⁷5.
292 1593 323 1625 &
351 1592 508 1634 reformare
539 1592 572 1625 in
605 1591 632 1634 §.
650 1593 680 1622 6.
703 1600 768 1623 non
784 1590 911 1632 quidem
925 1589 1048 1621 ratione

808 1686 1163 1725 CAPUT

1082 242 1137 273 per
1161 233 1364 273 adjectionem
1392 233 1472 274 pasti
1498 233 1654 265 mutandae
1673 256 1684 272 ,
1721 242 1757 265 ut
1782 234 1940 280 subtilius,
1984 229 2006 267 μ’.

1083 283 1175 315 quarn
1195 275 1300 305 verius
1309 274 1462 313 formandi
1477 274 1608 306 verbum
1625 275 1750 316 accepit
1762 275 1937 317 Eguin.Ba-

1083 324 1120 346 ro
1137 315 1167 345 in
1190 316 1347 346 Continent.
1363 316 1400 346 ad
1415 317 1443 346 d.
1470 314 1499 356 §·.
1530 315 1590 347 Sed
1611 316 1643 347 in
1665 316 1844 349 universum
1859 322 1940 360 quod

1082 355 1119 387 ad
1137 356 1345 390 mutationem
1362 355 1475 388 formae
1486 380 1495 395 ,
1520 356 1584 388 five
1600 355 1716 395 status,
1739 357 1770 389 in
1786 367 1850 399 quo
1864 369 1941 402 erat,

1082 396 1203 437 prioris.
1250 396 1440 437 HuJ'usmodi
1461 398 1545 429 enim
1565 397 1668 438 pastio
1685 398 1878 432 contractum
1892 411 1941 436 au·
1994 399 1995 402 ’

1082 445 1155 484 get,
1178 438 1310 477 minuit,
1334 438 1435 469 eidem
1450 439 1544 480 Iegem
1560 440 1634 477 dat,
1656 446 1752 480 prout
1770 439 1861 473 estin
1876 443 1941 486 d.§.

1082 480 1209 519 quinimo
1225 488 1256 518 5.
1281 480 1329 517 ὥς,
1353 479 1500 521 quicquid
1517 480 1624 511 dicant
1648 479 1800 520 Veteres,
1821 482 1944 517 aetion&

1083 529 1147 550 non
1163 520 1221 551 alia
1236 520 1431 560 explicatur,
1455 527 1549 562 atque
1566 519 1630 562 ipse
1651 522 1840 556 conti-atius.
1862 524 1943 559 Har*

1083 561 1268 601 menopulus
1288 560 1326 591 de
1344 561 1456 602 Paeto,
1480 563 1565 604 quod
1579 561 1680 602 inest,
1714 563 1824 604 άμείέᾴ,
1851 571 1944 608 ηψπ,

1083 606 1234 635 mummi.
1258 600 1445 642 Justinianus
1464 606 1573 642 ιαωνίςᾋ
1591 604 1622 632 τὲ
1641 604 1849 642 ovm'mawzin
1859 607 1940 642 Nov.

1088 645 1156 683 136.
1192 642 1400 683 fignificanter
1424 644 1590 676 admodum
1608 668 1618 684 ,
1650 646 1697 677 uti
1713 646 1775 686 jam
1794 646 1942 688 Cujacius

1083 682 1264 714 observavit
1288 684 1320 715 in
1355 683 1510 717 Continent.
1540 685 1578 717 ad
1599 687 1628 718 d.
1653 686 1682 727 §.
1703 695 1734 726 5.
1780 688 1941 722 Accurfia-

1083 734 1130 755 nae
1149 723 1271 756 Scholae
1300 723 1466 756 sectatores
1488 726 1591 765 illam,
1621 737 1712 768 quain
1728 737 1865 770 vocant,
1885 737 1943 772 pa-

1083 764 1189 796 ἑῖονιιηι
1210 766 1408 795 cohaerentiam
1432 767 1622 807 lepidiffimis
1647 776 1683 799 ut
1700 769 1868 809 plurimum
1888 781 1944 804 exa

1082 806 1194 878 embplis
1209 805 1361 838 illustrare
1378 805 1449 838 sunt
1463 808 1588 840 conati:
1614 807 1685 848 sed,
1709 819 1749 841 ne
1763 811 1881 852 rideas,
1900 819 1944 845 ta·

1081 856 1118 878 ce
1142 857 1171 878 o.
1951 858 1958 863 “

1124 887 1200 919 Hoc
1218 897 1314 920 unum
1337 888 1443 921 addam
1460 913 1471 929 ,
1504 890 1592 930 pasta
1609 890 1728 932 adjecta
1743 892 1764 924 fi
1779 892 1890 934 insint,
1913 895 1947 930 ὅς

1082 939 1137 976 per
1161 929 1223 960 hoc
1250 930 1386 971 ejusdem
1415 930 1474 962 fint
1491 932 1658 971 efficaciae,
1681 930 1811 975 ac'ipfi,
1833 935 1958 976 quibus.

1081 977 1252 1011 junguntur
1263 993 1274 1009 ,
1296 972 1494 1011 contractus,
1517 972 1611 1004 etiam
1627 974 1738 1006 eodem
1755 975 1852 1008 modo
1869 986 1890 1008 o
1929 995 1942 1002 -

1082 1013 1160 1050 rari,
1185 1011 1258 1043 acii
1278 1013 1340 1044 alio
1359 1012 1462 1044 rursus
1478 1015 1642 1046 contractu
1670 1015 1714 1046 ita
1732 986 1944 1052 convenislffix

1083 1062 1178 1093 quum
1197 1051 1352 1093 posterior
1372 1054 1428 1085 ille
1446 1054 1631 1093 consensus,
1653 1056 1705 1095 qui
1725 1056 1770 1089 est
1787 1057 1820 1089 in
1828 1059 1944 1100 pactis,-

1083 1095 1312 1139 praecedentem
1330 1115 1340 1132 ,
1373 1094 1434 1134 jam
1458 1094 1534 1127 licet
1564 1095 1738 1137 perfeetum
1754 1118 1766 1137 ,
1793 1098 1950 1133 duntaxat:

1084 1135 1235 1180 Videatur·
1253 1135 1486 1167 consummass'e.
1538 1136 1639 1178 Igitur
1664 1139 1752 1170 aucta
1777 1139 1947 1182 obligatio*

1084 1185 1142 1214 ne,
1166 1175 1311 1214 dabitur,
1335 1175 1388 1207 seu
1404 1177 1591 1209 extendetur
1608 1179 1715 1219 potius
1735 1180 1818 1212 aetio
1836 1181 1874 1213 ad
1889 1191 1924 1215 ea
1935 1204 1949 1222 ,

1085 1225 1154 1256 quae
1179 1217 1210 1248 in
1234 1216 1358 1262 pactum
1382 1217 1511 1249 dedutta
1528 1218 1614 1250 sunt:
1640 1218 1759 1252 sublata
1774 1222 1827 1254 vel
1846 1223 1961 1256 minua>

1087 1265 1142 1295 ta,
1162 1266 1230 1288 eam
1254 1266 1361 1297 ejusve
1386 1265 1504 1298 partem
1526 1260 1621 1291 tollet
1639 1261 1799 1293 minuetve
1816 1262 1884 1304 ipso
1901 1265 1951 1305 J'u-

1086 1307 1120 1329 re
1143 1298 1267 1339 patrum
1291 1307 1494 1330 conventum.
1554 1299 1648 1332 Hanc
1671 1304 1704 1330 τε
1728 1303 1813 1344 ineffe
1836 1305 1951 1340 ’ἔμφασιν

1087 1348 1207 1380 partem
1231 1338 1384 1385 Ulpianus
1407 1338 1543 1372 ostendit
1570 1341 1602 1372 in
1632 1350 1806 1376 memorato
1838 1344 1950 1387 saepius

1087 1380 1116 1453 §i
1140 1390 1172 1421 5.
1205 1380 1235 1412 &
1260 1387 1355 1413 etiam
1387 1381 1407 1413 l.
1424 1384 1455 1413 6.
1479 1381 1500 1414 i.
1516 1390 1545 1422 7.
1564 1381 1607 1423 ff.
1627 1384 1660 1414 de
1672 1383 1753 1424 past.
1777 1394 1899 1426 partem
1914 1397 1949 1419 0-

1088 1422 1230 1454 1endent
1247 1431 1300 1461 ea,
1326 1431 1395 1462 quae
1412 1421 1557 1456 dicentur
1583 1423 1654 1465 Cap.
1680 1425 1720 1457 V.
1742 1435 1762 1457 a
1779 1429 1877 1467 princ.
1908 1428 1950 1460 E·

1086 1472 1156 1495 rant
1181 1463 1249 1495 haec
1271 1464 1490 1504 praemittenda
1509 1488 1519 1503 ‚
1553 1465 1626 1505 quia
1652 1466 1850 1509 philosophia
1874 1469 1951 1509 juris

1087 1504 1172 1536 circa
1187 1504 1275 1546 pacta
1293 1504 1427 1544 adjecta,
1452 1514 1511 1546 qua
1523 1506 1561 1537 de
1581 1506 1651 1547 Cap.
1663 1507 1726 1549 seq.
1751 1510 1903 1550 agendum
1918 1514 1957 1542 e-'

1088 1546 1147 1585 rit,
1174 1556 1239 1578 non
1257 1555 1364 1587 parum
1380 1546 1451 1577 inde
1475 1547 1598 1588 pendet.
1651 1549 1814 1582 Sufficiant
1830 1551 1897 1583 haec
1912 1550 1958 1584 de*

1090 1587 1123 1620 vi
1144 1588 1306 1628 utriusque
1320 1588 1445 1620 vocula:
1464 1589 1661 1622 incontinenti
1677 1590 1710 1623 ἃ.
1724 1591 1820 1634 ineffe.
1952 1595 1958 1600 ”

1263 1686 1323 1724 ΙΙ.

1954 1714 1968 1738 'r

423 1780 523 1817 Pana
538 1779 667 1828 stridis
685 1778 822 1827 judiciis
848 1778 972 1814 omnino
998 1788 1058 1813 non
1083 1776 1179 1826 imffe
1205 1788 1246 1812 ex
1271 1777 1395 1813 ratione
1414 1779 1504 1826 juris
1528 1780 1700 1817 evincitur.

275 1876 363 1908 {elui-i
385 1877 424 1910 de
446 1876 543 1909 stricti
569 1878 645 1917 juris
664 1875 896 1914 contraffibus,
919 1882 1047 1917 oportet

296 1917 444 1957 sciamus,
464 1919 544 1950 duos
563 1919 735 1956 duntaxat,
757 1917 935 1949 nominatos
957 1916 1047 1957 (nam

183 1962 223 1993 de
247 1960 448 1992 innominatis
472 1969 529 1991 cur
553 1969 616 1992 non
636 1969 780 2002 agamus,
804 1966 913 1999 putem
935 1958 993 1989 tibi
1010 1957 1046 1989 li-

182 2001 297 2042 quere)
320 2001 352 2032 in
373 1999 520 2032 universo
544 2000 613 2040 jure
637 2000 787 2042 reperiri,
812 1998 1047 2040 stipulationem

182 2043 359 2079 videlicet,
391 2042 420 2073 δε
445 2050 600 2073 mutuum.
644 2042 822 2081 Utrumque
851 2040 1047 2072 contrastum

182 2083 245 2115 effe
272 2082 367 2117 striCti
392 2083 468 2122 juris
485 2104 496 2120 ,
530 2082 583 2114 vel
607 2084 684 2114 novi
707 2081 886 2122 Justinianei
906 2088 1045 2112 norunt:

182 2124 316 2165 denique
333 2123 386 2154 vel
402 2122 526 2163 plures,
549 2124 601 2155 vel
617 2123 780 2165 pauciores
794 2121 909 2153 frustra
928 2121 1025 2162 quaeri
1036 2144 1046 2160 ‚

182 2174 232 2197 res
262 2173 350 2205 aeque
376 2171 462 2195 certa
487 2163 543 2195 est.
588 2163 697 2205 Itaque
720 2164 758 2195 de
782 2162 955 2194 rationibus
972 2162 1048 2201 juris

181 2206 215 2238 in
236 2213 388 2246 utroque,
414 2214 507 2246 quem
523 2204 680 2244 diximus,
700 2203 864 2236 conti-astu
883 2202 985 2235 obviis
1001 2203 1046 2234 di-

181 2247 315 2278 cendum
342 2244 403 2277 est:
435 2245 465 2277 &
483 2245 608 2286 quidem
634 2247 696 2285 ita,
721 2254 757 2277 ut
772 2245 905 2285 primum
924 2253 1045 2275 commn-

184 2289 237 2319 nia
254 2288 401 2328 utriusque
414 2287 525 2329 judicii
545 2287 760 2325 excutiamus,
785 2286 847 2317 hoc
864 2284 927 2324 est,
952 2285 1046 2316 ratio-

182 2338 237 2361 nes
254 2328 285 2360 in
302 2327 501 2369 stipulatione
520 2328 550 2360 ὅ(
565 2335 677 2360 mutuo
696 2328 816 2359 virtute
834 2325 947 2367 aequali
964 2325 1046 2357 mili-

185 2378 312 2401 tantes:
344 2368 415 2400 dein
437 2378 488 2400 eas
510 2370 703 2410 applicemus
729 2378 787 2410 pro
806 2366 927 2399 diversa
945 2366 1045 2407 cujus-

184 2420 244 2452 que
261 2410 439 2441 contratftus
457 2417 574 2442 natura.

227 2451 258 2483 Si
285 2451 474 2491 praejudiciis
503 2451 683 2483 certandum
700 2450 805 2489 foret,
828 2450 936 2491 utique
951 2458 1047 2491 penes

183 2502 242 2525 nos
261 2492 338 2523 effet
357 2491 500 2524 vietoria.
546 2492 638 2524 Enim
656 2502 734 2524 vero
752 2491 949 2523 contrastum
964 2491 998 2523 B.
1011 2490 1044 2522 F.

186 2542 283 2574 quum
309 2533 367 2561 zar*
391 2534 481 2569 ἐξοχὴν
496 2532 598 2564 >fidem
614 2533 744 2572 bonam,
769 2533 798 2564 ὃς
816 2532 1048 2575 simplicitatem

183 2573 357 2605 naturalem
377 2572 499 2613 sapiunt
532 2574 614 2614 (quo
639 2575 678 2606 de
698 2573 845 2614 Cujacius
864 2574 934 2604 Lib.
958 2572 1045 2604 VIII.

188 2614 310 2655 Observ.
337 2615 369 2646 C.
397 2613 465 2654 10.)
488 2615 658 2647 etiamnum
685 2615 716 2646 in
739 2616 811 2654 Jure
830 2613 929 2646 Civili
944 2614 1048 2646 laxior

184 2655 216 2687 &
233 2655 379 2696 pinguior
407 2653 452 2685 est
475 2655 618 2693 indoles,
642 2655 673 2686 in
689 2655 727 2686 iis
742 2654 952 2695 potiffimum,
976 2665 1047 2695 quae

182 2705 272 2727 mero
288 2697 356 2735 Jure
372 2693 414 2726 G.
431 2694 582 2726 nituntur.
627 2695 716 2727 Adeo
736 2704 770 2727 ut
787 2705 878 2727 aurea
893 2695 973 2735 Juris
983 2695 1046 2728 Na-

184 2743 264 2768 turae
279 2736 405 2778 regula,
429 2736 473 2767 nil
491 2735 541 2776 effie
559 2743 619 2767 rain
636 2746 686 2768 con
711 2746 793 2767 rnnin
809 2736 940 2767 hnmanae
951 2735 1023 2774 fidei
1034 2761 1045 2776 ,

187 2788 272 2819 qnam
294 2788 329 2809 ea
357 2786 416 2818 quae
441 2778 520 2808 inter
546 2777 652 2808 Partes
664 2783 685 2816 p
700 2782 857 2814 acuerunt,
890 2778 1045 2809 omnimodo

177 2821 320 2859 jer-vore,
342 2828 359 2850 a
374 2818 525 2852 Romanis
543 2817 816 2858 Legumlatoribus
834 2817 865 2848 in
883 2817 946 2848 illis
962 2818 1044 2857 post-

187 2860 311 2891 liminio
330 2859 475 2891 videatur
490 2858 623 2890 rediista.
652 2858 744 2890 Unde
761 2859 793 2890 in
809 2857 856 2889 his
873 2857 964 2889 libera
976 2882 985 2897 ,
1010 2859 1045 2894 ἐξ

186 2901 277 2931 nullis
302 2898 456 2941 consti-ikia
480 2900 608 2931 vinculis
627 2901 739 2942 judicis
758 2900 861 2941 religio
876 2920 887 2936 ,
918 2907 953 2930 ut
969 2900 1044 2931 alibi

186 2942 319 2973 Seneca:
345 2942 515 2972 tantundem
530 2941 633 2972 valens
685 2946 824 2982 qnantum
840 2941 871 2970 in
879 2938 1045 2980 stipulatio-

188 2992 224 3012 ne
251 2983 424 3013 nominatim
448 2983 509 3023 ejus
531 2984 572 3013 rei·
591 2965 680 3022 fagia
702 2982 910 3024 interrogatio,
944 2981 1047 3021 inquit

163 3028 165 3030 ’
186 3023 298 3067 lsai-„ilus
318 3022 422 3054 noster
441 3023 471 3054 in
491 3023 510 3054 i.
527 3032 555 3063 7.
570 3023 611 3064 ff.
634 3025 667 3054 de
692 3028 789 3065 negot.
812 3020 883 3065 gest.
928 3021 1045 3053 Extor-

186 3063 223 3094 iit
241 3063 318 3094 hanc
336 3063 626 3102 interpretationem
649 3064 812 3105 benignam
842 3062 958 3094 summa
977 3063 1045 3102 vis,

188 3111 258 3142 qua:
286 3103 364 3135 inest
387 3104 543 3142 arbitriis,
574 3107 605 3137 in
636 3106 747 3146 quibus·
774 3104 913 3143 additur,
938 3102 1045 3143 exfide

187 3145 258 3173 hona
278 3155 287 3174 :
322 3154 390 3176 nam
414 3146 485 3184 jiclei
507 3147 582 3177 hone
606 3156 708 3177 nomen
741 3155 860 3176 manare
884 3144 1015 3186 latzffiine
1032 3169 1042 3184 ,

186 3182 326 3228 Quintus
351 3186 491 3232 Scaevola
512 3208 522 3223 ‚
551 3186 669 3219 Pontis.
687 3188 778 3221 Max.
796 3185 906 3222 dixiss‘e
922 3187 1042 3227 fertur,

1089 1873 1168 1906 ficut
1186 1873 1272 1906 testis
1287 1883 1323 1905 ea
1339 1873 1369 1905 in
1385 1884 1419 1921 re
1436 1874 1480 1907 est
1495 1876 1626 1909 Tullius
1641 1879 1676 1909 cie
1694 1875 1780 1919 Offic.
1803 1876 1875 1909 Lib.
1892 1871 1949 1910 m.

1091 1916 1122 1947 C.
1149 1925 1194 1956 17.
1217 1957 1223 1962 ⁸
1252 1915 1359 1960 Quare
1385 1916 1481 1957 igitur
1498 1918 1535 1950 iis
1552 1918 1644 1950 infint
1660 1919 1768 1960 patra,
1793 1927 1858 1950 non
1882 1917 1949 1957 est,

1090 1958 1175 1998 quod
1183 1966 1341 1989 nnremur.
1366 1956 1487 1989 Contra
1498 1959 1529 1990 in
1541 1959 1616 1999 juris
1628 1958 1722 1991 stricti
1737 1959 1952 1992 contractibus

1090 1999 1188 2038 major
1206 1997 1252 2029 est
1266 1997 1381 2035 οἷν-ριέεα
1392 2022 1402 2037 ,
1435 1999 1540 2030 omnia
1567 2001 1663 2042 magis
1678 2000 1759 2032 arista
1778 2001 1808 2032 &
1825 1999 1927 2032 stricta
1940 2023 1951 2035 .

1090 2039 1238 2079 quoniam
1256 2038 1336 2079 Juris
1354 2039 1468 2071 Civilis
1483 2041 1597 2081 regulae
1608 2063 1620 2080 ,
1642 2050 1810 2082 earumque
1824 2041 1950 2081 rigor-in

1090 2079 1175 2111 hisce
1194 2083 1355 2111 dromonum
1372 2079 1440 2112 fere
1456 2089 1585 2121 regnat,
1609 2089 1644 2112 ut
1659 2089 1735 2122 pote
1750 2083 1803 2124 qui
1824 2083 1878 2123 ipsi
1888 2081 1954 2114 for-

1090 2121 1183 2152 mulis
1204 2120 1272 2160 jure
1299 2121 1436 2161 positivo
1456 2121 1590 2153 induetis
1613 2131 1784 2164 reguntur,
1809 2123 1839 2155 &
1856 2133 1952 2164 angu·

1091 2161 1144 2193 stis
1164 2162 1412 2193 conventionum
1430 2160 1660 2203 adstringuntur
1684 2164 1818 2204 placitis.
1865 2163 1959 2210 Qua->

1089 2210 1218 2244 propter
1236 2202 1273 2234 iis
1291 2212 1353 2234 non
1372 2203 1497 2234 inerunt
1512 2203 1598 2244 pasta
1608 2226 1618 2242 ,
1641 2206 1714 2246 quia
1729 2205 1778 2245 jus
1794 2205 1892 2238 civile
1909 2214 1959 2238 ex·

1089 2244 1180 2285 paeto
1200 2244 1286 2274 nudo
1310 2243 1388 2275 nihil
1413 2243 1544 2275 omnino
1569 2245 1734 2277 concedit:
1765 2246 1813 2286 jus
1834 2255 1949 2288 praeto-

1088 2285 1170 2316 rium
1192 2285 1412 2324 exceptionem
1439 2291 1573 2317 tantum.
1623 2285 1701 2318 Dixi
1726 2289 1820 2326 nudo,
1854 2297 1950 2329 quum

1088 2326 1178 2357 aliter
1201 2326 1317 2357 censeri
1346 2334 1479 2366 nequeat
1507 2326 1538 2357 in
1556 2328 1722 2359 conti-astu
1740 2327 1837 2360 stricti
1853 2329 1950 2370 juris,

1088 2374 1218 2408 propter
1235 2376 1290 2405 ea,
1313 2376 1381 2406 quae
1398 2367 1458 2407 jam
1475 2366 1535 2406 jam
1558 2367 1707 2400 dicemus.
1751 2369 1903 2410 Alioquin
1913 2379 1953 2403 an

1089 2408 1176 2449 pasta
1192 2408 1281 2440 bonae
1300 2408 1372 2439 fidei
1389 2407 1601 2440 conti-astibus
1615 2408 1750 2449 adjecta,
1773 2410 1855 2441 nuda
1873 2411 1954 2449 fint,

1089 2458 1127 2481 an
1145 2473 1156 2489 ,
1190 2456 1226 2480 ut
1250 2449 1423 2489 loquuntur
1441 2472 1451 2488 ,
1487 2448 1595 2490 vestita
1610 2473 1620 2489 ‚
1653 2451 1801 2489 λψμαχίω
1822 2450 1868 2483 est
1883 2474 1893 2491 ‚
1908 2450 1967 2484 ,ὅς’

1088 2498 1247 2532 praeterea.
1258 2490 1348 2522 nihil.

1130 2530 1162 2563 N
1167 2540 1226 2562 unc
1244 2531 1329 2572 quod
1345 2531 1497 2572 agendum
1515 2530 1577 2570 est,
1589 2540 1713 2572 agamus
1727 2532 1863 2574 preffius.
1889 2531 1948 2565 Di-

1089 2572 1192 2605 ximus
1205 2574 1237 2603 in
1251 2571 1308 2612 fin.
1333 2572 1400 2611 Cup.
1413 2578 1498 2612 praee.
1524 2572 1610 2613 pacta
1625 2594 1637 2610 ,
1669 2573 1816 2614 fiquidem
1834 2574 1950 2615 insint,

1089 2613 1141 2644 vel
1160 2613 1229 2645 data
1245 2613 1366 2644 actione
1384 2612 1524 2652 operari,
1549 2612 1600 2644 vel
1627 2612 1854 2655 obligationem
1871 2624 1949 2656 prae-

1090 2654 1173 2685 viam
1198 2652 1264 2694 ipso
1286 2654 1354 2693 jure
1378 2653 1491 2684 tollere
1507 2676 1516 2691 ,
1551 2653 1612 2685 five
1641 2655 1735 2686 etiam
1752 2655 1949 2698 restringere.

1090 2693 1146 2726 Nil
1170 2694 1281 2725 horum
1306 2692 1451 2734 praestare
1469 2693 1574 2734 pasta,
1600 2693 1710 2728 stristis
1727 2696 1844 2736 adjcfta
1872 2706 1950 2730 con*

1090 2735 1257 2772 tractibus,
1279 2735 1456 2773 videamus,
1494 2744 1532 2766 an
1552 2735 1676 2776 probari
1694 2737 1798 2778 poffit.
1843 2737 1964 2771 Primo-

1088 2784 1193 2807 autem
1208 2775 1373 2807 dicendum
1391 2775 1470 2812 erit,
1494 2785 1549 2807 cur
1568 2785 1608 2807 ex
1635 2784 1723 2814 parte
1748 2779 1869 2819 agentis
1885 2788 1961 2812 non·

1088 2816 1180 2848 insint
1206 2816 1225 2847 i.
1242 2825 1269 2847 e.
1292 2816 1328 2846 ad
1353 2815 1506 2847 actionem
1527 2817 1668 2857 prodess'e
1684 2827 1859 2860 nequeant,
1886 2827 1949 2852 tam

1087 2858 1119 2889 in
1137 2856 1354 2897 stipulatione,
1377 2865 1468 2896 quam
1486 2865 1613 2890 mutuo:
1631 2858 1796 2901 deinceps,
1817 2869 1874 2892 cur
1890 2870 1950 2893 nec

1089 2907 1129 2930 ex
1150 2907 1236 2939 parte
1254 2897 1307 2928 rei.
1332 2896 1407 2928 Non
1425 2896 1529 2929 insunt
1544 2908 1585 2930 cx
1608 2906 1694 2940 parte
1710 2901 1849 2942 agentis,
1894 2912 1949 2934 uo-

1089 2939 1170 2971 niam
1188 2939 1218 2970 in
1237 2937 1476 2970 iis'defideratur
1495 2939 1594 2980 illud,
1618 2941 1701 2981 quod
1718 2942 1840 2974 unicam
1853 2911 1948 2983 agio-

1089 2989 1160 3012 nem
1176 2979 1332 3019 producit.
1378 2979 1570 3020 stipulatio,
1594 2988 1628 3012 ut
1646 2982 1815 3022 novimus,
1844 2983 1948 3016 conci⁴

1089 3021 1174 3061 pitur
1190 3021 1295 3051 verbis
1312 3018 1520 3060 solemnibus,
1544 3030 1658 3063 praeter
1672 3022 1702 3054 ἀ
1717 3022 1806 3064 supra
1821 3023 1949 3057 consen-

1089 3061 1154 3093 sum
1171 3060 1356 3093 necessariis.
1410 3060 1507 3104 Quod
1531 3071 1636 3094 autem
1657 3063 1696 3094 de
1712 3071 1785 3096 toto
1801 3065 1962 3105 praedica-·

1089 3110 1158 3141 tur,
1189 3101 1266 3133 illud
1292 3102 1322 3134 &
1341 3102 1380 3133 de
1411 3103 1537 3144 singulis
1555 3103 1687 3136 universi
1707 3105 1864 3146 partibus,
1889 3115 1948 3148 pro

1086 3152 1190 3175 earum
1219 3150 1367 3184 portione
1382 3167 1392 3182 ,
1424 3143 1661 3186 intelligendum
1690 3144 1774 3184 ess'e,
1796 3147 1827 3179 ὅτ,
1845 3155 1951 3179 rerum

1085 3192 1194 3217 natura
1221 3184 1343 3224 docet,
1371 3186 1400 3217 ὁ(
1419 3183 1516 3225 Gajus
1538 3187 1571 3219 in
1594 3186 1613 3218 l.
1636 3195 1707 3230 1¹3·
1724 3187 1765 3230 ff.
1789 3189 1823 3221 a'e
1843 3188 1886 3220 R.
1906 3187 1963 3228 Js

1888 3228 1942 3261 Pa-
