<?xml version="1.0" encoding="UTF-8"?>
<!DOCTYPE html PUBLIC "-//W3C//DTD XHTML 1.0 Transitional//EN"
    "http://www.w3.org/TR/xhtml1/DTD/xhtml1-transitional.dtd">
<html xmlns="http://www.w3.org/1999/xhtml" xml:lang="en" lang="en">
 <head>
  <title>
</title>
<meta http-equiv="Content-Type" content="text/html;charset=utf-8" />
  <meta name='ocr-system' content='tesseract 3.04.00' />
  <meta name='ocr-capabilities' content='ocr_page ocr_carea ocr_par ocr_line ocrx_word'/>
</head>
<body>
  <div class='ocr_page' id='page_1' title='image "./corneliivanbynke00bijn_0718.png"; bbox 0 0 2008 3436; ppageno 0'>
   <div class='ocr_carea' id='block_1_1' title="bbox 463 114 863 152">
    <p class='ocr_par' dir='ltr' id='par_1_1' title="bbox 463 114 863 152">
     <span class='ocr_line' id='line_1_1' title="bbox 463 114 863 152; baseline 0 -2"><span class='ocrx_word' id='word_1_1' title='bbox 463 114 863 152; x_wconf 84' lang='lat' dir='ltr'>CORNELII</span> 
     </span>
    </p>
   </div>
   <div class='ocr_carea' id='block_1_2' title="bbox 215 190 1089 2950">
    <p class='ocr_par' dir='ltr' id='par_1_2' title="bbox 215 190 1079 645">
     <span class='ocr_line' id='line_1_2' title="bbox 215 190 1077 237; baseline 0.003 -16"><span class='ocrx_word' id='word_1_2' title='bbox 215 190 320 223; x_wconf 81' lang='lat' dir='ltr'><strong>versus</strong></span> <span class='ocrx_word' id='word_1_3' title='bbox 339 192 405 232; x_wconf 87' lang='lat' dir='ltr'><strong>ejus</strong></span> <span class='ocrx_word' id='word_1_4' title='bbox 425 193 590 233; x_wconf 86' lang='lat' dir='ltr'><strong>Praefides,</strong></span> <span class='ocrx_word' id='word_1_5' title='bbox 615 196 757 237; x_wconf 78' lang='lat' dir='ltr'><strong>quamvis</strong></span> <span class='ocrx_word' id='word_1_6' title='bbox 781 195 820 227; x_wconf 90' lang='lat' dir='ltr'><strong>ab</strong></span> <span class='ocrx_word' id='word_1_7' title='bbox 842 194 909 236; x_wconf 93' lang='lat' dir='ltr'><strong>ipso</strong></span> <span class='ocrx_word' id='word_1_8' title='bbox 927 193 1077 226; x_wconf 85' lang='lat' dir='ltr'><strong>constitu-</strong></span> 
     </span>
     <span class='ocr_line' id='line_1_3' title="bbox 217 233 1077 278; baseline 0.003 -16"><span class='ocrx_word' id='word_1_9' title='bbox 217 240 288 270; x_wconf 82' lang='lat' dir='ltr'><strong>tOS,</strong></span> <span class='ocrx_word' id='word_1_10' title='bbox 322 233 438 266; x_wconf 88' lang='lat' dir='ltr'><strong>bellum</strong></span> <span class='ocrx_word' id='word_1_11' title='bbox 464 245 591 277; x_wconf 86' lang='lat' dir='ltr'><strong>gerere,</strong></span> <span class='ocrx_word' id='word_1_12' title='bbox 615 238 698 278; x_wconf 84' lang='lat' dir='ltr'><strong>quod</strong></span> <span class='ocrx_word' id='word_1_13' title='bbox 719 237 807 277; x_wconf 90' lang='lat' dir='ltr'><strong>plura</strong></span> <span class='ocrx_word' id='word_1_14' title='bbox 831 235 886 267; x_wconf 90' lang='lat' dir='ltr'><strong>sub</strong></span> <span class='ocrx_word' id='word_1_15' title='bbox 915 235 1077 276; x_wconf 84' lang='lat' dir='ltr'><strong>Hispania-</strong></span> 
     </span>
     <span class='ocr_line' id='line_1_4' title="bbox 217 274 1077 318; baseline 0.005 -15"><span class='ocrx_word' id='word_1_16' title='bbox 217 282 285 304; x_wconf 88' lang='lat' dir='ltr'><strong>rum</strong></span> <span class='ocrx_word' id='word_1_17' title='bbox 312 274 447 313; x_wconf 71' lang='lat' dir='ltr'><strong>Regibus</strong></span> <span class='ocrx_word' id='word_1_18' title='bbox 467 277 621 309; x_wconf 86' lang='lat' dir='ltr'><strong>bellorum</strong></span> <span class='ocrx_word' id='word_1_19' title='bbox 644 277 798 309; x_wconf 80' lang='lat' dir='ltr'><strong>Civilium</strong></span> <span class='ocrx_word' id='word_1_20' title='bbox 817 278 958 318; x_wconf 85' lang='lat' dir='ltr'><strong>exempla</strong></span> <span class='ocrx_word' id='word_1_21' title='bbox 977 275 1077 308; x_wconf 82' lang='lat' dir='ltr'><strong>decla-</strong></span> 
     </span>
     <span class='ocr_line' id='line_1_5' title="bbox 218 316 1077 359; baseline 0.005 -16"><span class='ocrx_word' id='word_1_22' title='bbox 218 321 296 345; x_wconf 81' lang='lat' dir='ltr'><strong>rant.</strong></span> <span class='ocrx_word' id='word_1_23' title='bbox 342 316 435 348; x_wconf 82' lang='lat' dir='ltr'><strong>Anno</strong></span> <span class='ocrx_word' id='word_1_24' title='bbox 450 328 502 359; x_wconf 79' lang='lat'><strong>47.</strong></span> <span class='ocrx_word' id='word_1_25' title='bbox 523 318 637 350; x_wconf 83' lang='lat' dir='ltr'><strong>Saeculi</strong></span> <span class='ocrx_word' id='word_1_26' title='bbox 657 317 749 350; x_wconf 85' lang='lat' dir='ltr'><strong>XVI.</strong></span> <span class='ocrx_word' id='word_1_27' title='bbox 768 319 907 359; x_wconf 79' lang='lat' dir='ltr'>itemque</span> <span class='ocrx_word' id='word_1_28' title='bbox 923 327 1004 350; x_wconf 90' lang='lat' dir='ltr'><strong>anno</strong></span> <span class='ocrx_word' id='word_1_29' title='bbox 1025 326 1077 356; x_wconf 83' lang='lat'><strong>47.</strong></span> 
     </span>
     <span class='ocr_line' id='line_1_6' title="bbox 218 354 1076 400; baseline 0.001 -14"><span class='ocrx_word' id='word_1_30' title='bbox 218 354 332 400; x_wconf 58' lang='lat' dir='ltr'><strong>saeculi</strong></span> <span class='ocrx_word' id='word_1_31' title='bbox 356 357 461 391; x_wconf 80' lang='lat' dir='ltr'><strong>XVII.</strong></span> <span class='ocrx_word' id='word_1_32' title='bbox 486 359 732 400; x_wconf 80' lang='lat' dir='ltr'><strong>Neapolitanos,</strong></span> <span class='ocrx_word' id='word_1_33' title='bbox 766 358 849 390; x_wconf 86' lang='lat' dir='ltr'><strong>salva</strong></span> <span class='ocrx_word' id='word_1_34' title='bbox 872 368 942 400; x_wconf 90' lang='lat' dir='ltr'><strong>erga</strong></span> <span class='ocrx_word' id='word_1_35' title='bbox 967 357 1076 398; x_wconf 86' lang='lat' dir='ltr'><strong>Hispa-</strong></span> 
     </span>
     <span class='ocr_line' id='line_1_7' title="bbox 216 398 1079 441; baseline 0.005 -15"><span class='ocrx_word' id='word_1_36' title='bbox 216 405 335 428; x_wconf 85' lang='lat' dir='ltr'><strong>marum</strong></span> <span class='ocrx_word' id='word_1_37' title='bbox 360 398 461 440; x_wconf 76' lang='lat' dir='ltr'><strong>Reges</strong></span> <span class='ocrx_word' id='word_1_38' title='bbox 487 400 567 438; x_wconf 82' lang='lat' dir='ltr'><strong>fide,</strong></span> <span class='ocrx_word' id='word_1_39' title='bbox 599 400 744 431; x_wconf 87' lang='lat' dir='ltr'><strong>adversus</strong></span> <span class='ocrx_word' id='word_1_40' title='bbox 769 399 918 441; x_wconf 89' lang='lat' dir='ltr'><strong>Proreges</strong></span> <span class='ocrx_word' id='word_1_41' title='bbox 945 398 1036 437; x_wconf 89' lang='lat' dir='ltr'><strong>suos,</strong></span> <span class='ocrx_word' id='word_1_42' title='bbox 1060 407 1079 428; x_wconf 90' lang='lat' dir='ltr'><strong>a</strong></span> 
     </span>
     <span class='ocr_line' id='line_1_8' title="bbox 215 438 1077 482; baseline 0.001 -14"><span class='ocrx_word' id='word_1_43' title='bbox 215 440 329 477; x_wconf 67' lang='lat' dir='ltr'><strong>qur-us</strong></span> <span class='ocrx_word' id='word_1_44' title='bbox 348 439 396 478; x_wconf 89' lang='lat' dir='ltr'><strong>se,</strong></span> <span class='ocrx_word' id='word_1_45' title='bbox 424 449 457 472; x_wconf 91' lang='lat' dir='ltr'><strong>ut</strong></span> <span class='ocrx_word' id='word_1_46' title='bbox 476 451 492 472; x_wconf 87' lang='grc'><strong>3</strong></span> <span class='ocrx_word' id='word_1_47' title='bbox 510 440 777 472; x_wconf 79' lang='lat' dir='ltr'><strong>Gubernator-ibus</strong></span> <span class='ocrx_word' id='word_1_48' title='bbox 791 441 916 482; x_wconf 87' lang='lat' dir='ltr'><strong>Belgae,</strong></span> <span class='ocrx_word' id='word_1_49' title='bbox 943 438 1077 481; x_wconf 86' lang='lat' dir='ltr'>opprimi</span> 
     </span>
     <span class='ocr_line' id='line_1_9' title="bbox 216 480 1078 521; baseline 0.001 -12"><span class='ocrx_word' id='word_1_50' title='bbox 216 480 441 520; x_wconf 80' lang='lat' dir='ltr'><strong>querebantur,</strong></span> <span class='ocrx_word' id='word_1_51' title='bbox 466 491 549 513; x_wconf 83' lang='lat' dir='ltr'><strong>arma</strong></span> <span class='ocrx_word' id='word_1_52' title='bbox 571 481 726 521; x_wconf 75' lang='lat' dir='ltr'><strong>sumpsisse</strong></span> <span class='ocrx_word' id='word_1_53' title='bbox 751 481 890 520; x_wconf 87' lang='lat' dir='ltr'><strong>constat,</strong></span> <span class='ocrx_word' id='word_1_54' title='bbox 920 481 1078 512; x_wconf 88' lang='lat' dir='ltr'><strong>advocato</strong></span> 
     </span>
     <span class='ocr_line' id='line_1_10' title="bbox 215 519 1074 561; baseline 0.002 -12"><span class='ocrx_word' id='word_1_55' title='bbox 215 520 310 552; x_wconf 57' lang='lat' dir='ltr'><strong>etiarn</strong></span> <span class='ocrx_word' id='word_1_56' title='bbox 339 520 504 554; x_wconf 74' lang='lat' dir='ltr'>Gallorum</span> <span class='ocrx_word' id='word_1_57' title='bbox 520 545 531 561; x_wconf 95' lang='lat'><strong>,</strong></span> <span class='ocrx_word' id='word_1_58' title='bbox 563 522 627 553; x_wconf 84' lang='lat' dir='ltr'><strong>His</strong></span> <span class='ocrx_word' id='word_1_59' title='bbox 643 523 780 555; x_wconf 82' lang='lat' dir='ltr'><strong>aniarum</strong></span> <span class='ocrx_word' id='word_1_60' title='bbox 804 520 899 554; x_wconf 67' lang='lat' dir='ltr'><strong>Retris</strong></span> <span class='ocrx_word' id='word_1_61' title='bbox 922 519 1074 559; x_wconf 88' lang='lat' dir='ltr'><strong>hostium,</strong></span> 
     </span>
     <span class='ocr_line' id='line_1_11' title="bbox 217 546 1077 604; baseline 0.003 -14"><span class='ocrx_word' id='word_1_62' title='bbox 217 562 345 593; x_wconf 79' lang='lat' dir='ltr'><strong>auxilio.</strong></span> <span class='ocrx_word' id='word_1_63' title='bbox 391 562 504 604; x_wconf 82' lang='lat' dir='ltr'><strong>Neque</strong></span> <span class='ocrx_word' id='word_1_64' title='bbox 524 564 603 595; x_wconf 90' lang='lat' dir='ltr'><strong>alius</strong></span> <span class='ocrx_word' id='word_1_65' title='bbox 635 564 681 594; x_wconf 89' lang='lat' dir='ltr'><strong>uit</strong></span> <span class='ocrx_word' id='word_1_66' title='bbox 697 563 735 595; x_wconf 87' lang='lat' dir='ltr'><strong>ab</strong></span> <span class='ocrx_word' id='word_1_67' title='bbox 756 546 1077 595; x_wconf 49' lang='lat' dir='ltr'><strong>initioff&#39;vleffanorum</strong></span> 
     </span>
     <span class='ocr_line' id='line_1_12' title="bbox 217 604 1007 645; baseline 0.005 -14"><span class='ocrx_word' id='word_1_68' title='bbox 217 610 324 634; x_wconf 84' lang='lat' dir='ltr'><strong>motus</strong></span> <span class='ocrx_word' id='word_1_69' title='bbox 341 613 422 635; x_wconf 89' lang='lat' dir='ltr'><strong>anno</strong></span> <span class='ocrx_word' id='word_1_70' title='bbox 445 608 532 645; x_wconf 85' lang='lat'><strong>1675.</strong></span> <span class='ocrx_word' id='word_1_71' title='bbox 559 605 587 636; x_wconf 68' lang='grc' dir='ltr'><strong>ὅ(</strong></span> <span class='ocrx_word' id='word_1_72' title='bbox 603 612 692 637; x_wconf 87' lang='lat' dir='ltr'><strong>antea</strong></span> <span class='ocrx_word' id='word_1_73' title='bbox 706 604 1007 636; x_wconf 85' lang='lat' dir='ltr'><strong>Panormitanorum.</strong></span> 
     </span>
    </p>

    <p class='ocr_par' dir='ltr' id='par_1_3' title="bbox 215 642 1085 2162">
     <span class='ocr_line' id='line_1_13' title="bbox 261 642 1077 687; baseline 0.002 -13"><span class='ocrx_word' id='word_1_74' title='bbox 261 642 341 675; x_wconf 73' lang='lat' dir='ltr'><strong>H.ec</strong></span> <span class='ocrx_word' id='word_1_75' title='bbox 357 644 419 685; x_wconf 79' lang='lat' dir='ltr'><strong>ipsa</strong></span> <span class='ocrx_word' id='word_1_76' title='bbox 440 646 651 678; x_wconf 84' lang='lat' dir='ltr'><strong>controversia</strong></span> <span class='ocrx_word' id='word_1_77' title='bbox 663 655 722 684; x_wconf 70' lang='lat' dir='ltr'><strong>,ex</strong></span> <span class='ocrx_word' id='word_1_78' title='bbox 735 655 803 687; x_wconf 89' lang='lat' dir='ltr'><strong>quo</strong></span> <span class='ocrx_word' id='word_1_79' title='bbox 818 644 938 677; x_wconf 89' lang='lat' dir='ltr'><strong>scilicet</strong></span> <span class='ocrx_word' id='word_1_80' title='bbox 956 652 1077 685; x_wconf 83' lang='lat' dir='ltr'><strong>tempo-</strong></span> 
     </span>
     <span class='ocr_line' id='line_1_14' title="bbox 217 684 1076 727; baseline 0.003 -13"><span class='ocrx_word' id='word_1_81' title='bbox 217 692 252 714; x_wconf 82' lang='lat' dir='ltr'><strong>re</strong></span> <span class='ocrx_word' id='word_1_82' title='bbox 272 684 408 726; x_wconf 79' lang='lat' dir='ltr'><strong>Philippi</strong></span> <span class='ocrx_word' id='word_1_83' title='bbox 429 686 596 727; x_wconf 81' lang='lat' dir='ltr'><strong>Imperium</strong></span> <span class='ocrx_word' id='word_1_84' title='bbox 613 686 737 719; x_wconf 76' lang='lat' dir='ltr'><strong>cess-affe</strong></span> <span class='ocrx_word' id='word_1_85' title='bbox 756 686 942 718; x_wconf 88' lang='lat' dir='ltr'><strong>censendum</strong></span> <span class='ocrx_word' id='word_1_86' title='bbox 962 685 998 717; x_wconf 88' lang='lat' dir='ltr'><strong>fit</strong></span> <span class='ocrx_word' id='word_1_87' title='bbox 1010 685 1076 720; x_wconf 77' lang='grc'>,111-</span> 
     </span>
     <span class='ocr_line' id='line_1_15' title="bbox 218 725 1077 770; baseline 0.003 -16"><span class='ocrx_word' id='word_1_88' title='bbox 218 732 267 755; x_wconf 86' lang='lat' dir='ltr'><strong>ter</strong></span> <span class='ocrx_word' id='word_1_89' title='bbox 288 725 455 767; x_wconf 65' lang='lat' dir='ltr'><strong>Dynastam</strong></span> <span class='ocrx_word' id='word_1_90' title='bbox 474 728 644 770; x_wconf 83' lang='lat' dir='ltr'><strong>Orangium</strong></span> <span class='ocrx_word' id='word_1_91' title='bbox 663 729 694 760; x_wconf 57' lang='grc' dir='ltr'>ἃ</span> <span class='ocrx_word' id='word_1_92' title='bbox 706 725 1019 760; x_wconf 80' lang='lat' dir='ltr'><strong>Amsterdammenses</strong></span> <span class='ocrx_word' id='word_1_93' title='bbox 1027 735 1077 758; x_wconf 90' lang='lat' dir='ltr'><strong>an-</strong></span> 
     </span>
     <span class='ocr_line' id='line_1_16' title="bbox 217 768 1077 811; baseline 0.003 -15"><span class='ocrx_word' id='word_1_94' title='bbox 217 774 260 796; x_wconf 89' lang='lat' dir='ltr'><strong>no</strong></span> <span class='ocrx_word' id='word_1_95' title='bbox 294 771 382 804; x_wconf 83' lang='lat'><strong>1689.</strong></span> <span class='ocrx_word' id='word_1_96' title='bbox 409 769 587 810; x_wconf 78' lang='lat' dir='ltr'>ingentibus</span> <span class='ocrx_word' id='word_1_97' title='bbox 611 769 721 801; x_wconf 89' lang='lat' dir='ltr'><strong>animis</strong></span> <span class='ocrx_word' id='word_1_98' title='bbox 748 768 812 801; x_wconf 87' lang='lat' dir='ltr'><strong>fuit</strong></span> <span class='ocrx_word' id='word_1_99' title='bbox 837 768 972 811; x_wconf 85' lang='lat' dir='ltr'><strong>agitata,</strong></span> <span class='ocrx_word' id='word_1_100' title='bbox 1004 776 1077 799; x_wconf 89' lang='lat' dir='ltr'><strong>cum</strong></span> 
     </span>
     <span class='ocr_line' id='line_1_17' title="bbox 218 809 1076 852; baseline -0.006 -7"><span class='ocrx_word' id='word_1_101' title='bbox 218 815 409 845; x_wconf 56' lang='lat' dir='ltr'><strong>quaereretur</strong></span> <span class='ocrx_word' id='word_1_102' title='bbox 427 811 465 841; x_wconf 93' lang='lat' dir='ltr'><strong>de</strong></span> <span class='ocrx_word' id='word_1_103' title='bbox 481 810 654 852; x_wconf 81' lang='lat' dir='ltr'><strong>Privilegio</strong></span> <span class='ocrx_word' id='word_1_104' title='bbox 670 811 806 852; x_wconf 88' lang='lat' dir='ltr'><strong>quodam</strong></span> <span class='ocrx_word' id='word_1_105' title='bbox 819 834 828 849; x_wconf 84' lang='lat'><strong>,</strong></span> <span class='ocrx_word' id='word_1_106' title='bbox 851 810 937 851; x_wconf 92' lang='lat' dir='ltr'><strong>quod</strong></span> <span class='ocrx_word' id='word_1_107' title='bbox 957 809 1076 849; x_wconf 88' lang='lat' dir='ltr'><strong>Philip·</strong></span> 
     </span>
     <span class='ocr_line' id='line_1_18' title="bbox 218 847 1078 893; baseline 0.006 -16"><span class='ocrx_word' id='word_1_108' title='bbox 218 856 275 887; x_wconf 86' lang='lat' dir='ltr'><strong>pus</strong></span> <span class='ocrx_word' id='word_1_109' title='bbox 287 847 324 879; x_wconf 92' lang='lat' dir='ltr'><strong>Il.</strong></span> <span class='ocrx_word' id='word_1_110' title='bbox 346 849 693 884; x_wconf 77' lang='lat' dir='ltr'><strong>Amsterdammens-nus</strong></span> <span class='ocrx_word' id='word_1_111' title='bbox 701 852 827 884; x_wconf 80' lang='lat' dir='ltr'>dederat</span> <span class='ocrx_word' id='word_1_112' title='bbox 836 861 865 893; x_wconf 83' lang='lat'><strong>3.</strong></span> <span class='ocrx_word' id='word_1_113' title='bbox 882 850 971 882; x_wconf 83' lang='lat' dir='ltr'><strong>Febr.</strong></span> <span class='ocrx_word' id='word_1_114' title='bbox 987 854 1078 891; x_wconf 84' lang='lat'><strong>1581.</strong></span> 
     </span>
     <span class='ocr_line' id='line_1_19' title="bbox 215 888 1077 934; baseline 0.005 -16"><span class='ocrx_word' id='word_1_115' title='bbox 215 888 534 925; x_wconf 78' lang='lat' dir='ltr'><strong>Amsterdammenses</strong></span> <span class='ocrx_word' id='word_1_116' title='bbox 561 893 592 924; x_wconf 91' lang='lat' dir='ltr'><strong>id</strong></span> <span class='ocrx_word' id='word_1_117' title='bbox 615 892 822 934; x_wconf 81' lang='lat' dir='ltr'><strong>Privilegium</strong></span> <span class='ocrx_word' id='word_1_118' title='bbox 849 890 1077 930; x_wconf 80' lang='lat' dir='ltr'><strong>defendebant,</strong></span> 
     </span>
     <span class='ocr_line' id='line_1_20' title="bbox 219 929 1076 975; baseline -0.002 -11"><span class='ocrx_word' id='word_1_119' title='bbox 219 929 372 972; x_wconf 78' lang='lat' dir='ltr'><strong>Orangius</strong></span> <span class='ocrx_word' id='word_1_120' title='bbox 396 933 606 975; x_wconf 81' lang='lat' dir='ltr'><strong>oppugnabat.</strong></span> <span class='ocrx_word' id='word_1_121' title='bbox 651 934 753 973; x_wconf 91' lang='lat' dir='ltr'><strong>Puto,</strong></span> <span class='ocrx_word' id='word_1_122' title='bbox 785 934 868 966; x_wconf 71' lang='lat' dir='ltr'><strong>recte</strong></span> <span class='ocrx_word' id='word_1_123' title='bbox 894 932 1076 970; x_wconf 89' lang='lat' dir='ltr'><strong>defensum,</strong></span> 
     </span>
     <span class='ocr_line' id='line_1_21' title="bbox 220 970 1077 1018; baseline 0.004 -17"><span class='ocrx_word' id='word_1_124' title='bbox 220 970 249 1001; x_wconf 87' lang='lat'>&amp;</span> <span class='ocrx_word' id='word_1_125' title='bbox 267 974 347 1018; x_wconf 79' lang='lat' dir='ltr'><strong>male</strong></span> <span class='ocrx_word' id='word_1_126' title='bbox 364 983 578 1016; x_wconf 84' lang='lat' dir='ltr'><strong>oppugnatum</strong></span> <span class='ocrx_word' id='word_1_127' title='bbox 598 974 667 1008; x_wconf 88' lang='lat' dir='ltr'><strong>esse.</strong></span> <span class='ocrx_word' id='word_1_128' title='bbox 711 975 855 1008; x_wconf 81' lang='lat' dir='ltr'><strong>Libellus</strong></span> <span class='ocrx_word' id='word_1_129' title='bbox 879 973 937 1015; x_wconf 80' lang='lat'><strong>(4)</strong></span> <span class='ocrx_word' id='word_1_130' title='bbox 952 973 1077 1014; x_wconf 88' lang='lat' dir='ltr'><strong>quidam</strong></span> 
     </span>
     <span class='ocr_line' id='line_1_22' title="bbox 219 1011 1077 1056; baseline 0.002 -13"><span class='ocrx_word' id='word_1_131' title='bbox 219 1011 379 1056; x_wconf 43' lang='lat' dir='ltr'><strong>,anonymi</strong></span> <span class='ocrx_word' id='word_1_132' title='bbox 404 1026 486 1048; x_wconf 86' lang='lat' dir='ltr'><strong>anno</strong></span> <span class='ocrx_word' id='word_1_133' title='bbox 515 1020 613 1055; x_wconf 87' lang='lat'><strong>1690,</strong></span> <span class='ocrx_word' id='word_1_134' title='bbox 641 1026 676 1048; x_wconf 89' lang='lat' dir='ltr'><strong>ea</strong></span> <span class='ocrx_word' id='word_1_135' title='bbox 703 1017 742 1048; x_wconf 91' lang='lat' dir='ltr'><strong>de</strong></span> <span class='ocrx_word' id='word_1_136' title='bbox 767 1026 800 1048; x_wconf 88' lang='lat' dir='ltr'><strong>re</strong></span> <span class='ocrx_word' id='word_1_137' title='bbox 821 1016 941 1054; x_wconf 82' lang='lat' dir='ltr'><strong>editus,</strong></span> <span class='ocrx_word' id='word_1_138' title='bbox 964 1016 994 1047; x_wconf 70' lang='grc' dir='ltr'><strong>δε</strong></span> <span class='ocrx_word' id='word_1_139' title='bbox 1019 1023 1077 1054; x_wconf 88' lang='lat' dir='ltr'><strong>pro</strong></span> 
     </span>
     <span class='ocr_line' id='line_1_23' title="bbox 221 1054 1078 1100; baseline -0.007 -10"><span class='ocrx_word' id='word_1_140' title='bbox 221 1054 360 1095; x_wconf 73' lang='lat' dir='ltr'><strong>Orangjo</strong></span> <span class='ocrx_word' id='word_1_141' title='bbox 377 1058 595 1100; x_wconf 71' lang='lat' dir='ltr'><strong>conscriptus,</strong></span> <span class='ocrx_word' id='word_1_142' title='bbox 621 1058 650 1089; x_wconf 88' lang='lat' dir='ltr'><strong>in</strong></span> <span class='ocrx_word' id='word_1_143' title='bbox 678 1067 785 1089; x_wconf 84' lang='lat' dir='ltr'><strong>manus</strong></span> <span class='ocrx_word' id='word_1_144' title='bbox 807 1066 891 1089; x_wconf 84' lang='lat' dir='ltr'><strong>meas</strong></span> <span class='ocrx_word' id='word_1_145' title='bbox 913 1055 1078 1097; x_wconf 88' lang='lat' dir='ltr'><strong>pervenit,</strong></span> 
     </span>
     <span class='ocr_line' id='line_1_24' title="bbox 218 1095 1077 1141; baseline -0.001 -14"><span class='ocrx_word' id='word_1_146' title='bbox 218 1104 281 1141; x_wconf 73' lang='lat' dir='ltr'><strong>quo</strong></span> <span class='ocrx_word' id='word_1_147' title='bbox 300 1097 367 1129; x_wconf 77' lang='lat' dir='ltr'><strong>liaec</strong></span> <span class='ocrx_word' id='word_1_148' title='bbox 384 1098 541 1140; x_wconf 83' lang='lat' dir='ltr'><strong>sequentia</strong></span> <span class='ocrx_word' id='word_1_149' title='bbox 567 1107 679 1131; x_wconf 89' lang='lat' dir='ltr'><strong>contra</strong></span> <span class='ocrx_word' id='word_1_150' title='bbox 700 1099 777 1130; x_wconf 90' lang='lat' dir='ltr'><strong>illud</strong></span> <span class='ocrx_word' id='word_1_151' title='bbox 798 1097 1000 1138; x_wconf 73' lang='lat' dir='ltr'><strong>Privilegium</strong></span> <span class='ocrx_word' id='word_1_152' title='bbox 1027 1095 1077 1127; x_wconf 85' lang='lat' dir='ltr'><strong>ad-</strong></span> 
     </span>
     <span class='ocr_line' id='line_1_25' title="bbox 219 1136 1079 1177; baseline -0.001 -9"><span class='ocrx_word' id='word_1_153' title='bbox 219 1136 260 1167; x_wconf 58' lang='lat' dir='ltr'><strong>fei</strong></span> <span class='ocrx_word' id='word_1_154' title='bbox 270 1146 379 1170; x_wconf 87' lang='lat' dir='ltr'><strong>untur:</strong></span> <span class='ocrx_word' id='word_1_155' title='bbox 403 1139 534 1172; x_wconf 83' lang='lat' dir='ltr'><strong>Foedere</strong></span> <span class='ocrx_word' id='word_1_156' title='bbox 549 1150 618 1173; x_wconf 85' lang='lat' dir='ltr'><strong>nem</strong></span> <span class='ocrx_word' id='word_1_157' title='bbox 643 1150 660 1171; x_wconf 89' lang='lat' dir='ltr'><strong>e</strong></span> <span class='ocrx_word' id='word_1_158' title='bbox 678 1139 876 1172; x_wconf 84' lang='lat' dir='ltr'><strong>Utrechtano</strong></span> <span class='ocrx_word' id='word_1_159' title='bbox 898 1138 969 1169; x_wconf 87' lang='lat' dir='ltr'><strong>anni</strong></span> <span class='ocrx_word' id='word_1_160' title='bbox 990 1146 1079 1177; x_wconf 81' lang='lat'><strong>1579.</strong></span> 
     </span>
     <span class='ocr_line' id='line_1_26' title="bbox 219 1176 1081 1223; baseline -0.003 -12"><span class='ocrx_word' id='word_1_161' title='bbox 219 1176 387 1218; x_wconf 74' lang='lat' dir='ltr'><strong>Imperium</strong></span> <span class='ocrx_word' id='word_1_162' title='bbox 404 1181 551 1223; x_wconf 87' lang='lat' dir='ltr'><strong>Philippo</strong></span> <span class='ocrx_word' id='word_1_163' title='bbox 570 1181 629 1213; x_wconf 85' lang='lat' dir='ltr'><strong>fuil</strong></span> <span class='ocrx_word' id='word_1_164' title='bbox 645 1190 662 1212; x_wconf 93' lang='lat' dir='ltr'><strong>e</strong></span> <span class='ocrx_word' id='word_1_165' title='bbox 686 1182 887 1221; x_wconf 83' lang='lat' dir='ltr'><strong>abrogatum,</strong></span> <span class='ocrx_word' id='word_1_166' title='bbox 911 1179 942 1210; x_wconf 94' lang='lat' dir='ltr'><strong>id</strong></span> <span class='ocrx_word' id='word_1_167' title='bbox 960 1179 1081 1219; x_wconf 86' lang='lat' dir='ltr'><strong>liquere</strong></span> 
     </span>
     <span class='ocr_line' id='line_1_27' title="bbox 219 1218 1081 1264; baseline -0.003 -13"><span class='ocrx_word' id='word_1_168' title='bbox 219 1227 258 1249; x_wconf 74' lang='lat' dir='ltr'><strong>ex</strong></span> <span class='ocrx_word' id='word_1_169' title='bbox 285 1218 438 1262; x_wconf 78' lang='lat' dir='ltr'><strong>Legibus,</strong></span> <span class='ocrx_word' id='word_1_170' title='bbox 472 1233 547 1264; x_wconf 85' lang='lat' dir='ltr'><strong>quas</strong></span> <span class='ocrx_word' id='word_1_171' title='bbox 576 1223 629 1263; x_wconf 89' lang='lat' dir='ltr'><strong>ips1</strong></span> <span class='ocrx_word' id='word_1_172' title='bbox 655 1222 788 1254; x_wconf 80' lang='lat' dir='ltr'><strong>Ordines</strong></span> <span class='ocrx_word' id='word_1_173' title='bbox 818 1221 959 1252; x_wconf 88' lang='lat' dir='ltr'><strong>tulerunt</strong></span> <span class='ocrx_word' id='word_1_174' title='bbox 992 1218 1081 1249; x_wconf 90' lang='lat' dir='ltr'><strong>annis</strong></span> 
     </span>
     <span class='ocr_line' id='line_1_28' title="bbox 222 1258 1080 1305; baseline -0.01 -7"><span class='ocrx_word' id='word_1_175' title='bbox 222 1268 310 1301; x_wconf 82' lang='lat'><strong>1579.</strong></span> <span class='ocrx_word' id='word_1_176' title='bbox 336 1263 366 1294; x_wconf 84' lang='lat'>&amp;</span> <span class='ocrx_word' id='word_1_177' title='bbox 388 1268 477 1303; x_wconf 83' lang='grc'>1580.</span> <span class='ocrx_word' id='word_1_178' title='bbox 503 1265 531 1295; x_wconf 87' lang='lat'>&amp;</span> <span class='ocrx_word' id='word_1_179' title='bbox 552 1264 624 1294; x_wconf 90' lang='lat' dir='ltr'><strong>inde</strong></span> <span class='ocrx_word' id='word_1_180' title='bbox 639 1262 719 1301; x_wconf 87' lang='lat' dir='ltr'><strong>esse,</strong></span> <span class='ocrx_word' id='word_1_181' title='bbox 742 1262 828 1303; x_wconf 91' lang='lat' dir='ltr'><strong>quod</strong></span> <span class='ocrx_word' id='word_1_182' title='bbox 845 1261 978 1293; x_wconf 86' lang='lat' dir='ltr'><strong>Ordines</strong></span> <span class='ocrx_word' id='word_1_183' title='bbox 999 1258 1080 1305; x_wconf 74' lang='lat' dir='ltr'><strong>Hol‘-</strong></span> 
     </span>
     <span class='ocr_line' id='line_1_29' title="bbox 220 1300 1081 1343; baseline -0.001 -11"><span class='ocrx_word' id='word_1_184' title='bbox 220 1301 330 1334; x_wconf 78' lang='lat' dir='ltr'><strong>landiae</strong></span> <span class='ocrx_word' id='word_1_185' title='bbox 350 1304 378 1334; x_wconf 89' lang='lat' dir='ltr'><strong>in</strong></span> <span class='ocrx_word' id='word_1_186' title='bbox 399 1305 511 1335; x_wconf 62' lang='lat' dir='ltr'><strong>Edicto</strong></span> <span class='ocrx_word' id='word_1_187' title='bbox 529 1304 567 1334; x_wconf 91' lang='lat' dir='ltr'><strong>de</strong></span> <span class='ocrx_word' id='word_1_188' title='bbox 584 1303 698 1334; x_wconf 83' lang='lat' dir='ltr'><strong>Forma</strong></span> <span class='ocrx_word' id='word_1_189' title='bbox 720 1303 912 1343; x_wconf 86' lang='lat' dir='ltr'><strong>Judiciorum</strong></span> <span class='ocrx_word' id='word_1_190' title='bbox 932 1302 964 1333; x_wconf 91' lang='lat' dir='ltr'><strong>in</strong></span> <span class='ocrx_word' id='word_1_191' title='bbox 982 1300 1081 1341; x_wconf 90' lang='lat' dir='ltr'><strong>Opp1-</strong></span> 
     </span>
     <span class='ocr_line' id='line_1_30' title="bbox 217 1340 1082 1385; baseline -0.001 -12"><span class='ocrx_word' id='word_1_192' title='bbox 217 1343 266 1374; x_wconf 83' lang='lat' dir='ltr'><strong>dis</strong></span> <span class='ocrx_word' id='word_1_193' title='bbox 295 1344 324 1375; x_wconf 88' lang='lat'>&amp;</span> <span class='ocrx_word' id='word_1_194' title='bbox 350 1345 430 1385; x_wconf 79' lang='lat' dir='ltr'><strong>agris</strong></span> <span class='ocrx_word' id='word_1_195' title='bbox 455 1354 481 1376; x_wconf 89' lang='lat'><strong>1.</strong></span> <span class='ocrx_word' id='word_1_196' title='bbox 509 1345 584 1385; x_wconf 88' lang='lat' dir='ltr'><strong>Apr.</strong></span> <span class='ocrx_word' id='word_1_197' title='bbox 617 1354 706 1385; x_wconf 87' lang='lat'><strong>1590.</strong></span> <span class='ocrx_word' id='word_1_198' title='bbox 736 1344 837 1385; x_wconf 87' lang='lat' dir='ltr'><strong>palam</strong></span> <span class='ocrx_word' id='word_1_199' title='bbox 861 1343 1020 1380; x_wconf 81' lang='lat' dir='ltr'><strong>dixerint,</strong></span> <span class='ocrx_word' id='word_1_200' title='bbox 1051 1340 1082 1373; x_wconf 92' lang='lat' dir='ltr'><strong>se</strong></span> 
     </span>
     <span class='ocr_line' id='line_1_31' title="bbox 223 1383 1082 1426; baseline -0.002 -10"><span class='ocrx_word' id='word_1_201' title='bbox 223 1385 438 1416; x_wconf 67' lang='lat' dir='ltr'><strong>Gravionutum</strong></span> <span class='ocrx_word' id='word_1_202' title='bbox 456 1385 689 1426; x_wconf 76' lang='lat' dir='ltr'><strong>repraesentare:</strong></span> <span class='ocrx_word' id='word_1_203' title='bbox 713 1387 747 1416; x_wconf 85' lang='lat' dir='ltr'><strong>de</strong></span> <span class='ocrx_word' id='word_1_204' title='bbox 768 1385 969 1425; x_wconf 78' lang='lat' dir='ltr'><strong>Riciderschap</strong></span> <span class='ocrx_word' id='word_1_205' title='bbox 981 1383 1082 1422; x_wconf 81' lang='lat' dir='ltr'><strong>,Ede-</strong></span> 
     </span>
     <span class='ocr_line' id='line_1_32' title="bbox 219 1425 1081 1468; baseline -0.001 -12"><span class='ocrx_word' id='word_1_206' title='bbox 219 1426 267 1457; x_wconf 69' lang='lat' dir='ltr'><strong>len</strong></span> <span class='ocrx_word' id='word_1_207' title='bbox 291 1436 327 1456; x_wconf 77' lang='lat' dir='ltr'><strong>en</strong></span> <span class='ocrx_word' id='word_1_208' title='bbox 351 1426 457 1458; x_wconf 73' lang='lat' dir='ltr'><strong>Sceden</strong></span> <span class='ocrx_word' id='word_1_209' title='bbox 487 1437 548 1458; x_wconf 83' lang='lat' dir='ltr'><strong>van</strong></span> <span class='ocrx_word' id='word_1_210' title='bbox 573 1427 708 1459; x_wconf 82' lang='lat' dir='ltr'><strong>Holland</strong></span> <span class='ocrx_word' id='word_1_211' title='bbox 724 1450 736 1466; x_wconf 97' lang='lat'><strong>,</strong></span> <span class='ocrx_word' id='word_1_212' title='bbox 767 1426 1019 1468; x_wconf 80' lang='lat' dir='ltr'><strong>repraesenterende</strong></span> <span class='ocrx_word' id='word_1_213' title='bbox 1047 1425 1081 1456; x_wconf 78' lang='lat' dir='ltr'><strong>de</strong></span> 
     </span>
     <span class='ocr_line' id='line_1_33' title="bbox 221 1467 1081 1510; baseline 0 -13"><span class='ocrx_word' id='word_1_214' title='bbox 221 1469 327 1498; x_wconf 70' lang='lat' dir='ltr'><strong>Slaren</strong></span> <span class='ocrx_word' id='word_1_215' title='bbox 347 1478 383 1499; x_wconf 82' lang='lat' dir='ltr'><strong>en</strong></span> <span class='ocrx_word' id='word_1_216' title='bbox 403 1469 645 1510; x_wconf 72' lang='lat' dir='ltr'><strong>Graafsthappen</strong></span> <span class='ocrx_word' id='word_1_217' title='bbox 669 1479 730 1500; x_wconf 85' lang='lat' dir='ltr'><strong>van</strong></span> <span class='ocrx_word' id='word_1_218' title='bbox 752 1470 808 1500; x_wconf 83' lang='lat' dir='ltr'><strong>den</strong></span> <span class='ocrx_word' id='word_1_219' title='bbox 823 1469 926 1499; x_wconf 82' lang='lat' dir='ltr'><strong>zelven</strong></span> <span class='ocrx_word' id='word_1_220' title='bbox 942 1467 1081 1499; x_wconf 77' lang='lat' dir='ltr'><strong>Landen.</strong></span> 
     </span>
     <span class='ocr_line' id='line_1_34' title="bbox 218 1507 1081 1552; baseline 0 -13"><span class='ocrx_word' id='word_1_221' title='bbox 218 1508 374 1540; x_wconf 81' lang='lat' dir='ltr'><strong>Potuiffet</strong></span> <span class='ocrx_word' id='word_1_222' title='bbox 392 1509 577 1552; x_wconf 82' lang='lat' dir='ltr'><strong>Anonymus</strong></span> <span class='ocrx_word' id='word_1_223' title='bbox 592 1510 703 1542; x_wconf 81' lang='lat' dir='ltr'><strong>addere</strong></span> <span class='ocrx_word' id='word_1_224' title='bbox 721 1510 804 1542; x_wconf 90' lang='lat' dir='ltr'><strong>aliud</strong></span> <span class='ocrx_word' id='word_1_225' title='bbox 830 1509 1000 1541; x_wconf 89' lang='lat' dir='ltr'><strong>eorundem</strong></span> <span class='ocrx_word' id='word_1_226' title='bbox 1021 1507 1081 1539; x_wconf 90' lang='lat' dir='ltr'><strong>Or-</strong></span> 
     </span>
     <span class='ocr_line' id='line_1_35' title="bbox 218 1549 1081 1592; baseline -0.001 -11"><span class='ocrx_word' id='word_1_227' title='bbox 218 1549 327 1582; x_wconf 89' lang='lat' dir='ltr'><strong>dinum</strong></span> <span class='ocrx_word' id='word_1_228' title='bbox 348 1551 513 1591; x_wconf 67' lang='lat' dir='ltr'><strong>EdiCtum,</strong></span> <span class='ocrx_word' id='word_1_229' title='bbox 537 1561 600 1592; x_wconf 92' lang='lat' dir='ltr'><strong>quo</strong></span> <span class='ocrx_word' id='word_1_230' title='bbox 617 1552 728 1583; x_wconf 90' lang='lat' dir='ltr'><strong>eodem</strong></span> <span class='ocrx_word' id='word_1_231' title='bbox 756 1561 781 1583; x_wconf 90' lang='lat'><strong>1.</strong></span> <span class='ocrx_word' id='word_1_232' title='bbox 808 1551 885 1592; x_wconf 88' lang='lat' dir='ltr'><strong>Apr.</strong></span> <span class='ocrx_word' id='word_1_233' title='bbox 907 1554 998 1590; x_wconf 83' lang='lat'><strong>1580.</strong></span> <span class='ocrx_word' id='word_1_234' title='bbox 1022 1549 1081 1581; x_wconf 86' lang='lat' dir='ltr'><strong>Le-</strong></span> 
     </span>
     <span class='ocr_line' id='line_1_36' title="bbox 218 1589 1083 1635; baseline 0 -13"><span class='ocrx_word' id='word_1_235' title='bbox 218 1601 293 1634; x_wconf 79' lang='lat' dir='ltr'><strong>ges,</strong></span> <span class='ocrx_word' id='word_1_236' title='bbox 326 1601 362 1624; x_wconf 87' lang='lat' dir='ltr'><strong>ut</strong></span> <span class='ocrx_word' id='word_1_237' title='bbox 387 1601 504 1625; x_wconf 90' lang='lat' dir='ltr'><strong>vocant</strong></span> <span class='ocrx_word' id='word_1_238' title='bbox 526 1593 610 1635; x_wconf 62' lang='lat'><strong>(5),</strong></span> <span class='ocrx_word' id='word_1_239' title='bbox 643 1593 787 1625; x_wconf 78' lang='lat' dir='ltr'><strong>Politicas</strong></span> <span class='ocrx_word' id='word_1_240' title='bbox 812 1589 1083 1634; x_wconf 67' lang='lat' dir='ltr'><strong>praescripserunt,</strong></span> 
     </span>
     <span class='ocr_line' id='line_1_37' title="bbox 220 1633 1083 1674; baseline -0.001 -10"><span class='ocrx_word' id='word_1_241' title='bbox 220 1636 251 1664; x_wconf 70' lang='lat' dir='ltr'><strong>(it</strong></span> <span class='ocrx_word' id='word_1_242' title='bbox 279 1634 458 1674; x_wconf 85' lang='lat' dir='ltr'><strong>ampliatam</strong></span> <span class='ocrx_word' id='word_1_243' title='bbox 484 1634 590 1666; x_wconf 85' lang='lat' dir='ltr'><strong>Curiae</strong></span> <span class='ocrx_word' id='word_1_244' title='bbox 621 1634 820 1666; x_wconf 81' lang='lat' dir='ltr'><strong>Hollandicae</strong></span> <span class='ocrx_word' id='word_1_245' title='bbox 854 1633 1001 1666; x_wconf 86' lang='lat' dir='ltr'><strong>Formam</strong></span> <span class='ocrx_word' id='word_1_246' title='bbox 1032 1642 1083 1664; x_wconf 75' lang='lat'><strong>22.</strong></span> 
     </span>
     <span class='ocr_line' id='line_1_38' title="bbox 219 1673 1085 1717; baseline -0.002 -10"><span class='ocrx_word' id='word_1_247' title='bbox 219 1674 300 1707; x_wconf 91' lang='lat' dir='ltr'><strong>Dec.</strong></span> <span class='ocrx_word' id='word_1_248' title='bbox 329 1685 418 1716; x_wconf 83' lang='lat'><strong>1579.</strong></span> <span class='ocrx_word' id='word_1_249' title='bbox 440 1676 701 1717; x_wconf 77' lang='lat' dir='ltr'><strong>quemadmodum</strong></span> <span class='ocrx_word' id='word_1_250' title='bbox 715 1677 745 1708; x_wconf 70' lang='grc' dir='ltr'>ἅ</span> <span class='ocrx_word' id='word_1_251' title='bbox 759 1675 923 1714; x_wconf 87' lang='lat' dir='ltr'><strong>Formam,</strong></span> <span class='ocrx_word' id='word_1_252' title='bbox 947 1684 1007 1715; x_wconf 88' lang='lat' dir='ltr'><strong>qua</strong></span> <span class='ocrx_word' id='word_1_253' title='bbox 1023 1673 1085 1705; x_wconf 92' lang='lat' dir='ltr'><strong>Cu-</strong></span> 
     </span>
     <span class='ocr_line' id='line_1_39' title="bbox 218 1715 1083 1756; baseline -0.001 -9"><span class='ocrx_word' id='word_1_254' title='bbox 218 1717 264 1748; x_wconf 86' lang='lat' dir='ltr'><strong>ria</strong></span> <span class='ocrx_word' id='word_1_255' title='bbox 284 1717 383 1748; x_wconf 87' lang='lat' dir='ltr'><strong>utitur</strong></span> <span class='ocrx_word' id='word_1_256' title='bbox 407 1718 438 1748; x_wconf 90' lang='lat' dir='ltr'><strong>in</strong></span> <span class='ocrx_word' id='word_1_257' title='bbox 465 1717 560 1749; x_wconf 85' lang='lat' dir='ltr'><strong>causis</strong></span> <span class='ocrx_word' id='word_1_258' title='bbox 587 1717 717 1749; x_wconf 89' lang='lat' dir='ltr'><strong>minoris</strong></span> <span class='ocrx_word' id='word_1_259' title='bbox 744 1716 915 1756; x_wconf 83' lang='lat' dir='ltr'><strong>momenti,</strong></span> <span class='ocrx_word' id='word_1_260' title='bbox 945 1715 1083 1756; x_wconf 84' lang='lat' dir='ltr'><strong>ejusdem</strong></span> 
     </span>
     <span class='ocr_line' id='line_1_40' title="bbox 219 1756 1082 1799; baseline -0.001 -11"><span class='ocrx_word' id='word_1_261' title='bbox 219 1758 279 1789; x_wconf 89' lang='lat' dir='ltr'><strong>diei</strong></span> <span class='ocrx_word' id='word_1_262' title='bbox 300 1759 329 1789; x_wconf 74' lang='grc' dir='ltr'><strong>ἂ</strong></span> <span class='ocrx_word' id='word_1_263' title='bbox 347 1757 492 1790; x_wconf 84' lang='lat' dir='ltr'><strong>Consulis</strong></span> <span class='ocrx_word' id='word_1_264' title='bbox 509 1759 587 1799; x_wconf 86' lang='lat'>(6);</span> <span class='ocrx_word' id='word_1_265' title='bbox 617 1759 649 1790; x_wconf 89' lang='lat' dir='ltr'><strong>in</strong></span> <span class='ocrx_word' id='word_1_266' title='bbox 668 1758 780 1799; x_wconf 86' lang='lat' dir='ltr'><strong>quibus</strong></span> <span class='ocrx_word' id='word_1_267' title='bbox 801 1757 966 1796; x_wconf 89' lang='lat' dir='ltr'><strong>omnibus,</strong></span> <span class='ocrx_word' id='word_1_268' title='bbox 990 1756 1082 1788; x_wconf 90' lang='lat' dir='ltr'><strong>omis-</strong></span> 
     </span>
     <span class='ocr_line' id='line_1_41' title="bbox 220 1797 1081 1837; baseline -0.002 -7"><span class='ocrx_word' id='word_1_269' title='bbox 220 1799 255 1831; x_wconf 93' lang='lat' dir='ltr'><strong>so</strong></span> <span class='ocrx_word' id='word_1_270' title='bbox 276 1807 378 1831; x_wconf 86' lang='lat' dir='ltr'><strong>tamen</strong></span> <span class='ocrx_word' id='word_1_271' title='bbox 397 1797 612 1833; x_wconf 82' lang='lat' dir='ltr'><strong>Gravionatus</strong></span> <span class='ocrx_word' id='word_1_272' title='bbox 630 1800 809 1837; x_wconf 81' lang='lat' dir='ltr'><strong>vocabulo,</strong></span> <span class='ocrx_word' id='word_1_273' title='bbox 826 1799 908 1830; x_wconf 90' lang='lat' dir='ltr'><strong>idem</strong></span> <span class='ocrx_word' id='word_1_274' title='bbox 927 1797 1081 1829; x_wconf 89' lang='lat' dir='ltr'><strong>Ordinum</strong></span> 
     </span>
     <span class='ocr_line' id='line_1_42' title="bbox 220 1838 1082 1881; baseline -0.001 -10"><span class='ocrx_word' id='word_1_275' title='bbox 220 1841 334 1872; x_wconf 88' lang='lat' dir='ltr'><strong>titulus</strong></span> <span class='ocrx_word' id='word_1_276' title='bbox 358 1841 537 1873; x_wconf 79' lang='lat' dir='ltr'><strong>exhibetur.</strong></span> <span class='ocrx_word' id='word_1_277' title='bbox 581 1840 653 1873; x_wconf 91' lang='lat' dir='ltr'><strong>Nec</strong></span> <span class='ocrx_word' id='word_1_278' title='bbox 679 1849 822 1878; x_wconf 84' lang='lat' dir='ltr'><strong>tantum,</strong></span> <span class='ocrx_word' id='word_1_279' title='bbox 844 1840 928 1881; x_wconf 90' lang='lat' dir='ltr'><strong>quod</strong></span> <span class='ocrx_word' id='word_1_280' title='bbox 947 1838 1082 1872; x_wconf 86' lang='lat' dir='ltr'><strong>Ordines</strong></span> 
     </span>
     <span class='ocr_line' id='line_1_43' title="bbox 219 1879 1082 1924; baseline -0.003 -10"><span class='ocrx_word' id='word_1_281' title='bbox 219 1881 321 1923; x_wconf 81' lang='lat' dir='ltr'><strong>Leges</strong></span> <span class='ocrx_word' id='word_1_282' title='bbox 337 1883 487 1922; x_wconf 89' lang='lat' dir='ltr'><strong>tulerint,</strong></span> <span class='ocrx_word' id='word_1_283' title='bbox 513 1882 563 1914; x_wconf 90' lang='lat' dir='ltr'><strong>sed</strong></span> <span class='ocrx_word' id='word_1_284' title='bbox 583 1883 632 1921; x_wconf 67' lang='grc' dir='ltr'>ἃ,</span> <span class='ocrx_word' id='word_1_285' title='bbox 656 1884 758 1924; x_wconf 87' lang='lat' dir='ltr'><strong>pergit</strong></span> <span class='ocrx_word' id='word_1_286' title='bbox 772 1881 976 1922; x_wconf 90' lang='lat' dir='ltr'><strong>Anonymus,</strong></span> <span class='ocrx_word' id='word_1_287' title='bbox 999 1879 1082 1921; x_wconf 90' lang='lat' dir='ltr'><strong>quod</strong></span> 
     </span>
     <span class='ocr_line' id='line_1_44' title="bbox 219 1922 1084 1964; baseline -0.003 -9"><span class='ocrx_word' id='word_1_288' title='bbox 219 1923 315 1956; x_wconf 86' lang='lat' dir='ltr'><strong>iidem</strong></span> <span class='ocrx_word' id='word_1_289' title='bbox 331 1923 465 1956; x_wconf 88' lang='lat' dir='ltr'><strong>Ordines</strong></span> <span class='ocrx_word' id='word_1_290' title='bbox 485 1923 667 1956; x_wconf 84' lang='lat' dir='ltr'><strong>Hollandiae</strong></span> <span class='ocrx_word' id='word_1_291' title='bbox 686 1924 717 1955; x_wconf 88' lang='lat' dir='ltr'><strong>in</strong></span> <span class='ocrx_word' id='word_1_292' title='bbox 738 1922 766 1964; x_wconf 84' lang='lat'><strong>§.</strong></span> <span class='ocrx_word' id='word_1_293' title='bbox 787 1931 813 1954; x_wconf 87' lang='lat'><strong>1.</strong></span> <span class='ocrx_word' id='word_1_294' title='bbox 829 1923 860 1954; x_wconf 94' lang='lat' dir='ltr'><strong>d.</strong></span> <span class='ocrx_word' id='word_1_295' title='bbox 884 1922 908 1954; x_wconf 90' lang='lat' dir='ltr'>F</span> <span class='ocrx_word' id='word_1_296' title='bbox 911 1931 1006 1954; x_wconf 88' lang='lat' dir='ltr'><strong>ormae</strong></span> <span class='ocrx_word' id='word_1_297' title='bbox 1021 1930 1084 1952; x_wconf 88' lang='lat' dir='ltr'><strong>am-</strong></span> 
     </span>
     <span class='ocr_line' id='line_1_45' title="bbox 220 1963 1084 2006; baseline -0.002 -10"><span class='ocrx_word' id='word_1_298' title='bbox 220 1965 327 2006; x_wconf 82' lang='lat' dir='ltr'><strong>pliatae</strong></span> <span class='ocrx_word' id='word_1_299' title='bbox 358 1964 578 2006; x_wconf 80' lang='lat' dir='ltr'><strong>derogaverint</strong></span> <span class='ocrx_word' id='word_1_300' title='bbox 612 1964 639 2006; x_wconf 82' lang='lat'><strong>§.</strong></span> <span class='ocrx_word' id='word_1_301' title='bbox 673 1969 701 1999; x_wconf 88' lang='lat'><strong>8.</strong></span> <span class='ocrx_word' id='word_1_302' title='bbox 737 1964 860 1996; x_wconf 76' lang='lat' dir='ltr'><strong>Formae</strong></span> <span class='ocrx_word' id='word_1_303' title='bbox 890 1963 1084 2004; x_wconf 81' lang='lat' dir='ltr'><strong>Judiciariae,</strong></span> 
     </span>
     <span class='ocr_line' id='line_1_46' title="bbox 222 2004 1081 2045; baseline -0.001 -9"><span class='ocrx_word' id='word_1_304' title='bbox 222 2015 315 2045; x_wconf 89' lang='lat' dir='ltr'><strong>quam</strong></span> <span class='ocrx_word' id='word_1_305' title='bbox 337 2005 470 2039; x_wconf 81' lang='lat' dir='ltr'><strong>Carolus</strong></span> <span class='ocrx_word' id='word_1_306' title='bbox 490 2007 530 2039; x_wconf 90' lang='lat' dir='ltr'><strong>V.</strong></span> <span class='ocrx_word' id='word_1_307' title='bbox 565 2006 669 2038; x_wconf 85' lang='lat' dir='ltr'><strong>Curiae</strong></span> <span class='ocrx_word' id='word_1_308' title='bbox 697 2005 897 2037; x_wconf 87' lang='lat' dir='ltr'><strong>Hollandicae</strong></span> <span class='ocrx_word' id='word_1_309' title='bbox 920 2004 1007 2036; x_wconf 90' lang='lat' dir='ltr'><strong>dedit</strong></span> <span class='ocrx_word' id='word_1_310' title='bbox 1031 2013 1081 2035; x_wconf 84' lang='lat'><strong>22.</strong></span> 
     </span>
     <span class='ocr_line' id='line_1_47' title="bbox 221 2044 1084 2087; baseline -0.005 -8"><span class='ocrx_word' id='word_1_311' title='bbox 221 2047 304 2087; x_wconf 84' lang='lat' dir='ltr'><strong>Aug.</strong></span> <span class='ocrx_word' id='word_1_312' title='bbox 331 2056 420 2087; x_wconf 80' lang='lat'><strong>1531.</strong></span> <span class='ocrx_word' id='word_1_313' title='bbox 452 2047 596 2079; x_wconf 84' lang='lat' dir='ltr'><strong>Tandem</strong></span> <span class='ocrx_word' id='word_1_314' title='bbox 616 2047 682 2086; x_wconf 87' lang='lat' dir='ltr'><strong>ait,</strong></span> <span class='ocrx_word' id='word_1_315' title='bbox 707 2047 848 2078; x_wconf 88' lang='lat' dir='ltr'><strong>ultimam</strong></span> <span class='ocrx_word' id='word_1_316' title='bbox 871 2045 1008 2077; x_wconf 87' lang='lat' dir='ltr'><strong>Comitis</strong></span> <span class='ocrx_word' id='word_1_317' title='bbox 1025 2044 1084 2076; x_wconf 90' lang='lat' dir='ltr'><strong>Le-</strong></span> 
     </span>
     <span class='ocr_line' id='line_1_48' title="bbox 222 2086 1084 2128; baseline -0.001 -9"><span class='ocrx_word' id='word_1_318' title='bbox 222 2096 294 2128; x_wconf 83' lang='lat' dir='ltr'><strong>gem</strong></span> <span class='ocrx_word' id='word_1_319' title='bbox 309 2087 370 2119; x_wconf 85' lang='lat' dir='ltr'><strong>e‘sse</strong></span> <span class='ocrx_word' id='word_1_320' title='bbox 389 2088 483 2119; x_wconf 87' lang='lat' dir='ltr'><strong>latam</strong></span> <span class='ocrx_word' id='word_1_321' title='bbox 501 2097 552 2120; x_wconf 81' lang='lat'><strong>21.</strong></span> <span class='ocrx_word' id='word_1_322' title='bbox 569 2087 593 2119; x_wconf 88' lang='lat' dir='ltr'>F</span> <span class='ocrx_word' id='word_1_323' title='bbox 595 2089 659 2120; x_wconf 80' lang='lat' dir='ltr'><strong>ebr.</strong></span> <span class='ocrx_word' id='word_1_324' title='bbox 684 2090 775 2127; x_wconf 86' lang='lat'><strong>1564.</strong></span> <span class='ocrx_word' id='word_1_325' title='bbox 800 2096 902 2128; x_wconf 90' lang='lat' dir='ltr'><strong>neque</strong></span> <span class='ocrx_word' id='word_1_326' title='bbox 923 2086 1006 2119; x_wconf 86' lang='grc'>0111111</span> <span class='ocrx_word' id='word_1_327' title='bbox 1028 2094 1084 2126; x_wconf 89' lang='lat' dir='ltr'><strong>po-</strong></span> 
     </span>
     <span class='ocr_line' id='line_1_49' title="bbox 221 2128 531 2162; baseline -0.003 0"><span class='ocrx_word' id='word_1_328' title='bbox 221 2129 384 2162; x_wconf 86' lang='lat' dir='ltr'><strong>steriorem</strong></span> <span class='ocrx_word' id='word_1_329' title='bbox 404 2128 531 2161; x_wconf 87' lang='lat' dir='ltr'><strong>exstare.</strong></span> 
     </span>
    </p>

    <p class='ocr_par' dir='ltr' id='par_1_4' title="bbox 221 2169 1089 2950">
     <span class='ocr_line' id='line_1_50' title="bbox 264 2169 1085 2212; baseline 0 -11"><span class='ocrx_word' id='word_1_330' title='bbox 264 2170 324 2202; x_wconf 87' lang='lat' dir='ltr'><strong>Sed</strong></span> <span class='ocrx_word' id='word_1_331' title='bbox 343 2169 427 2210; x_wconf 85' lang='lat' dir='ltr'><strong>haec,</strong></span> <span class='ocrx_word' id='word_1_332' title='bbox 452 2170 595 2212; x_wconf 87' lang='lat' dir='ltr'><strong>quamvis</strong></span> <span class='ocrx_word' id='word_1_333' title='bbox 612 2170 781 2203; x_wconf 68' lang='lat' dir='ltr'><strong>Auctorem</strong></span> <span class='ocrx_word' id='word_1_334' title='bbox 798 2171 865 2211; x_wconf 85' lang='lat' dir='ltr'><strong>ejus</strong></span> <span class='ocrx_word' id='word_1_335' title='bbox 884 2169 1003 2202; x_wconf 82' lang='lat' dir='ltr'><strong>Libelli</strong></span> <span class='ocrx_word' id='word_1_336' title='bbox 1018 2178 1085 2202; x_wconf 88' lang='lat' dir='ltr'><strong>mo·</strong></span> 
     </span>
     <span class='ocr_line' id='line_1_51' title="bbox 222 2211 1086 2250; baseline -0.001 -7"><span class='ocrx_word' id='word_1_337' title='bbox 222 2212 347 2250; x_wconf 88' lang='lat' dir='ltr'><strong>verint,</strong></span> <span class='ocrx_word' id='word_1_338' title='bbox 358 2219 409 2243; x_wconf 88' lang='lat' dir='ltr'><strong>me</strong></span> <span class='ocrx_word' id='word_1_339' title='bbox 429 2218 530 2244; x_wconf 84' lang='lat' dir='ltr'><strong>tamen</strong></span> <span class='ocrx_word' id='word_1_340' title='bbox 548 2221 613 2244; x_wconf 89' lang='lat' dir='ltr'><strong>non</strong></span> <span class='ocrx_word' id='word_1_341' title='bbox 630 2219 774 2244; x_wconf 86' lang='lat' dir='ltr'><strong>movent.</strong></span> <span class='ocrx_word' id='word_1_342' title='bbox 804 2211 936 2244; x_wconf 86' lang='lat' dir='ltr'><strong>Foedere</strong></span> <span class='ocrx_word' id='word_1_343' title='bbox 951 2211 1086 2243; x_wconf 87' lang='lat' dir='ltr'><strong>Utrech-</strong></span> 
     </span>
     <span class='ocr_line' id='line_1_52' title="bbox 224 2251 1083 2295; baseline 0 -11"><span class='ocrx_word' id='word_1_344' title='bbox 224 2261 299 2284; x_wconf 89' lang='lat' dir='ltr'><strong>tano</strong></span> <span class='ocrx_word' id='word_1_345' title='bbox 315 2253 499 2294; x_wconf 82' lang='lat' dir='ltr'><strong>nonmagis</strong></span> <span class='ocrx_word' id='word_1_346' title='bbox 511 2277 520 2292; x_wconf 93' lang='lat'><strong>,</strong></span> <span class='ocrx_word' id='word_1_347' title='bbox 543 2263 636 2295; x_wconf 83' lang='lat' dir='ltr'><strong>quam</strong></span> <span class='ocrx_word' id='word_1_348' title='bbox 654 2252 866 2291; x_wconf 87' lang='lat' dir='ltr'><strong>Gandavenfi,</strong></span> <span class='ocrx_word' id='word_1_349' title='bbox 882 2252 1032 2293; x_wconf 88' lang='lat' dir='ltr'><strong>Philippo</strong></span> <span class='ocrx_word' id='word_1_350' title='bbox 1044 2251 1083 2284; x_wconf 89' lang='grc' dir='ltr'><strong>ΙΙ.</strong></span> 
     </span>
     <span class='ocr_line' id='line_1_53' title="bbox 221 2293 1086 2336; baseline -0.001 -10"><span class='ocrx_word' id='word_1_351' title='bbox 221 2293 393 2335; x_wconf 77' lang='lat' dir='ltr'><strong>Imperium</strong></span> <span class='ocrx_word' id='word_1_352' title='bbox 410 2293 454 2326; x_wconf 87' lang='lat' dir='ltr'><strong>est</strong></span> <span class='ocrx_word' id='word_1_353' title='bbox 472 2294 656 2336; x_wconf 86' lang='lat' dir='ltr'><strong>abrogatum</strong></span> <span class='ocrx_word' id='word_1_354' title='bbox 667 2317 678 2333; x_wconf 87' lang='lat'><strong>,</strong></span> <span class='ocrx_word' id='word_1_355' title='bbox 703 2293 897 2326; x_wconf 84' lang='lat' dir='ltr'><strong>Gandavenfi</strong></span> <span class='ocrx_word' id='word_1_356' title='bbox 919 2302 1023 2325; x_wconf 90' lang='lat' dir='ltr'><strong>autem</strong></span> <span class='ocrx_word' id='word_1_357' title='bbox 1041 2302 1086 2325; x_wconf 90' lang='lat' dir='ltr'><strong>es-</strong></span> 
     </span>
     <span class='ocr_line' id='line_1_54' title="bbox 223 2334 1088 2376; baseline -0.001 -10"><span class='ocrx_word' id='word_1_358' title='bbox 223 2334 256 2366; x_wconf 88' lang='lat' dir='ltr'><strong>se</strong></span> <span class='ocrx_word' id='word_1_359' title='bbox 271 2334 453 2376; x_wconf 84' lang='lat' dir='ltr'><strong>abrogatum</strong></span> <span class='ocrx_word' id='word_1_360' title='bbox 482 2335 529 2367; x_wconf 84' lang='lat' dir='ltr'><strong>illi</strong></span> <span class='ocrx_word' id='word_1_361' title='bbox 552 2337 617 2368; x_wconf 78' lang='lat' dir='ltr'><strong>Scri</strong></span> <span class='ocrx_word' id='word_1_362' title='bbox 644 2336 706 2367; x_wconf 91' lang='lat' dir='ltr'><strong>tori</strong></span> <span class='ocrx_word' id='word_1_363' title='bbox 731 2335 869 2367; x_wconf 92' lang='lat' dir='ltr'><strong>nondum</strong></span> <span class='ocrx_word' id='word_1_364' title='bbox 893 2335 926 2368; x_wconf 91' lang='lat' dir='ltr'><strong>in</strong></span> <span class='ocrx_word' id='word_1_365' title='bbox 948 2343 1088 2366; x_wconf 88' lang='lat' dir='ltr'><strong>mentem</strong></span> 
     </span>
     <span class='ocr_line' id='line_1_55' title="bbox 223 2376 1086 2418; baseline 0.001 -11"><span class='ocrx_word' id='word_1_366' title='bbox 223 2384 373 2413; x_wconf 87' lang='lat' dir='ltr'><strong>venerat,</strong></span> <span class='ocrx_word' id='word_1_367' title='bbox 395 2376 452 2408; x_wconf 88' lang='grc'>0111</span> <span class='ocrx_word' id='word_1_368' title='bbox 466 2377 589 2408; x_wconf 88' lang='lat' dir='ltr'><strong>venerit</strong></span> <span class='ocrx_word' id='word_1_369' title='bbox 635 2377 782 2418; x_wconf 91' lang='lat' dir='ltr'><strong>onringio</strong></span> <span class='ocrx_word' id='word_1_370' title='bbox 796 2378 830 2408; x_wconf 87' lang='lat' dir='ltr'><strong>de</strong></span> <span class='ocrx_word' id='word_1_371' title='bbox 849 2376 974 2417; x_wconf 85' lang='lat' dir='ltr'><strong>Republ.</strong></span> <span class='ocrx_word' id='word_1_372' title='bbox 999 2376 1086 2418; x_wconf 80' lang='lat' dir='ltr'><strong>Bezg.</strong></span> 
     </span>
     <span class='ocr_line' id='line_1_56' title="bbox 223 2416 1087 2459; baseline 0 -11"><span class='ocrx_word' id='word_1_373' title='bbox 223 2427 255 2449; x_wconf 82' lang='lat' dir='ltr'><strong>n.</strong></span> <span class='ocrx_word' id='word_1_374' title='bbox 274 2427 323 2454; x_wconf 86' lang='lat'><strong>29-</strong></span> <span class='ocrx_word' id='word_1_375' title='bbox 346 2416 382 2452; x_wconf 75' lang='lat'><strong>&amp;³</strong></span> <span class='ocrx_word' id='word_1_376' title='bbox 399 2427 450 2459; x_wconf 81' lang='lat'><strong>30.</strong></span> <span class='ocrx_word' id='word_1_377' title='bbox 475 2417 536 2449; x_wconf 87' lang='lat' dir='ltr'><strong>Sed</strong></span> <span class='ocrx_word' id='word_1_378' title='bbox 552 2427 735 2459; x_wconf 85' lang='lat' dir='ltr'><strong>perperam,</strong></span> <span class='ocrx_word' id='word_1_379' title='bbox 760 2418 953 2450; x_wconf 89' lang='lat' dir='ltr'><strong>contrarium</strong></span> <span class='ocrx_word' id='word_1_380' title='bbox 972 2418 1087 2459; x_wconf 86' lang='lat' dir='ltr'><strong>quippe</strong></span> 
     </span>
     <span class='ocr_line' id='line_1_57' title="bbox 223 2458 1087 2532; baseline 0 -43"><span class='ocrx_word' id='word_1_381' title='bbox 223 2468 262 2503; x_wconf 71' lang='lat' dir='ltr'><strong>ex</strong></span> <span class='ocrx_word' id='word_1_382' title='bbox 281 2467 412 2499; x_wconf 88' lang='lat' dir='ltr'><strong>utroque</strong></span> <span class='ocrx_word' id='word_1_383' title='bbox 427 2458 452 2489; x_wconf 91' lang='lat' dir='ltr'><strong>F</strong></span> <span class='ocrx_word' id='word_1_384' title='bbox 454 2459 558 2490; x_wconf 91' lang='lat' dir='ltr'><strong>oedere</strong></span> <span class='ocrx_word' id='word_1_385' title='bbox 573 2467 700 2500; x_wconf 87' lang='lat' dir='ltr'><strong>apparet</strong></span> <span class='ocrx_word' id='word_1_386' title='bbox 711 2482 721 2498; x_wconf 95' lang='lat'>‚</span> <span class='ocrx_word' id='word_1_387' title='bbox 735 2458 765 2491; x_wconf 69' lang='grc' dir='ltr'><strong>ὅ(</strong></span> <span class='ocrx_word' id='word_1_388' title='bbox 779 2468 820 2490; x_wconf 90' lang='lat' dir='ltr'><strong>ex</strong></span> <span class='ocrx_word' id='word_1_389' title='bbox 836 2459 904 2491; x_wconf 90' lang='lat' dir='ltr'><strong>aliis</strong></span> <span class='ocrx_word' id='word_1_390' title='bbox 909 2467 1010 2532; x_wconf 49' lang='lat' dir='ltr'><strong>s{luam</strong></span> <span class='ocrx_word' id='word_1_391' title='bbox 1021 2459 1087 2500; x_wconf 92' lang='lat' dir='ltr'><strong>plu-</strong></span> 
     </span>
     <span class='ocr_line' id='line_1_58' title="bbox 224 2499 1089 2541; baseline 0.001 -11"><span class='ocrx_word' id='word_1_392' title='bbox 224 2499 332 2536; x_wconf 82' lang='lat' dir='ltr'><strong>rimis,</strong></span> <span class='ocrx_word' id='word_1_393' title='bbox 357 2509 426 2540; x_wconf 81' lang='lat' dir='ltr'><strong>quae</strong></span> <span class='ocrx_word' id='word_1_394' title='bbox 441 2509 524 2531; x_wconf 88' lang='lat' dir='ltr'><strong>nunc</strong></span> <span class='ocrx_word' id='word_1_395' title='bbox 542 2509 606 2531; x_wconf 92' lang='lat' dir='ltr'><strong>non</strong></span> <span class='ocrx_word' id='word_1_396' title='bbox 625 2500 785 2541; x_wconf 85' lang='lat' dir='ltr'><strong>exsequor.</strong></span> <span class='ocrx_word' id='word_1_397' title='bbox 830 2500 906 2533; x_wconf 88' lang='lat' dir='ltr'><strong>Veri</strong></span> <span class='ocrx_word' id='word_1_398' title='bbox 932 2509 1029 2532; x_wconf 79' lang='lat' dir='ltr'><strong>imum</strong></span> <span class='ocrx_word' id='word_1_399' title='bbox 1046 2499 1089 2531; x_wconf 92' lang='lat' dir='ltr'><strong>sa-</strong></span> 
     </span>
     <span class='ocr_line' id='line_1_59' title="bbox 225 2538 1089 2582; baseline 0.002 -12"><span class='ocrx_word' id='word_1_400' title='bbox 225 2549 266 2571; x_wconf 87' lang='lat' dir='ltr'><strong>ne</strong></span> <span class='ocrx_word' id='word_1_401' title='bbox 286 2539 331 2572; x_wconf 90' lang='lat' dir='ltr'><strong>est</strong></span> <span class='ocrx_word' id='word_1_402' title='bbox 349 2562 361 2578; x_wconf 95' lang='lat'><strong>,</strong></span> <span class='ocrx_word' id='word_1_403' title='bbox 400 2541 483 2582; x_wconf 87' lang='lat' dir='ltr'><strong>quod</strong></span> <span class='ocrx_word' id='word_1_404' title='bbox 509 2538 687 2576; x_wconf 82' lang='lat' dir='ltr'><strong>Consiliarii</strong></span> <span class='ocrx_word' id='word_1_405' title='bbox 719 2540 874 2573; x_wconf 89' lang='lat' dir='ltr'><strong>Ordinum</strong></span> <span class='ocrx_word' id='word_1_406' title='bbox 907 2541 1089 2573; x_wconf 82' lang='lat' dir='ltr'><strong>Hollandioe</strong></span> 
     </span>
     <span class='ocr_line' id='line_1_60' title="bbox 225 2580 1088 2622; baseline 0.002 -10"><span class='ocrx_word' id='word_1_407' title='bbox 225 2581 375 2612; x_wconf 87' lang='lat' dir='ltr'><strong>dixerunt</strong></span> <span class='ocrx_word' id='word_1_408' title='bbox 394 2581 426 2612; x_wconf 92' lang='lat' dir='ltr'><strong>in</strong></span> <span class='ocrx_word' id='word_1_409' title='bbox 448 2580 582 2621; x_wconf 84' lang='lat' dir='ltr'><strong>quodam</strong></span> <span class='ocrx_word' id='word_1_410' title='bbox 597 2580 758 2622; x_wconf 91' lang='lat' dir='ltr'><strong>Responso</strong></span> <span class='ocrx_word' id='word_1_411' title='bbox 780 2582 816 2613; x_wconf 88' lang='lat' dir='ltr'><strong>ad</strong></span> <span class='ocrx_word' id='word_1_412' title='bbox 834 2582 969 2614; x_wconf 91' lang='lat' dir='ltr'><strong>Ordines</strong></span> <span class='ocrx_word' id='word_1_413' title='bbox 986 2581 1088 2614; x_wconf 85' lang='lat' dir='ltr'><strong>Frifiae</strong></span> 
     </span>
     <span class='ocr_line' id='line_1_61' title="bbox 227 2620 1088 2664; baseline 0.001 -11"><span class='ocrx_word' id='word_1_414' title='bbox 227 2621 362 2663; x_wconf 82' lang='lat' dir='ltr'><strong>27.Jun.</strong></span> <span class='ocrx_word' id='word_1_415' title='bbox 386 2624 474 2663; x_wconf 86' lang='lat'><strong>1663.</strong></span> <span class='ocrx_word' id='word_1_416' title='bbox 499 2620 569 2662; x_wconf 85' lang='lat'><strong>(7).</strong></span> <span class='ocrx_word' id='word_1_417' title='bbox 594 2620 661 2652; x_wconf 79' lang='lat' dir='ltr'><strong>Dat</strong></span> <span class='ocrx_word' id='word_1_418' title='bbox 687 2623 722 2661; x_wconf 77' lang='lat' dir='ltr'><strong>hy</strong></span> <span class='ocrx_word' id='word_1_419' title='bbox 746 2623 780 2652; x_wconf 85' lang='lat' dir='ltr'><strong>de</strong></span> <span class='ocrx_word' id='word_1_420' title='bbox 810 2622 888 2654; x_wconf 81' lang='lat' dir='ltr'><strong>Unie</strong></span> <span class='ocrx_word' id='word_1_421' title='bbox 911 2624 945 2654; x_wconf 82' lang='lat' dir='ltr'><strong>de</strong></span> <span class='ocrx_word' id='word_1_422' title='bbox 974 2624 1088 2664; x_wconf 80' lang='lat' dir='ltr'><strong>Coning</strong></span> 
     </span>
     <span class='ocr_line' id='line_1_62' title="bbox 226 2662 1088 2704; baseline 0 -10"><span class='ocrx_word' id='word_1_423' title='bbox 226 2673 289 2694; x_wconf 78' lang='lat' dir='ltr'><strong>van</strong></span> <span class='ocrx_word' id='word_1_424' title='bbox 313 2663 441 2704; x_wconf 74' lang='lat' dir='ltr'><strong>Spaigne</strong></span> <span class='ocrx_word' id='word_1_425' title='bbox 465 2671 500 2692; x_wconf 75' lang='lat' dir='ltr'><strong>no</strong></span> <span class='ocrx_word' id='word_1_426' title='bbox 541 2662 660 2700; x_wconf 80' lang='lat' dir='ltr'><strong>erkem‚</strong></span> <span class='ocrx_word' id='word_1_427' title='bbox 693 2663 808 2693; x_wconf 82' lang='lat' dir='ltr'><strong>immers</strong></span> <span class='ocrx_word' id='word_1_428' title='bbox 850 2663 1088 2703; x_wconf 80' lang='lat' dir='ltr'><strong>epraesupponeert</strong></span> 
     </span>
     <span class='ocr_line' id='line_1_63' title="bbox 227 2702 1086 2744; baseline 0 -9"><span class='ocrx_word' id='word_1_429' title='bbox 227 2705 312 2735; x_wconf 79' lang='lat' dir='ltr'><strong>werd</strong></span> <span class='ocrx_word' id='word_1_430' title='bbox 328 2709 354 2734; x_wconf 84' lang='lat' dir='ltr'><strong>te</strong></span> <span class='ocrx_word' id='word_1_431' title='bbox 373 2703 469 2744; x_wconf 66' lang='lat' dir='ltr'><strong>wesen</strong></span> <span class='ocrx_word' id='word_1_432' title='bbox 523 2708 622 2744; x_wconf 79' lang='lat' dir='ltr'><strong>erlog,</strong></span> <span class='ocrx_word' id='word_1_433' title='bbox 648 2702 750 2734; x_wconf 83' lang='lat' dir='ltr'><strong>Grave</strong></span> <span class='ocrx_word' id='word_1_434' title='bbox 765 2711 801 2733; x_wconf 87' lang='lat' dir='ltr'><strong>en</strong></span> <span class='ocrx_word' id='word_1_435' title='bbox 856 2713 916 2734; x_wconf 83' lang='lat' dir='ltr'><strong>eere</strong></span> <span class='ocrx_word' id='word_1_436' title='bbox 932 2704 1086 2743; x_wconf 62' lang='lat' dir='ltr'><strong>mpeetive</strong></span> 
     </span>
     <span class='ocr_line' id='line_1_64' title="bbox 224 2743 1086 2786; baseline -0.001 -10"><span class='ocrx_word' id='word_1_437' title='bbox 224 2756 289 2777; x_wconf 76' lang='lat' dir='ltr'><strong>van</strong></span> <span class='ocrx_word' id='word_1_438' title='bbox 309 2745 370 2786; x_wconf 67' lang='lat' dir='ltr'><strong>dese</strong></span> <span class='ocrx_word' id='word_1_439' title='bbox 389 2744 568 2776; x_wconf 75' lang='lat' dir='ltr'><strong>Provincien</strong></span> <span class='ocrx_word' id='word_1_440' title='bbox 579 2765 590 2782; x_wconf 87' lang='lat'><strong>,</strong></span> <span class='ocrx_word' id='word_1_441' title='bbox 611 2744 655 2775; x_wconf 84' lang='lat' dir='ltr'><strong>als</strong></span> <span class='ocrx_word' id='word_1_442' title='bbox 671 2743 812 2784; x_wconf 74' lang='lat' dir='ltr'><strong>kennelyk</strong></span> <span class='ocrx_word' id='word_1_443' title='bbox 833 2745 943 2784; x_wconf 72' lang='lat' dir='ltr'><strong>zynde,</strong></span> <span class='ocrx_word' id='word_1_444' title='bbox 967 2746 1018 2775; x_wconf 81' lang='lat' dir='ltr'><strong>dat</strong></span> <span class='ocrx_word' id='word_1_445' title='bbox 1030 2746 1086 2776; x_wconf 84' lang='lat' dir='ltr'><strong>den</strong></span> 
     </span>
     <span class='ocr_line' id='line_1_65' title="bbox 229 2783 1085 2827; baseline -0.002 -9"><span class='ocrx_word' id='word_1_446' title='bbox 229 2787 331 2818; x_wconf 77' lang='lat' dir='ltr'><strong>zelven</strong></span> <span class='ocrx_word' id='word_1_447' title='bbox 351 2787 464 2827; x_wconf 80' lang='lat' dir='ltr'><strong>Coning</strong></span> <span class='ocrx_word' id='word_1_448' title='bbox 482 2787 556 2816; x_wconf 83' lang='lat' dir='ltr'><strong>daar</strong></span> <span class='ocrx_word' id='word_1_449' title='bbox 574 2795 652 2824; x_wconf 82' lang='lat' dir='ltr'><strong>van,</strong></span> <span class='ocrx_word' id='word_1_450' title='bbox 677 2786 714 2825; x_wconf 70' lang='lat' dir='ltr'><strong>by</strong></span> <span class='ocrx_word' id='word_1_451' title='bbox 728 2785 760 2814; x_wconf 85' lang='lat' dir='ltr'><strong>de</strong></span> <span class='ocrx_word' id='word_1_452' title='bbox 802 2783 990 2825; x_wconf 73' lang='lat' dir='ltr'><strong>esamentlyke</strong></span> <span class='ocrx_word' id='word_1_453' title='bbox 1012 2785 1085 2817; x_wconf 82' lang='lat' dir='ltr'><strong>Pro-</strong></span> 
     </span>
     <span class='ocr_line' id='line_1_66' title="bbox 227 2823 1087 2866; baseline -0.002 -7"><span class='ocrx_word' id='word_1_454' title='bbox 227 2829 348 2859; x_wconf 73' lang='lat' dir='ltr'><strong>vincieiz</strong></span> <span class='ocrx_word' id='word_1_455' title='bbox 364 2837 425 2858; x_wconf 82' lang='lat' dir='ltr'><strong>van</strong></span> <span class='ocrx_word' id='word_1_456' title='bbox 448 2828 481 2857; x_wconf 80' lang='lat' dir='ltr'><strong>de</strong></span> <span class='ocrx_word' id='word_1_457' title='bbox 506 2826 584 2857; x_wconf 82' lang='lat' dir='ltr'><strong>Unie</strong></span> <span class='ocrx_word' id='word_1_458' title='bbox 607 2823 680 2866; x_wconf 79' lang='lat' dir='ltr'><strong>eerst</strong></span> <span class='ocrx_word' id='word_1_459' title='bbox 707 2825 776 2856; x_wconf 68' lang='lat' dir='ltr'><strong>vers&lt;</strong></span> <span class='ocrx_word' id='word_1_460' title='bbox 790 2831 858 2856; x_wconf 67' lang='lat' dir='ltr'><strong>ciart</strong></span> <span class='ocrx_word' id='word_1_461' title='bbox 881 2826 906 2856; x_wconf 83' lang='lat' dir='ltr'><strong>is</strong></span> <span class='ocrx_word' id='word_1_462' title='bbox 932 2827 1087 2857; x_wconf 81' lang='lat' dir='ltr'><strong>vervallen</strong></span> 
     </span>
     <span class='ocr_line' id='line_1_67' title="bbox 229 2866 1088 2908; baseline -0.001 -9"><span class='ocrx_word' id='word_1_463' title='bbox 229 2876 256 2900; x_wconf 82' lang='lat' dir='ltr'><strong>ze</strong></span> <span class='ocrx_word' id='word_1_464' title='bbox 271 2868 367 2908; x_wconf 66' lang='lat' dir='ltr'><strong>wesbn</strong></span> <span class='ocrx_word' id='word_1_465' title='bbox 389 2869 421 2899; x_wconf 78' lang='lat' dir='ltr'><strong>in</strong></span> <span class='ocrx_word' id='word_1_466' title='bbox 438 2869 494 2898; x_wconf 82' lang='lat' dir='ltr'><strong>den</strong></span> <span class='ocrx_word' id='word_1_467' title='bbox 522 2866 597 2908; x_wconf 77' lang='lat' dir='ltr'><strong>Jare</strong></span> <span class='ocrx_word' id='word_1_468' title='bbox 626 2871 717 2906; x_wconf 86' lang='lat'><strong>1581.</strong></span> <span class='ocrx_word' id='word_1_469' title='bbox 739 2867 825 2908; x_wconf 74' lang='lat' dir='ltr'><strong>gelyk</strong></span> <span class='ocrx_word' id='word_1_470' title='bbox 845 2867 904 2897; x_wconf 83' lang='lat' dir='ltr'><strong>dan</strong></span> <span class='ocrx_word' id='word_1_471' title='bbox 922 2868 971 2898; x_wconf 69' lang='lat' dir='ltr'><strong>ool&lt;</strong></span> <span class='ocrx_word' id='word_1_472' title='bbox 990 2868 1025 2907; x_wconf 66' lang='lat' dir='ltr'><strong>by</strong></span> <span class='ocrx_word' id='word_1_473' title='bbox 1040 2868 1088 2898; x_wconf 76' lang='lat' dir='ltr'><strong>het</strong></span> 
     </span>
     <span class='ocr_line' id='line_1_68' title="bbox 226 2907 1088 2950; baseline -0.003 -9"><span class='ocrx_word' id='word_1_474' title='bbox 226 2920 258 2950; x_wconf 85' lang='grc'><strong>5.</strong></span> <span class='ocrx_word' id='word_1_475' title='bbox 275 2916 333 2942; x_wconf 75' lang='lat' dir='ltr'><strong>arc.</strong></span> <span class='ocrx_word' id='word_1_476' title='bbox 356 2919 418 2941; x_wconf 77' lang='lat' dir='ltr'><strong>van</strong></span> <span class='ocrx_word' id='word_1_477' title='bbox 437 2910 471 2940; x_wconf 82' lang='lat' dir='ltr'><strong>de</strong></span> <span class='ocrx_word' id='word_1_478' title='bbox 494 2909 572 2940; x_wconf 74' lang='lat' dir='ltr'><strong>Utzie</strong></span> <span class='ocrx_word' id='word_1_479' title='bbox 587 2909 620 2940; x_wconf 88' lang='lat' dir='ltr'><strong>de</strong></span> <span class='ocrx_word' id='word_1_480' title='bbox 639 2907 804 2940; x_wconf 66' lang='lat' dir='ltr'><strong>Domernen</strong></span> <span class='ocrx_word' id='word_1_481' title='bbox 821 2917 883 2939; x_wconf 81' lang='lat' dir='ltr'><strong>van</strong></span> <span class='ocrx_word' id='word_1_482' title='bbox 904 2908 938 2940; x_wconf 87' lang='lat' dir='ltr'><strong>de</strong></span> <span class='ocrx_word' id='word_1_483' title='bbox 960 2907 1088 2940; x_wconf 80' lang='lat' dir='ltr'><strong>Provin-</strong></span> 
     </span>
    </p>
   </div>
   <div class='ocr_carea' id='block_1_3' title="bbox 218 122 1046 157">
    <p class='ocr_par' dir='ltr' id='par_1_5' title="bbox 218 122 1046 157">
     <span class='ocr_line' id='line_1_69' title="bbox 218 122 1046 157; baseline 0.004 -9"><span class='ocrx_word' id='word_1_484' title='bbox 218 122 288 157; x_wconf 72' lang='lat'><strong>240</strong></span> <span class='ocrx_word' id='word_1_485' title='bbox 935 124 997 151; x_wconf 61' lang='lat' dir='ltr'><strong>vn</strong></span> <span class='ocrx_word' id='word_1_486' title='bbox 1020 122 1046 151; x_wconf 74' lang='grc' dir='ltr'><strong>Ν</strong></span> 
     </span>
    </p>
   </div>
   <div class='ocr_carea' id='block_1_4' title="bbox 222 3039 1087 3232">
    <p class='ocr_par' dir='ltr' id='par_1_6' title="bbox 222 3039 1087 3232">
     <span class='ocr_line' id='line_1_70' title="bbox 269 3039 1087 3080; baseline -0.001 -10"><span class='ocrx_word' id='word_1_487' title='bbox 269 3042 331 3078; x_wconf 78' lang='lat'><strong>(4)</strong></span> <span class='ocrx_word' id='word_1_488' title='bbox 351 3041 517 3078; x_wconf 80' lang='lat' dir='ltr'><strong>Inscriptus.</strong></span> <span class='ocrx_word' id='word_1_489' title='bbox 536 3039 703 3080; x_wconf 79' lang='lat' dir='ltr'><strong>Juflificatz&#39;e</strong></span> <span class='ocrx_word' id='word_1_490' title='bbox 722 3050 775 3071; x_wconf 83' lang='lat' dir='ltr'><strong>van</strong></span> <span class='ocrx_word' id='word_1_491' title='bbox 793 3040 823 3069; x_wconf 81' lang='lat' dir='ltr'><strong>de</strong></span> <span class='ocrx_word' id='word_1_492' title='bbox 836 3039 977 3079; x_wconf 80' lang='lat' dir='ltr'><strong>swevende</strong></span> <span class='ocrx_word' id='word_1_493' title='bbox 992 3039 1087 3069; x_wconf 76' lang='lat' dir='ltr'><strong>Proce-</strong></span> 
     </span>
     <span class='ocr_line' id='line_1_71' title="bbox 232 3077 1051 3118; baseline 0 -11"><span class='ocrx_word' id='word_1_494' title='bbox 232 3079 312 3107; x_wconf 76' lang='lat' dir='ltr'><strong>dureu</strong></span> <span class='ocrx_word' id='word_1_495' title='bbox 332 3081 446 3116; x_wconf 73' lang='lat' dir='ltr'><strong>tuffchen</strong></span> <span class='ocrx_word' id='word_1_496' title='bbox 468 3080 497 3107; x_wconf 81' lang='lat' dir='ltr'><strong>de</strong></span> <span class='ocrx_word' id='word_1_497' title='bbox 517 3079 613 3107; x_wconf 82' lang='lat' dir='ltr'><strong>Prince</strong></span> <span class='ocrx_word' id='word_1_498' title='bbox 633 3089 686 3108; x_wconf 81' lang='lat' dir='ltr'><strong>van</strong></span> <span class='ocrx_word' id='word_1_499' title='bbox 705 3080 813 3118; x_wconf 80' lang='lat' dir='ltr'><strong>Orange</strong></span> <span class='ocrx_word' id='word_1_500' title='bbox 832 3089 863 3108; x_wconf 86' lang='lat' dir='ltr'><strong>en</strong></span> <span class='ocrx_word' id='word_1_501' title='bbox 877 3077 1051 3116; x_wconf 80' lang='lat' dir='ltr'><strong>Amsterdam.</strong></span> 
     </span>
     <span class='ocr_line' id='line_1_72' title="bbox 269 3117 765 3154; baseline 0.008 -11"><span class='ocrx_word' id='word_1_502' title='bbox 269 3118 329 3152; x_wconf 80' lang='lat'><strong>(5)</strong></span> <span class='ocrx_word' id='word_1_503' title='bbox 352 3119 393 3144; x_wconf 80' lang='lat' dir='ltr'><strong>De</strong></span> <span class='ocrx_word' id='word_1_504' title='bbox 415 3119 557 3154; x_wconf 72' lang='lat' dir='ltr'><strong>Politicque</strong></span> <span class='ocrx_word' id='word_1_505' title='bbox 578 3117 765 3147; x_wconf 80' lang='lat' dir='ltr'><strong>Ordonnantie.</strong></span> 
     </span>
     <span class='ocr_line' id='line_1_73' title="bbox 241 3154 1084 3220; baseline 0.002 -38"><span class='ocrx_word' id='word_1_506' title='bbox 241 3156 330 3220; x_wconf 51' lang='lat' dir='ltr'><strong>¹k(6)</strong></span> <span class='ocrx_word' id='word_1_507' title='bbox 351 3154 486 3191; x_wconf 62' lang='lat' dir='ltr'><strong>Instrukiie</strong></span> <span class='ocrx_word' id='word_1_508' title='bbox 505 3166 566 3186; x_wconf 81' lang='lat' dir='ltr'><strong>voor</strong></span> <span class='ocrx_word' id='word_1_509' title='bbox 586 3157 634 3184; x_wconf 81' lang='lat' dir='ltr'><strong>den</strong></span> <span class='ocrx_word' id='word_1_510' title='bbox 653 3157 731 3187; x_wconf 81' lang='lat' dir='ltr'><strong>Hove</strong></span> <span class='ocrx_word' id='word_1_511' title='bbox 749 3165 802 3187; x_wconf 78' lang='lat' dir='ltr'><strong>van</strong></span> <span class='ocrx_word' id='word_1_512' title='bbox 820 3155 938 3187; x_wconf 80' lang='lat' dir='ltr'><strong>Holland</strong></span> <span class='ocrx_word' id='word_1_513' title='bbox 955 3156 984 3186; x_wconf 80' lang='lat' dir='ltr'><strong>in</strong></span> <span class='ocrx_word' id='word_1_514' title='bbox 1002 3155 1084 3185; x_wconf 77' lang='lat' dir='ltr'><strong>kleine</strong></span> 
     </span>
     <span class='ocr_line' id='line_1_74' title="bbox 222 3196 314 3232; baseline 0.011 -10"><span class='ocrx_word' id='word_1_515' title='bbox 222 3196 254 3232; x_wconf 73' lang='lat' dir='ltr'><strong>ja</strong></span> <span class='ocrx_word' id='word_1_516' title='bbox 274 3203 314 3225; x_wconf 68' lang='lat' dir='ltr'><strong>eii.</strong></span> 
     </span>
    </p>
   </div>
   <div class='ocr_carea' id='block_1_5' title="bbox 1117 111 1715 150">
    <p class='ocr_par' dir='ltr' id='par_1_7' title="bbox 1117 111 1715 150">
     <span class='ocr_line' id='line_1_75' title="bbox 1117 111 1715 150; baseline -0.003 0"><span class='ocrx_word' id='word_1_517' title='bbox 1117 111 1715 150; x_wconf 81' lang='lat' dir='ltr'><strong>BYNKERSHOEK</strong></span> 
     </span>
    </p>
   </div>
   <div class='ocr_carea' id='block_1_6' title="bbox 1095 189 2005 236">
    <p class='ocr_par' dir='ltr' id='par_1_8' title="bbox 1095 189 2005 236">
     <span class='ocr_line' id='line_1_76' title="bbox 1095 189 2005 236; baseline 0.004 -12"><span class='ocrx_word' id='word_1_518' title='bbox 1095 197 1099 201; x_wconf 84' lang='lat'>&#39;</span> <span class='ocrx_word' id='word_1_519' title='bbox 1119 195 1184 225; x_wconf 75' lang='lat' dir='ltr'><strong>cien</strong></span> <span class='ocrx_word' id='word_1_520' title='bbox 1212 202 1270 236; x_wconf 83' lang='lat' dir='ltr'><strong>nog</strong></span> <span class='ocrx_word' id='word_1_521' title='bbox 1295 198 1427 235; x_wconf 79' lang='lat' dir='ltr'><strong>genoemt</strong></span> <span class='ocrx_word' id='word_1_522' title='bbox 1449 194 1569 224; x_wconf 81' lang='lat' dir='ltr'><strong>werden</strong></span> <span class='ocrx_word' id='word_1_523' title='bbox 1599 193 1633 223; x_wconf 82' lang='lat' dir='ltr'><strong>de</strong></span> <span class='ocrx_word' id='word_1_524' title='bbox 1659 189 1785 224; x_wconf 85' lang='lat' dir='ltr'><strong>DoM</strong></span> <span class='ocrx_word' id='word_1_525' title='bbox 1790 192 1821 225; x_wconf 88' lang='lat' dir='ltr'><em>E</em></span> <span class='ocrx_word' id='word_1_526' title='bbox 1829 193 1850 226; x_wconf 87' lang='lat' dir='ltr'><em>I</em></span> <span class='ocrx_word' id='word_1_527' title='bbox 1856 195 1896 227; x_wconf 92' lang='lat' dir='ltr'><strong><em>N</em></strong></span> <span class='ocrx_word' id='word_1_528' title='bbox 1901 195 1974 230; x_wconf 81' lang='lat' dir='ltr'><strong>EN</strong></span> <span class='ocrx_word' id='word_1_529' title='bbox 2003 207 2005 217; x_wconf 67' lang='grc'><strong>1</strong></span> 
     </span>
    </p>
   </div>
   <div class='ocr_carea' id='block_1_7' title="bbox 1119 233 2008 2980">
    <p class='ocr_par' dir='ltr' id='par_1_9' title="bbox 1119 233 2008 1136">
     <span class='ocr_line' id='line_1_77' title="bbox 1121 233 2005 279; baseline 0.005 -13"><span class='ocrx_word' id='word_1_530' title='bbox 1121 235 1237 266; x_wconf 87' lang='lat' dir='ltr'><strong>VAN</strong></span> <span class='ocrx_word' id='word_1_531' title='bbox 1273 233 1344 266; x_wconf 87' lang='lat' dir='ltr'><strong>DE</strong></span> <span class='ocrx_word' id='word_1_532' title='bbox 1384 233 1752 266; x_wconf 82' lang='lat' dir='ltr'><strong>CONINGLYKE</strong></span> <span class='ocrx_word' id='word_1_533' title='bbox 1797 235 1970 279; x_wconf 82' lang='lat' dir='ltr'><em>MAJE-</em></span> <span class='ocrx_word' id='word_1_534' title='bbox 1998 236 2005 259; x_wconf 63' lang='lat' dir='ltr'><em>f</em></span> 
     </span>
     <span class='ocr_line' id='line_1_78' title="bbox 1123 273 1972 315; baseline -0.001 -8"><span class='ocrx_word' id='word_1_535' title='bbox 1123 276 1146 307; x_wconf 89' lang='lat' dir='ltr'><em>S</em></span> <span class='ocrx_word' id='word_1_536' title='bbox 1158 275 1221 307; x_wconf 90' lang='lat' dir='ltr'><strong>TE</strong></span> <span class='ocrx_word' id='word_1_537' title='bbox 1230 275 1251 308; x_wconf 91' lang='lat' dir='ltr'><em>I</em></span> <span class='ocrx_word' id='word_1_538' title='bbox 1259 275 1293 307; x_wconf 89' lang='lat' dir='ltr'><strong>T.</strong></span> <span class='ocrx_word' id='word_1_539' title='bbox 1338 275 1369 306; x_wconf 91' lang='lat' dir='ltr'><strong>Si</strong></span> <span class='ocrx_word' id='word_1_540' title='bbox 1387 274 1471 305; x_wconf 85' lang='lat' dir='ltr'><strong>dicas</strong></span> <span class='ocrx_word' id='word_1_541' title='bbox 1482 298 1490 312; x_wconf 92' lang='lat'><strong>‚</strong></span> <span class='ocrx_word' id='word_1_542' title='bbox 1503 282 1635 315; x_wconf 88' lang='lat' dir='ltr'><strong>utroque</strong></span> <span class='ocrx_word' id='word_1_543' title='bbox 1648 273 1777 305; x_wconf 85' lang='lat' dir='ltr'><strong>Foedere</strong></span> <span class='ocrx_word' id='word_1_544' title='bbox 1792 276 1906 309; x_wconf 90' lang='lat' dir='ltr'><strong>bellum</strong></span> <span class='ocrx_word' id='word_1_545' title='bbox 1921 279 1972 311; x_wconf 88' lang='lat' dir='ltr'><strong>de.</strong></span> 
     </span>
     <span class='ocr_line' id='line_1_79' title="bbox 1120 314 1967 356; baseline 0.002 -8"><span class='ocrx_word' id='word_1_546' title='bbox 1120 317 1206 348; x_wconf 91' lang='lat' dir='ltr'><strong>cerni</strong></span> <span class='ocrx_word' id='word_1_547' title='bbox 1226 325 1337 348; x_wconf 84' lang='lat' dir='ltr'><strong>contra</strong></span> <span class='ocrx_word' id='word_1_548' title='bbox 1349 314 1522 356; x_wconf 83' lang='lat' dir='ltr'><strong>Hispanos,</strong></span> <span class='ocrx_word' id='word_1_549' title='bbox 1545 316 1606 356; x_wconf 81' lang='lat' dir='ltr'><strong>J&#39;am</strong></span> <span class='ocrx_word' id='word_1_550' title='bbox 1624 314 1712 355; x_wconf 86' lang='lat' dir='ltr'><strong>supra</strong></span> <span class='ocrx_word' id='word_1_551' title='bbox 1723 314 1899 356; x_wconf 89' lang='lat' dir='ltr'><strong>responsum</strong></span> <span class='ocrx_word' id='word_1_552' title='bbox 1914 320 1967 352; x_wconf 85' lang='lat' dir='ltr'><strong>est.</strong></span> 
     </span>
     <span class='ocr_line' id='line_1_80' title="bbox 1119 355 2008 400; baseline 0.008 -12"><span class='ocrx_word' id='word_1_553' title='bbox 1119 356 1228 388; x_wconf 88' lang='lat' dir='ltr'><strong>Licuit</strong></span> <span class='ocrx_word' id='word_1_554' title='bbox 1249 367 1327 388; x_wconf 87' lang='lat' dir='ltr'><strong>vero</strong></span> <span class='ocrx_word' id='word_1_555' title='bbox 1353 365 1406 398; x_wconf 86' lang='lat' dir='ltr'><strong>per</strong></span> <span class='ocrx_word' id='word_1_556' title='bbox 1440 355 1468 397; x_wconf 85' lang='lat'><strong>§.</strong></span> <span class='ocrx_word' id='word_1_557' title='bbox 1496 365 1544 396; x_wconf 87' lang='grc'><strong>15.</strong></span> <span class='ocrx_word' id='word_1_558' title='bbox 1570 355 1634 388; x_wconf 90' lang='lat' dir='ltr'><strong>LL.</strong></span> <span class='ocrx_word' id='word_1_559' title='bbox 1664 356 1775 388; x_wconf 86' lang='lat' dir='ltr'><strong>Mariae</strong></span> <span class='ocrx_word' id='word_1_560' title='bbox 1802 357 1972 400; x_wconf 83' lang='lat' dir='ltr'><strong>Burgundae</strong></span> <span class='ocrx_word' id='word_1_561' title='bbox 2006 392 2008 395; x_wconf 86' lang='lat'><strong>.</strong></span> 
     </span>
     <span class='ocr_line' id='line_1_81' title="bbox 1123 397 1970 442; baseline 0.006 -13"><span class='ocrx_word' id='word_1_562' title='bbox 1123 407 1170 439; x_wconf 88' lang='lat'><strong>14.</strong></span> <span class='ocrx_word' id='word_1_563' title='bbox 1187 398 1283 430; x_wconf 90' lang='lat' dir='ltr'><strong>Mart.</strong></span> <span class='ocrx_word' id='word_1_564' title='bbox 1308 401 1398 438; x_wconf 79' lang='lat'><strong>1476.</strong></span> <span class='ocrx_word' id='word_1_565' title='bbox 1427 397 1598 429; x_wconf 83' lang='lat' dir='ltr'><strong>Ordinibus</strong></span> <span class='ocrx_word' id='word_1_566' title='bbox 1619 405 1681 428; x_wconf 81' lang='lat' dir='ltr'><strong>tarn</strong></span> <span class='ocrx_word' id='word_1_567' title='bbox 1709 398 1790 430; x_wconf 87' lang='lat' dir='ltr'><strong>inter</strong></span> <span class='ocrx_word' id='word_1_568' title='bbox 1807 398 1858 439; x_wconf 89' lang='lat' dir='ltr'><strong>se,</strong></span> <span class='ocrx_word' id='word_1_569' title='bbox 1880 410 1970 442; x_wconf 84' lang='lat' dir='ltr'><strong>quam</strong></span> 
     </span>
     <span class='ocr_line' id='line_1_82' title="bbox 1120 438 1971 475; baseline 0.002 -5"><span class='ocrx_word' id='word_1_570' title='bbox 1120 448 1192 470; x_wconf 90' lang='grc'>011111</span> <span class='ocrx_word' id='word_1_571' title='bbox 1210 439 1340 470; x_wconf 86' lang='grc'>3113111111</span> <span class='ocrx_word' id='word_1_572' title='bbox 1362 438 1597 470; x_wconf 84' lang='grc' dir='ltr'>Ρ1ον111013111111</span> <span class='ocrx_word' id='word_1_573' title='bbox 1619 438 1790 471; x_wconf 89' lang='lat' dir='ltr'><strong>Ordinibus</strong></span> <span class='ocrx_word' id='word_1_574' title='bbox 1810 440 1971 475; x_wconf 85' lang='lat' dir='ltr'><strong>consulere</strong></span> 
     </span>
     <span class='ocr_line' id='line_1_83' title="bbox 1121 478 2008 522; baseline 0.005 -10"><span class='ocrx_word' id='word_1_575' title='bbox 1121 480 1152 512; x_wconf 87' lang='lat'>&amp;</span> <span class='ocrx_word' id='word_1_576' title='bbox 1175 484 1272 511; x_wconf 77' lang='lat' dir='ltr'><strong>coi&#39;re.</strong></span> <span class='ocrx_word' id='word_1_577' title='bbox 1317 479 1371 512; x_wconf 91' lang='lat' dir='ltr'><strong>Sic</strong></span> <span class='ocrx_word' id='word_1_578' title='bbox 1398 479 1453 511; x_wconf 88' lang='lat' dir='ltr'><strong>illa</strong></span> <span class='ocrx_word' id='word_1_579' title='bbox 1474 479 1674 520; x_wconf 79' lang='lat' dir='ltr'><strong>simpliciter,</strong></span> <span class='ocrx_word' id='word_1_580' title='bbox 1706 478 1758 511; x_wconf 89' lang='lat' dir='ltr'><strong>sed</strong></span> <span class='ocrx_word' id='word_1_581' title='bbox 1782 481 1902 522; x_wconf 89' lang='lat' dir='ltr'><strong>addita,</strong></span> <span class='ocrx_word' id='word_1_582' title='bbox 1930 493 1970 516; x_wconf 89' lang='lat' dir='ltr'><strong>ne</strong></span> <span class='ocrx_word' id='word_1_583' title='bbox 2006 482 2008 497; x_wconf 67' lang='lat'>¹</span> 
     </span>
     <span class='ocr_line' id='line_1_84' title="bbox 1119 518 1974 562; baseline 0.005 -10"><span class='ocrx_word' id='word_1_584' title='bbox 1119 528 1232 552; x_wconf 90' lang='lat' dir='ltr'><strong>contra</strong></span> <span class='ocrx_word' id='word_1_585' title='bbox 1259 518 1453 552; x_wconf 85' lang='lat' dir='ltr'><strong>Gravionem</strong></span> <span class='ocrx_word' id='word_1_586' title='bbox 1478 520 1665 559; x_wconf 84' lang='lat' dir='ltr'><strong>consulant,</strong></span> <span class='ocrx_word' id='word_1_587' title='bbox 1696 520 1832 553; x_wconf 87' lang='lat' dir='ltr'><strong>clausula</strong></span> <span class='ocrx_word' id='word_1_588' title='bbox 1845 522 1974 562; x_wconf 71' lang='lat' dir='ltr'><strong>joannes</strong></span> 
     </span>
     <span class='ocr_line' id='line_1_85' title="bbox 1120 561 1975 603; baseline 0.006 -10"><span class='ocrx_word' id='word_1_589' title='bbox 1120 562 1257 594; x_wconf 85' lang='lat' dir='ltr'><strong>Bavarus</strong></span> <span class='ocrx_word' id='word_1_590' title='bbox 1275 562 1306 593; x_wconf 89' lang='lat' dir='ltr'><strong>in</strong></span> <span class='ocrx_word' id='word_1_591' title='bbox 1326 561 1353 603; x_wconf 88' lang='lat'><strong>§.</strong></span> <span class='ocrx_word' id='word_1_592' title='bbox 1376 571 1423 601; x_wconf 83' lang='lat'><strong>14.</strong></span> <span class='ocrx_word' id='word_1_593' title='bbox 1448 561 1630 603; x_wconf 85' lang='lat' dir='ltr'><strong>Privilegii,</strong></span> <span class='ocrx_word' id='word_1_594' title='bbox 1660 562 1745 603; x_wconf 88' lang='lat' dir='ltr'><strong>quod</strong></span> <span class='ocrx_word' id='word_1_595' title='bbox 1767 561 1975 598; x_wconf 86' lang='lat' dir='ltr'><strong>Dordrechta·</strong></span> 
     </span>
     <span class='ocr_line' id='line_1_86' title="bbox 1120 602 1970 644; baseline 0.006 -10"><span class='ocrx_word' id='word_1_596' title='bbox 1120 604 1169 634; x_wconf 90' lang='lat' dir='ltr'><strong>nis</strong></span> <span class='ocrx_word' id='word_1_597' title='bbox 1184 602 1270 634; x_wconf 87' lang='lat' dir='ltr'><strong>dedit</strong></span> <span class='ocrx_word' id='word_1_598' title='bbox 1288 612 1337 635; x_wconf 83' lang='lat'><strong>20.</strong></span> <span class='ocrx_word' id='word_1_599' title='bbox 1356 602 1424 642; x_wconf 90' lang='lat' dir='ltr'><strong>Jun.</strong></span> <span class='ocrx_word' id='word_1_600' title='bbox 1453 602 1612 644; x_wconf 80' lang='lat'><strong>1418.(8&gt;</strong></span> <span class='ocrx_word' id='word_1_601' title='bbox 1634 612 1675 635; x_wconf 89' lang='lat' dir='ltr'><strong>ex</strong></span> <span class='ocrx_word' id='word_1_602' title='bbox 1692 612 1755 643; x_wconf 85' lang='lat' dir='ltr'><strong>quo</strong></span> <span class='ocrx_word' id='word_1_603' title='bbox 1767 603 1890 644; x_wconf 88' lang='lat' dir='ltr'><strong>Joannis</strong></span> <span class='ocrx_word' id='word_1_604' title='bbox 1906 605 1970 639; x_wconf 86' lang='lat' dir='ltr'><strong>Pri-</strong></span> 
     </span>
     <span class='ocr_line' id='line_1_87' title="bbox 1120 641 1971 685; baseline 0.007 -11"><span class='ocrx_word' id='word_1_605' title='bbox 1120 643 1187 675; x_wconf 80' lang='lat' dir='ltr'><strong>vile</strong></span> <span class='ocrx_word' id='word_1_606' title='bbox 1210 643 1241 674; x_wconf 92' lang='lat' dir='ltr'><strong>io</strong></span> <span class='ocrx_word' id='word_1_607' title='bbox 1269 641 1357 674; x_wconf 87' lang='lat' dir='ltr'><strong>forte</strong></span> <span class='ocrx_word' id='word_1_608' title='bbox 1379 642 1503 674; x_wconf 86' lang='lat' dir='ltr'><strong>defendi</strong></span> <span class='ocrx_word' id='word_1_609' title='bbox 1529 643 1650 685; x_wconf 87' lang='lat' dir='ltr'><strong>poterit</strong></span> <span class='ocrx_word' id='word_1_610' title='bbox 1685 643 1834 677; x_wconf 87' lang='lat' dir='ltr'><strong>sententia</strong></span> <span class='ocrx_word' id='word_1_611' title='bbox 1866 645 1971 680; x_wconf 77' lang='lat' dir='ltr'><strong>Curiae</strong></span> 
     </span>
     <span class='ocr_line' id='line_1_88' title="bbox 1121 652 1974 725; baseline 0.006 -8"><span class='ocrx_word' id='word_1_612' title='bbox 1121 652 1324 723; x_wconf 48' lang='lat' dir='ltr'><strong>florianam,</strong></span> <span class='ocrx_word' id='word_1_613' title='bbox 1353 693 1413 725; x_wconf 88' lang='lat' dir='ltr'><strong>qua</strong></span> <span class='ocrx_word' id='word_1_614' title='bbox 1437 688 1528 724; x_wconf 87' lang='lat'><strong>1482.</strong></span> <span class='ocrx_word' id='word_1_615' title='bbox 1552 685 1730 717; x_wconf 80' lang='lat' dir='ltr'><strong>scultetum</strong></span> <span class='ocrx_word' id='word_1_616' title='bbox 1755 686 1784 718; x_wconf 88' lang='lat'>&amp;</span> <span class='ocrx_word' id='word_1_617' title='bbox 1806 686 1974 723; x_wconf 86' lang='lat' dir='ltr'><strong>Consulem</strong></span> 
     </span>
     <span class='ocr_line' id='line_1_89' title="bbox 1120 724 1972 770; baseline 0.007 -14"><span class='ocrx_word' id='word_1_618' title='bbox 1120 725 1284 766; x_wconf 86' lang='lat' dir='ltr'><strong>quemdam</strong></span> <span class='ocrx_word' id='word_1_619' title='bbox 1316 724 1588 758; x_wconf 80' lang='lat' dir='ltr'><strong>Dordrecntanum</strong></span> <span class='ocrx_word' id='word_1_620' title='bbox 1606 750 1616 765; x_wconf 87' lang='lat'>‚</span> <span class='ocrx_word' id='word_1_621' title='bbox 1658 726 1741 766; x_wconf 86' lang='lat' dir='ltr'><strong>quod</strong></span> <span class='ocrx_word' id='word_1_622' title='bbox 1768 727 1972 770; x_wconf 87' lang='lat' dir='ltr'><strong>censuissent,</strong></span> 
     </span>
     <span class='ocr_line' id='line_1_90' title="bbox 1120 765 1978 809; baseline 0.005 -11"><span class='ocrx_word' id='word_1_623' title='bbox 1120 766 1224 798; x_wconf 89' lang='lat' dir='ltr'><strong>Urbes</strong></span> <span class='ocrx_word' id='word_1_624' title='bbox 1241 765 1304 797; x_wconf 85' lang='lat' dir='ltr'><strong>effe</strong></span> <span class='ocrx_word' id='word_1_625' title='bbox 1322 766 1559 805; x_wconf 82' lang='lat' dir='ltr'><strong>convocandas,</strong></span> <span class='ocrx_word' id='word_1_626' title='bbox 1583 776 1618 799; x_wconf 89' lang='lat' dir='ltr'><strong>ut</strong></span> <span class='ocrx_word' id='word_1_627' title='bbox 1634 768 1786 809; x_wconf 87' lang='lat' dir='ltr'><strong>peregrini</strong></span> <span class='ocrx_word' id='word_1_628' title='bbox 1803 770 1919 802; x_wconf 86' lang='lat' dir='ltr'><strong>milites</strong></span> <span class='ocrx_word' id='word_1_629' title='bbox 1937 780 1978 805; x_wconf 83' lang='lat' dir='ltr'><strong>ex</strong></span> 
     </span>
     <span class='ocr_line' id='line_1_91' title="bbox 1121 807 1976 849; baseline 0.007 -11"><span class='ocrx_word' id='word_1_630' title='bbox 1121 807 1292 840; x_wconf 87' lang='lat' dir='ltr'><strong>Hollandia</strong></span> <span class='ocrx_word' id='word_1_631' title='bbox 1322 807 1575 847; x_wconf 87' lang='lat' dir='ltr'><strong>expellerentur,</strong></span> <span class='ocrx_word' id='word_1_632' title='bbox 1598 809 1635 840; x_wconf 91' lang='lat' dir='ltr'><strong>ad</strong></span> <span class='ocrx_word' id='word_1_633' title='bbox 1657 809 1790 849; x_wconf 87' lang='lat' dir='ltr'><strong>gladium</strong></span> <span class='ocrx_word' id='word_1_634' title='bbox 1810 810 1976 846; x_wconf 78' lang='lat' dir='ltr'><strong>damnavit.</strong></span> 
     </span>
     <span class='ocr_line' id='line_1_92' title="bbox 1121 846 1973 890; baseline 0.006 -10"><span class='ocrx_word' id='word_1_635' title='bbox 1121 847 1220 889; x_wconf 88' lang='lat' dir='ltr'><strong>Hugo</strong></span> <span class='ocrx_word' id='word_1_636' title='bbox 1247 846 1381 879; x_wconf 89' lang='lat' dir='ltr'><strong>Grotius</strong></span> <span class='ocrx_word' id='word_1_637' title='bbox 1408 846 1511 886; x_wconf 83' lang='lat' dir='ltr'><strong>Confil.</strong></span> <span class='ocrx_word' id='word_1_638' title='bbox 1533 848 1617 881; x_wconf 84' lang='lat' dir='ltr'><strong>Holl.</strong></span> <span class='ocrx_word' id='word_1_639' title='bbox 1644 849 1752 882; x_wconf 81' lang='lat' dir='ltr'><strong>T.111.</strong></span> <span class='ocrx_word' id='word_1_640' title='bbox 1777 850 1880 890; x_wconf 84' lang='lat' dir='ltr'><strong>Confil.</strong></span> <span class='ocrx_word' id='word_1_641' title='bbox 1903 856 1973 886; x_wconf 83' lang='lat'><strong>226.</strong></span> 
     </span>
     <span class='ocr_line' id='line_1_93' title="bbox 1121 888 1977 932; baseline 0.004 -10"><span class='ocrx_word' id='word_1_642' title='bbox 1121 899 1151 922; x_wconf 75' lang='lat' dir='ltr'><strong>n.</strong></span> <span class='ocrx_word' id='word_1_643' title='bbox 1177 892 1229 924; x_wconf 78' lang='lat'><strong>86.</strong></span> <span class='ocrx_word' id='word_1_644' title='bbox 1251 889 1383 930; x_wconf 86' lang='lat' dir='ltr'><strong>aliique,</strong></span> <span class='ocrx_word' id='word_1_645' title='bbox 1407 890 1461 930; x_wconf 86' lang='lat' dir='ltr'><strong>qui</strong></span> <span class='ocrx_word' id='word_1_646' title='bbox 1485 888 1635 924; x_wconf 89' lang='lat' dir='ltr'><strong>Grotium</strong></span> <span class='ocrx_word' id='word_1_647' title='bbox 1655 890 1833 932; x_wconf 80' lang='lat' dir='ltr'><strong>simpliciter</strong></span> <span class='ocrx_word' id='word_1_648' title='bbox 1851 892 1868 924; x_wconf 93' lang='lat' dir='ltr'><strong>s</strong></span> <span class='ocrx_word' id='word_1_649' title='bbox 1902 900 1977 931; x_wconf 67' lang='lat' dir='ltr'><strong>uun-</strong></span> 
     </span>
     <span class='ocr_line' id='line_1_94' title="bbox 1123 929 1976 976; baseline 0.004 -14"><span class='ocrx_word' id='word_1_650' title='bbox 1123 938 1195 971; x_wconf 88' lang='lat' dir='ltr'><strong>tur,</strong></span> <span class='ocrx_word' id='word_1_651' title='bbox 1218 930 1298 962; x_wconf 84' lang='lat' dir='ltr'><strong>hanc</strong></span> <span class='ocrx_word' id='word_1_652' title='bbox 1317 929 1420 962; x_wconf 82' lang='lat' dir='ltr'><strong>Curiae</strong></span> <span class='ocrx_word' id='word_1_653' title='bbox 1438 929 1645 971; x_wconf 86' lang='lat' dir='ltr'><strong>sententiam,</strong></span> <span class='ocrx_word' id='word_1_654' title='bbox 1668 939 1704 963; x_wconf 91' lang='lat' dir='ltr'><strong>ut</strong></span> <span class='ocrx_word' id='word_1_655' title='bbox 1716 933 1805 965; x_wconf 88' lang='lat' dir='ltr'><strong>valde</strong></span> <span class='ocrx_word' id='word_1_656' title='bbox 1822 934 1863 974; x_wconf 87' lang='lat' dir='ltr'><strong>inj</strong></span> <span class='ocrx_word' id='word_1_657' title='bbox 1929 937 1976 976; x_wconf 58' lang='lat' dir='ltr'><strong>m}</strong></span> 
     </span>
     <span class='ocr_line' id='line_1_95' title="bbox 1121 971 1981 1016; baseline 0.005 -12"><span class='ocrx_word' id='word_1_658' title='bbox 1121 981 1186 1005; x_wconf 88' lang='lat' dir='ltr'><strong>non</strong></span> <span class='ocrx_word' id='word_1_659' title='bbox 1205 971 1267 1004; x_wconf 87' lang='lat' dir='ltr'><strong>fine</strong></span> <span class='ocrx_word' id='word_1_660' title='bbox 1283 971 1456 1012; x_wconf 90' lang='lat' dir='ltr'><strong>opprobrio</strong></span> <span class='ocrx_word' id='word_1_661' title='bbox 1472 973 1651 1013; x_wconf 80' lang='lat' dir='ltr'><strong>exagitant,</strong></span> <span class='ocrx_word' id='word_1_662' title='bbox 1675 973 1770 1005; x_wconf 86' lang='lat' dir='ltr'><strong>etiam</strong></span> <span class='ocrx_word' id='word_1_663' title='bbox 1789 974 1880 1014; x_wconf 88' lang='lat' dir='ltr'><strong>ideo,</strong></span> <span class='ocrx_word' id='word_1_664' title='bbox 1898 975 1981 1016; x_wconf 78' lang='lat' dir='ltr'><strong>quod</strong></span> 
     </span>
     <span class='ocr_line' id='line_1_96' title="bbox 1120 1012 1977 1056; baseline 0.006 -12"><span class='ocrx_word' id='word_1_665' title='bbox 1120 1020 1231 1044; x_wconf 83' lang='lat' dir='ltr'><strong>contra</strong></span> <span class='ocrx_word' id='word_1_666' title='bbox 1247 1012 1478 1045; x_wconf 88' lang='lat' dir='ltr'><strong>Hollandorum</strong></span> <span class='ocrx_word' id='word_1_667' title='bbox 1501 1013 1670 1056; x_wconf 89' lang='lat' dir='ltr'><strong>Privilegia</strong></span> <span class='ocrx_word' id='word_1_668' title='bbox 1693 1015 1790 1055; x_wconf 77' lang='lat' dir='ltr'><strong>esset,</strong></span> <span class='ocrx_word' id='word_1_669' title='bbox 1814 1025 1977 1050; x_wconf 87' lang='lat' dir='ltr'><strong>externum</strong></span> 
     </span>
     <span class='ocr_line' id='line_1_97' title="bbox 1121 1052 1982 1095; baseline 0.006 -9"><span class='ocrx_word' id='word_1_670' title='bbox 1121 1054 1254 1086; x_wconf 84' lang='lat' dir='ltr'><strong>militem</strong></span> <span class='ocrx_word' id='word_1_671' title='bbox 1275 1053 1318 1085; x_wconf 89' lang='lat' dir='ltr'><strong>ibi</strong></span> <span class='ocrx_word' id='word_1_672' title='bbox 1335 1053 1417 1092; x_wconf 81' lang='lat' dir='ltr'><strong>effe,</strong></span> <span class='ocrx_word' id='word_1_673' title='bbox 1438 1052 1490 1085; x_wconf 89' lang='lat' dir='ltr'><strong>sed</strong></span> <span class='ocrx_word' id='word_1_674' title='bbox 1504 1054 1570 1095; x_wconf 83' lang='lat' dir='ltr'><strong>eJ&#39;us</strong></span> <span class='ocrx_word' id='word_1_675' title='bbox 1588 1057 1632 1087; x_wconf 85' lang='lat' dir='ltr'><strong>rei</strong></span> <span class='ocrx_word' id='word_1_676' title='bbox 1651 1057 1733 1087; x_wconf 88' lang='lat' dir='ltr'><strong>ratio</strong></span> <span class='ocrx_word' id='word_1_677' title='bbox 1761 1057 1791 1089; x_wconf 73' lang='grc' dir='ltr'><strong>δε</strong></span> <span class='ocrx_word' id='word_1_678' title='bbox 1815 1058 1982 1090; x_wconf 68' lang='lat' dir='ltr'><strong>auctoritas</strong></span> 
     </span>
     <span class='ocr_line' id='line_1_98' title="bbox 1121 1093 1385 1136; baseline -0.004 -9"><span class='ocrx_word' id='word_1_679' title='bbox 1121 1103 1173 1127; x_wconf 87' lang='lat' dir='ltr'><strong>me</strong></span> <span class='ocrx_word' id='word_1_680' title='bbox 1189 1095 1279 1135; x_wconf 89' lang='lat' dir='ltr'><strong>plane</strong></span> <span class='ocrx_word' id='word_1_681' title='bbox 1292 1093 1385 1136; x_wconf 86' lang='lat' dir='ltr'><strong>fugit.</strong></span> 
     </span>
    </p>

    <p class='ocr_par' dir='ltr' id='par_1_10' title="bbox 1123 1135 1988 2694">
     <span class='ocr_line' id='line_1_99' title="bbox 1167 1135 1980 1182; baseline 0.007 -16"><span class='ocrx_word' id='word_1_682' title='bbox 1167 1135 1318 1168; x_wconf 68' lang='lat' dir='ltr'><strong>Praeterea</strong></span> <span class='ocrx_word' id='word_1_683' title='bbox 1334 1136 1371 1182; x_wconf 77' lang='lat' dir='ltr'><strong>ad</strong></span> <span class='ocrx_word' id='word_1_684' title='bbox 1393 1135 1493 1182; x_wconf 76' lang='lat' dir='ltr'><strong>Leges</strong></span> <span class='ocrx_word' id='word_1_685' title='bbox 1516 1135 1671 1170; x_wconf 88' lang='lat' dir='ltr'><strong>Ordinum</strong></span> <span class='ocrx_word' id='word_1_686' title='bbox 1689 1148 1844 1180; x_wconf 83' lang='lat' dir='ltr'><strong>provocat</strong></span> <span class='ocrx_word' id='word_1_687' title='bbox 1864 1139 1980 1172; x_wconf 69' lang='lat' dir='ltr'><strong>Austor</strong></span> 
     </span>
     <span class='ocr_line' id='line_1_100' title="bbox 1123 1177 1981 1217; baseline 0.007 -10"><span class='ocrx_word' id='word_1_688' title='bbox 1123 1178 1208 1217; x_wconf 86' lang='lat' dir='ltr'><strong>ejus,</strong></span> <span class='ocrx_word' id='word_1_689' title='bbox 1234 1185 1325 1216; x_wconf 86' lang='lat' dir='ltr'><strong>quern</strong></span> <span class='ocrx_word' id='word_1_690' title='bbox 1339 1177 1406 1208; x_wconf 77' lang='lat' dir='ltr'><strong>drxr</strong></span> <span class='ocrx_word' id='word_1_691' title='bbox 1418 1201 1428 1213; x_wconf 81' lang='grc'>,</span> <span class='ocrx_word' id='word_1_692' title='bbox 1446 1177 1572 1210; x_wconf 84' lang='lat' dir='ltr'><strong>Libelli.</strong></span> <span class='ocrx_word' id='word_1_693' title='bbox 1595 1179 1639 1211; x_wconf 89' lang='lat' dir='ltr'><strong>At</strong></span> <span class='ocrx_word' id='word_1_694' title='bbox 1656 1189 1732 1212; x_wconf 90' lang='lat' dir='ltr'><strong>vero</strong></span> <span class='ocrx_word' id='word_1_695' title='bbox 1750 1180 1885 1213; x_wconf 89' lang='lat' dir='ltr'><strong>Ordines</strong></span> <span class='ocrx_word' id='word_1_696' title='bbox 1905 1189 1981 1213; x_wconf 82' lang='lat' dir='ltr'><strong>tem·</strong></span> 
     </span>
     <span class='ocr_line' id='line_1_101' title="bbox 1124 1216 1982 1262; baseline 0.007 -14"><span class='ocrx_word' id='word_1_697' title='bbox 1124 1227 1201 1262; x_wconf 78' lang='lat' dir='ltr'><strong>pore</strong></span> <span class='ocrx_word' id='word_1_698' title='bbox 1216 1216 1411 1249; x_wconf 88' lang='lat' dir='ltr'><strong>Gravionum</strong></span> <span class='ocrx_word' id='word_1_699' title='bbox 1433 1217 1533 1258; x_wconf 82' lang='lat' dir='ltr'><strong>Leges</strong></span> <span class='ocrx_word' id='word_1_700' title='bbox 1548 1218 1632 1250; x_wconf 88' lang='lat' dir='ltr'><strong>ferre</strong></span> <span class='ocrx_word' id='word_1_701' title='bbox 1648 1221 1802 1261; x_wconf 76' lang='lat' dir='ltr'><strong>potuisse,</strong></span> <span class='ocrx_word' id='word_1_702' title='bbox 1825 1223 1856 1255; x_wconf 85' lang='lat'>&amp;</span> <span class='ocrx_word' id='word_1_703' title='bbox 1872 1231 1982 1254; x_wconf 86' lang='lat' dir='ltr'><strong>revera</strong></span> 
     </span>
     <span class='ocr_line' id='line_1_102' title="bbox 1123 1257 1984 1302; baseline 0.008 -13"><span class='ocrx_word' id='word_1_704' title='bbox 1123 1257 1247 1296; x_wconf 84' lang='lat' dir='ltr'><strong>tulisse,</strong></span> <span class='ocrx_word' id='word_1_705' title='bbox 1283 1258 1416 1298; x_wconf 87' lang='lat' dir='ltr'><strong>plurima</strong></span> <span class='ocrx_word' id='word_1_706' title='bbox 1448 1268 1551 1290; x_wconf 88' lang='lat' dir='ltr'><strong>earum</strong></span> <span class='ocrx_word' id='word_1_707' title='bbox 1585 1261 1725 1302; x_wconf 84' lang='lat' dir='ltr'><strong>exempla</strong></span> <span class='ocrx_word' id='word_1_708' title='bbox 1761 1262 1984 1296; x_wconf 86' lang='lat' dir='ltr'><strong>demonstrant.</strong></span> 
     </span>
     <span class='ocr_line' id='line_1_103' title="bbox 1124 1299 1984 1343; baseline 0.005 -12"><span class='ocrx_word' id='word_1_709' title='bbox 1124 1300 1203 1331; x_wconf 86' lang='lat' dir='ltr'><strong>Sunt</strong></span> <span class='ocrx_word' id='word_1_710' title='bbox 1219 1299 1313 1330; x_wconf 87' lang='lat' dir='ltr'><strong>etiam</strong></span> <span class='ocrx_word' id='word_1_711' title='bbox 1332 1299 1516 1331; x_wconf 87' lang='lat' dir='ltr'><strong>ultimorum</strong></span> <span class='ocrx_word' id='word_1_712' title='bbox 1533 1299 1695 1332; x_wconf 84' lang='lat' dir='ltr'><strong>Comitum</strong></span> <span class='ocrx_word' id='word_1_713' title='bbox 1715 1301 1984 1343; x_wconf 88' lang='lat' dir='ltr'><strong>Constitutiones,</strong></span> 
     </span>
     <span class='ocr_line' id='line_1_104' title="bbox 1125 1340 1982 1424; baseline 0.005 -10"><span class='ocrx_word' id='word_1_714' title='bbox 1125 1341 1269 1414; x_wconf 57' lang='lat' dir='ltr'><strong>{mair</strong></span> <span class='ocrx_word' id='word_1_715' title='bbox 1293 1340 1982 1424; x_wconf 42' lang='grc' dir='ltr'>13ἓθέὣᾛεὲε1111111111ῗο</span> 
     </span>
     <span class='ocr_line' id='line_1_105' title="bbox 1126 1422 1984 1470; baseline 0.006 -15"><span class='ocrx_word' id='word_1_716' title='bbox 1126 1423 1192 1455; x_wconf 90' lang='lat' dir='ltr'><strong>dire</strong></span> <span class='ocrx_word' id='word_1_717' title='bbox 1210 1422 1365 1465; x_wconf 86' lang='lat' dir='ltr'><strong>Legibus,</strong></span> <span class='ocrx_word' id='word_1_718' title='bbox 1389 1432 1463 1464; x_wconf 85' lang='lat' dir='ltr'><strong>quas</strong></span> <span class='ocrx_word' id='word_1_719' title='bbox 1479 1422 1611 1456; x_wconf 88' lang='lat' dir='ltr'><strong>Ordines</strong></span> <span class='ocrx_word' id='word_1_720' title='bbox 1627 1423 1725 1456; x_wconf 74' lang='lat' dir='ltr'><strong>essent</strong></span> <span class='ocrx_word' id='word_1_721' title='bbox 1743 1425 1843 1459; x_wconf 88' lang='lat' dir='ltr'><strong>laturi.</strong></span> <span class='ocrx_word' id='word_1_722' title='bbox 1889 1425 1984 1470; x_wconf 79' lang='lat' dir='ltr'><strong>Quod</strong></span> 
     </span>
     <span class='ocr_line' id='line_1_106' title="bbox 1126 1465 1981 1510; baseline 0.006 -14"><span class='ocrx_word' id='word_1_723' title='bbox 1126 1473 1231 1497; x_wconf 88' lang='lat' dir='ltr'><strong>autem</strong></span> <span class='ocrx_word' id='word_1_724' title='bbox 1253 1474 1279 1497; x_wconf 92' lang='lat'><strong>1.</strong></span> <span class='ocrx_word' id='word_1_725' title='bbox 1294 1465 1370 1506; x_wconf 88' lang='lat' dir='ltr'><strong>Apr.</strong></span> <span class='ocrx_word' id='word_1_726' title='bbox 1397 1469 1486 1504; x_wconf 87' lang='lat'><strong>1580.</strong></span> <span class='ocrx_word' id='word_1_727' title='bbox 1513 1465 1545 1497; x_wconf 90' lang='lat' dir='ltr'><strong>in</strong></span> <span class='ocrx_word' id='word_1_728' title='bbox 1562 1465 1742 1506; x_wconf 78' lang='lat' dir='ltr'><strong>Praefatione</strong></span> <span class='ocrx_word' id='word_1_729' title='bbox 1765 1466 1885 1500; x_wconf 82' lang='lat' dir='ltr'><strong>Formae</strong></span> <span class='ocrx_word' id='word_1_730' title='bbox 1899 1468 1981 1510; x_wconf 85' lang='lat' dir='ltr'><strong>Judi—</strong></span> 
     </span>
     <span class='ocr_line' id='line_1_107' title="bbox 1125 1505 1983 1549; baseline 0.006 -12"><span class='ocrx_word' id='word_1_731' title='bbox 1125 1507 1229 1538; x_wconf 81' lang='lat' dir='ltr'><strong>ciariae</strong></span> <span class='ocrx_word' id='word_1_732' title='bbox 1247 1507 1331 1546; x_wconf 91' lang='lat' dir='ltr'><strong>quod</strong></span> <span class='ocrx_word' id='word_1_733' title='bbox 1351 1505 1389 1537; x_wconf 90' lang='lat' dir='ltr'><strong>ad</strong></span> <span class='ocrx_word' id='word_1_734' title='bbox 1410 1506 1533 1547; x_wconf 91' lang='lat' dir='ltr'><strong>Oppida</strong></span> <span class='ocrx_word' id='word_1_735' title='bbox 1556 1508 1586 1539; x_wconf 75' lang='grc' dir='ltr'><strong>ἃ</strong></span> <span class='ocrx_word' id='word_1_736' title='bbox 1603 1517 1693 1549; x_wconf 83' lang='lat' dir='ltr'><strong>agros</strong></span> <span class='ocrx_word' id='word_1_737' title='bbox 1705 1508 1838 1541; x_wconf 87' lang='lat' dir='ltr'><strong>Ordines</strong></span> <span class='ocrx_word' id='word_1_738' title='bbox 1853 1507 1983 1542; x_wconf 86' lang='lat' dir='ltr'><strong>Hollan-</strong></span> 
     </span>
     <span class='ocr_line' id='line_1_108' title="bbox 1125 1546 1983 1591; baseline 0.007 -13"><span class='ocrx_word' id='word_1_739' title='bbox 1125 1548 1186 1579; x_wconf 89' lang='lat' dir='ltr'><strong>diae</strong></span> <span class='ocrx_word' id='word_1_740' title='bbox 1205 1547 1313 1588; x_wconf 86' lang='lat' dir='ltr'><strong>ajunt,</strong></span> <span class='ocrx_word' id='word_1_741' title='bbox 1337 1546 1368 1579; x_wconf 90' lang='lat' dir='ltr'><strong>se</strong></span> <span class='ocrx_word' id='word_1_742' title='bbox 1392 1547 1608 1580; x_wconf 82' lang='lat' dir='ltr'><strong>Gravionatum</strong></span> <span class='ocrx_word' id='word_1_743' title='bbox 1625 1548 1866 1591; x_wconf 69' lang='lat' dir='ltr'><strong>repraesentare,</strong></span> <span class='ocrx_word' id='word_1_744' title='bbox 1888 1551 1941 1590; x_wconf 87' lang='lat' dir='ltr'><strong>id,</strong></span> <span class='ocrx_word' id='word_1_745' title='bbox 1958 1550 1983 1585; x_wconf 83' lang='lat' dir='ltr'><strong>fi</strong></span> 
     </span>
     <span class='ocr_line' id='line_1_109' title="bbox 1126 1587 1982 1632; baseline 0.005 -11"><span class='ocrx_word' id='word_1_746' title='bbox 1126 1589 1165 1621; x_wconf 89' lang='lat' dir='ltr'><strong>de</strong></span> <span class='ocrx_word' id='word_1_747' title='bbox 1190 1588 1258 1630; x_wconf 90' lang='lat' dir='ltr'><strong>ipso</strong></span> <span class='ocrx_word' id='word_1_748' title='bbox 1284 1587 1447 1622; x_wconf 90' lang='lat' dir='ltr'><strong>Gravione</strong></span> <span class='ocrx_word' id='word_1_749' title='bbox 1472 1590 1711 1632; x_wconf 88' lang='lat' dir='ltr'><strong>intelligendum</strong></span> <span class='ocrx_word' id='word_1_750' title='bbox 1729 1590 1822 1631; x_wconf 72' lang='lat' dir='ltr'><strong>ess&#39;et,</strong></span> <span class='ocrx_word' id='word_1_751' title='bbox 1851 1601 1914 1624; x_wconf 90' lang='lat' dir='ltr'><strong>non</strong></span> <span class='ocrx_word' id='word_1_752' title='bbox 1927 1591 1982 1625; x_wconf 85' lang='lat' dir='ltr'><strong>ali·</strong></span> 
     </span>
     <span class='ocr_line' id='line_1_110' title="bbox 1127 1630 1984 1672; baseline 0.004 -9"><span class='ocrx_word' id='word_1_753' title='bbox 1127 1639 1176 1663; x_wconf 91' lang='lat' dir='ltr'><strong>ter</strong></span> <span class='ocrx_word' id='word_1_754' title='bbox 1198 1630 1425 1672; x_wconf 91' lang='lat' dir='ltr'><strong>intelligerem,</strong></span> <span class='ocrx_word' id='word_1_755' title='bbox 1448 1640 1540 1672; x_wconf 88' lang='lat' dir='ltr'><strong>quam</strong></span> <span class='ocrx_word' id='word_1_756' title='bbox 1563 1631 1648 1672; x_wconf 87' lang='lat' dir='ltr'><strong>quod</strong></span> <span class='ocrx_word' id='word_1_757' title='bbox 1673 1630 1885 1672; x_wconf 82' lang='lat' dir='ltr'><strong>Gravionem,</strong></span> <span class='ocrx_word' id='word_1_758' title='bbox 1907 1640 1984 1666; x_wconf 88' lang='lat' dir='ltr'><strong>tunc</strong></span> 
     </span>
     <span class='ocr_line' id='line_1_111' title="bbox 1126 1671 1984 1714; baseline 0.003 -9"><span class='ocrx_word' id='word_1_759' title='bbox 1126 1671 1303 1711; x_wconf 88' lang='lat' dir='ltr'><strong>absentem,</strong></span> <span class='ocrx_word' id='word_1_760' title='bbox 1328 1671 1502 1711; x_wconf 85' lang='lat' dir='ltr'><strong>referrent,</strong></span> <span class='ocrx_word' id='word_1_761' title='bbox 1526 1673 1615 1713; x_wconf 84' lang='lat' dir='ltr'><strong>cujus</strong></span> <span class='ocrx_word' id='word_1_762' title='bbox 1636 1673 1764 1706; x_wconf 85' lang='lat' dir='ltr'><strong>nomine</strong></span> <span class='ocrx_word' id='word_1_763' title='bbox 1790 1674 1927 1714; x_wconf 87' lang='lat' dir='ltr'><strong>totiens,</strong></span> <span class='ocrx_word' id='word_1_764' title='bbox 1946 1681 1984 1708; x_wconf 81' lang='lat' dir='ltr'><strong>ut</strong></span> 
     </span>
     <span class='ocr_line' id='line_1_112' title="bbox 1126 1712 1985 1755; baseline 0.002 -9"><span class='ocrx_word' id='word_1_765' title='bbox 1126 1714 1226 1755; x_wconf 85' lang='lat' dir='ltr'><strong>Leges</strong></span> <span class='ocrx_word' id='word_1_766' title='bbox 1252 1712 1391 1751; x_wconf 83' lang='lat' dir='ltr'><strong>ferrent,</strong></span> <span class='ocrx_word' id='word_1_767' title='bbox 1422 1712 1629 1747; x_wconf 84' lang='lat' dir='ltr'><strong>constitutum</strong></span> <span class='ocrx_word' id='word_1_768' title='bbox 1660 1715 1691 1748; x_wconf 71' lang='grc' dir='ltr'><strong>δι</strong></span> <span class='ocrx_word' id='word_1_769' title='bbox 1734 1713 1875 1748; x_wconf 88' lang='lat' dir='ltr'><strong>robatum</strong></span> <span class='ocrx_word' id='word_1_770' title='bbox 1898 1723 1985 1755; x_wconf 90' lang='lat' dir='ltr'><strong>erat;</strong></span> 
     </span>
     <span class='ocr_line' id='line_1_113' title="bbox 1125 1754 1984 1798; baseline 0.001 -10"><span class='ocrx_word' id='word_1_771' title='bbox 1125 1765 1209 1788; x_wconf 90' lang='lat' dir='ltr'><strong>nunc</strong></span> <span class='ocrx_word' id='word_1_772' title='bbox 1225 1755 1303 1787; x_wconf 89' lang='lat' dir='ltr'><strong>nihil</strong></span> <span class='ocrx_word' id='word_1_773' title='bbox 1320 1755 1408 1795; x_wconf 83' lang='lat' dir='ltr'><strong>aJ&#39;unt</strong></span> <span class='ocrx_word' id='word_1_774' title='bbox 1420 1777 1430 1794; x_wconf 94' lang='lat'><strong>,</strong></span> <span class='ocrx_word' id='word_1_775' title='bbox 1454 1764 1547 1796; x_wconf 86' lang='lat' dir='ltr'><strong>quam</strong></span> <span class='ocrx_word' id='word_1_776' title='bbox 1567 1754 1597 1787; x_wconf 92' lang='lat' dir='ltr'><strong>se</strong></span> <span class='ocrx_word' id='word_1_777' title='bbox 1611 1765 1707 1798; x_wconf 88' lang='lat' dir='ltr'><strong>reprae</strong></span> <span class='ocrx_word' id='word_1_778' title='bbox 1722 1763 1827 1788; x_wconf 88' lang='lat' dir='ltr'><strong>entare</strong></span> <span class='ocrx_word' id='word_1_779' title='bbox 1850 1756 1984 1790; x_wconf 84' lang='lat' dir='ltr'><strong>Ordines</strong></span> 
     </span>
     <span class='ocr_line' id='line_1_114' title="bbox 1128 1795 1981 1837; baseline 0.002 -8"><span class='ocrx_word' id='word_1_780' title='bbox 1128 1798 1287 1829; x_wconf 77' lang='lat' dir='ltr'><strong>Comitatus</strong></span> <span class='ocrx_word' id='word_1_781' title='bbox 1308 1795 1488 1828; x_wconf 84' lang='lat' dir='ltr'><strong>Hollandiae</strong></span> <span class='ocrx_word' id='word_1_782' title='bbox 1501 1796 1604 1837; x_wconf 92' lang='lat' dir='ltr'><strong>,quod</strong></span> <span class='ocrx_word' id='word_1_783' title='bbox 1624 1799 1670 1830; x_wconf 82' lang='lat' dir='ltr'><strong>est</strong></span> <span class='ocrx_word' id='word_1_784' title='bbox 1684 1796 1879 1830; x_wconf 86' lang='lat' dir='ltr'><strong>verissimum.</strong></span> <span class='ocrx_word' id='word_1_785' title='bbox 1901 1797 1981 1831; x_wconf 86' lang='lat' dir='ltr'><strong>Stre-</strong></span> 
     </span>
     <span class='ocr_line' id='line_1_115' title="bbox 1125 1837 1983 1881; baseline 0 -10"><span class='ocrx_word' id='word_1_786' title='bbox 1125 1847 1187 1871; x_wconf 91' lang='lat' dir='ltr'><strong>nue</strong></span> <span class='ocrx_word' id='word_1_787' title='bbox 1211 1837 1249 1870; x_wconf 88' lang='lat' dir='ltr'><strong>ad</strong></span> <span class='ocrx_word' id='word_1_788' title='bbox 1271 1837 1323 1871; x_wconf 86' lang='lat' dir='ltr'><strong>illa</strong></span> <span class='ocrx_word' id='word_1_789' title='bbox 1346 1837 1447 1869; x_wconf 73' lang='lat' dir='ltr'><strong>Editti</strong></span> <span class='ocrx_word' id='word_1_790' title='bbox 1473 1838 1567 1870; x_wconf 88' lang='lat' dir='ltr'><strong>verba</strong></span> <span class='ocrx_word' id='word_1_791' title='bbox 1590 1845 1723 1881; x_wconf 87' lang='lat' dir='ltr'><strong>nugatur</strong></span> <span class='ocrx_word' id='word_1_792' title='bbox 1743 1837 1983 1872; x_wconf 86' lang='lat' dir='ltr'><strong>Commentator</strong></span> 
     </span>
     <span class='ocr_line' id='line_1_116' title="bbox 1127 1879 1984 1922; baseline 0.001 -11"><span class='ocrx_word' id='word_1_793' title='bbox 1127 1879 1251 1921; x_wconf 89' lang='lat' dir='ltr'><strong>quidam</strong></span> <span class='ocrx_word' id='word_1_794' title='bbox 1268 1879 1349 1911; x_wconf 88' lang='lat' dir='ltr'><strong>auris</strong></span> <span class='ocrx_word' id='word_1_795' title='bbox 1369 1879 1504 1912; x_wconf 83' lang='lat' dir='ltr'><strong>Batavae.</strong></span> <span class='ocrx_word' id='word_1_796' title='bbox 1550 1879 1563 1911; x_wconf 88' lang='grc' dir='ltr'>Ι</span> <span class='ocrx_word' id='word_1_797' title='bbox 1587 1879 1608 1912; x_wconf 93' lang='grc'><strong>11</strong></span> <span class='ocrx_word' id='word_1_798' title='bbox 1628 1889 1752 1922; x_wconf 90' lang='lat' dir='ltr'><strong>quoque</strong></span> <span class='ocrx_word' id='word_1_799' title='bbox 1774 1879 1908 1912; x_wconf 86' lang='lat' dir='ltr'><strong>Ordines</strong></span> <span class='ocrx_word' id='word_1_800' title='bbox 1930 1889 1984 1913; x_wconf 84' lang='lat' dir='ltr'><strong>an·</strong></span> 
     </span>
     <span class='ocr_line' id='line_1_117' title="bbox 1128 1915 1985 1963; baseline 0.001 -10"><span class='ocrx_word' id='word_1_801' title='bbox 1128 1922 1246 1963; x_wconf 90' lang='lat' dir='ltr'><strong>tiquam</strong></span> <span class='ocrx_word' id='word_1_802' title='bbox 1261 1921 1395 1961; x_wconf 83' lang='lat' dir='ltr'><strong>aliquam</strong></span> <span class='ocrx_word' id='word_1_803' title='bbox 1412 1919 1548 1952; x_wconf 88' lang='lat' dir='ltr'><strong>Comitis</strong></span> <span class='ocrx_word' id='word_1_804' title='bbox 1592 1930 1680 1963; x_wconf 86' lang='lat' dir='ltr'><strong>egem</strong></span> <span class='ocrx_word' id='word_1_805' title='bbox 1698 1919 1871 1961; x_wconf 72' lang='lat' dir='ltr'><strong>potuissent</strong></span> <span class='ocrx_word' id='word_1_806' title='bbox 1894 1915 1985 1954; x_wconf 63' lang='lat' dir='ltr'><strong>abro&#39;·</strong></span> 
     </span>
     <span class='ocr_line' id='line_1_118' title="bbox 1127 1960 1983 2004; baseline 0 -10"><span class='ocrx_word' id='word_1_807' title='bbox 1127 1972 1218 2004; x_wconf 85' lang='lat' dir='ltr'><strong>gare,</strong></span> <span class='ocrx_word' id='word_1_808' title='bbox 1240 1960 1328 1994; x_wconf 89' lang='lat' dir='ltr'><strong>salvo</strong></span> <span class='ocrx_word' id='word_1_809' title='bbox 1349 1961 1435 2002; x_wconf 87' lang='lat' dir='ltr'><strong>ejus,</strong></span> <span class='ocrx_word' id='word_1_810' title='bbox 1457 1961 1478 1993; x_wconf 88' lang='lat' dir='ltr'><strong>fi</strong></span> <span class='ocrx_word' id='word_1_811' title='bbox 1496 1962 1659 2003; x_wconf 85' lang='lat' dir='ltr'><strong>abrogatio</strong></span> <span class='ocrx_word' id='word_1_812' title='bbox 1671 1961 1850 2003; x_wconf 86' lang='lat' dir='ltr'><strong>displiceret</strong></span> <span class='ocrx_word' id='word_1_813' title='bbox 1887 1962 1983 1994; x_wconf 84' lang='lat' dir='ltr'><strong>inter-</strong></span> 
     </span>
     <span class='ocr_line' id='line_1_119' title="bbox 1127 2002 1983 2044; baseline -0.002 -8"><span class='ocrx_word' id='word_1_814' title='bbox 1127 2004 1230 2042; x_wconf 68' lang='grc'>(11010,</span> <span class='ocrx_word' id='word_1_815' title='bbox 1253 2003 1307 2035; x_wconf 84' lang='grc'>1110</span> <span class='ocrx_word' id='word_1_816' title='bbox 1322 2010 1426 2034; x_wconf 84' lang='grc'>31110111</span> <span class='ocrx_word' id='word_1_817' title='bbox 1442 2003 1474 2034; x_wconf 88' lang='grc'><strong>111</strong></span> <span class='ocrx_word' id='word_1_818' title='bbox 1498 2003 1526 2034; x_wconf 82' lang='lat' dir='ltr'><strong>d.</strong></span> <span class='ocrx_word' id='word_1_819' title='bbox 1544 2002 1572 2042; x_wconf 91' lang='lat'><strong>§.</strong></span> <span class='ocrx_word' id='word_1_820' title='bbox 1595 2012 1623 2035; x_wconf 90' lang='lat'><strong>1.</strong></span> <span class='ocrx_word' id='word_1_821' title='bbox 1666 2002 1832 2044; x_wconf 89' lang='lat' dir='ltr'><strong>Ampliatae</strong></span> <span class='ocrx_word' id='word_1_822' title='bbox 1883 2012 1983 2041; x_wconf 64' lang='grc'>0111133</span> 
     </span>
     <span class='ocr_line' id='line_1_120' title="bbox 1132 2043 1985 2086; baseline 0 -9"><span class='ocrx_word' id='word_1_823' title='bbox 1132 2054 1220 2086; x_wconf 85' lang='lat'><strong>1579.</strong></span> <span class='ocrx_word' id='word_1_824' title='bbox 1244 2052 1284 2075; x_wconf 91' lang='lat' dir='ltr'><strong>ne</strong></span> <span class='ocrx_word' id='word_1_825' title='bbox 1301 2043 1464 2084; x_wconf 84' lang='lat' dir='ltr'><strong>abrogatio</strong></span> <span class='ocrx_word' id='word_1_826' title='bbox 1481 2043 1615 2084; x_wconf 63' lang='lat' dir='ltr'><strong>,quidem</strong></span> <span class='ocrx_word' id='word_1_827' title='bbox 1640 2044 1703 2076; x_wconf 82' lang='lat' dir='ltr'><strong>ulla</strong></span> <span class='ocrx_word' id='word_1_828' title='bbox 1724 2043 1787 2083; x_wconf 86' lang='lat' dir='ltr'><strong>ess,</strong></span> <span class='ocrx_word' id='word_1_829' title='bbox 1806 2053 1915 2076; x_wconf 91' lang='lat' dir='ltr'><strong>verum</strong></span> <span class='ocrx_word' id='word_1_830' title='bbox 1939 2044 1985 2085; x_wconf 51' lang='lat' dir='ltr'><strong>inf</strong></span> 
     </span>
     <span class='ocr_line' id='line_1_121' title="bbox 1127 2084 1986 2126; baseline 0.001 -9"><span class='ocrx_word' id='word_1_831' title='bbox 1127 2084 1312 2126; x_wconf 86' lang='lat' dir='ltr'><strong>terpretatio</strong></span> <span class='ocrx_word' id='word_1_832' title='bbox 1327 2084 1503 2122; x_wconf 87' lang='lat' dir='ltr'><strong>duntaxat,</strong></span> <span class='ocrx_word' id='word_1_833' title='bbox 1526 2093 1617 2125; x_wconf 88' lang='lat' dir='ltr'><strong>quam</strong></span> <span class='ocrx_word' id='word_1_834' title='bbox 1639 2085 1722 2126; x_wconf 87' lang='lat' dir='ltr'><strong>JCto</strong></span> <span class='ocrx_word' id='word_1_835' title='bbox 1743 2085 1795 2118; x_wconf 91' lang='lat' dir='ltr'><strong>vel</strong></span> <span class='ocrx_word' id='word_1_836' title='bbox 1834 2084 1916 2116; x_wconf 90' lang='lat' dir='ltr'><strong>udici</strong></span> <span class='ocrx_word' id='word_1_837' title='bbox 1934 2093 1986 2118; x_wconf 83' lang='grc'>110-</span> 
     </span>
     <span class='ocr_line' id='line_1_122' title="bbox 1127 2125 1986 2172; baseline 0 -13"><span class='ocrx_word' id='word_1_838' title='bbox 1127 2136 1181 2159; x_wconf 90' lang='lat' dir='ltr'><strong>mo</strong></span> <span class='ocrx_word' id='word_1_839' title='bbox 1198 2125 1358 2167; x_wconf 87' lang='lat' dir='ltr'><strong>negaverit</strong></span> <span class='ocrx_word' id='word_1_840' title='bbox 1379 2134 1523 2166; x_wconf 87' lang='lat' dir='ltr'><strong>unquam.</strong></span> <span class='ocrx_word' id='word_1_841' title='bbox 1569 2125 1666 2172; x_wconf 88' lang='lat' dir='ltr'><strong>Quod</strong></span> <span class='ocrx_word' id='word_1_842' title='bbox 1691 2126 1774 2158; x_wconf 90' lang='lat' dir='ltr'><strong>idem</strong></span> <span class='ocrx_word' id='word_1_843' title='bbox 1836 2125 1986 2166; x_wconf 76' lang='lat' dir='ltr'><strong>isputatol·</strong></span> 
     </span>
     <span class='ocr_line' id='line_1_123' title="bbox 1129 2166 1986 2208; baseline 0 -8"><span class='ocrx_word' id='word_1_844' title='bbox 1129 2168 1253 2200; x_wconf 85' lang='lat' dir='ltr'><strong>tandem</strong></span> <span class='ocrx_word' id='word_1_845' title='bbox 1280 2167 1343 2206; x_wconf 85' lang='grc'>311,</span> <span class='ocrx_word' id='word_1_846' title='bbox 1374 2166 1475 2208; x_wconf 88' lang='lat' dir='ltr'><strong>Leges</strong></span> <span class='ocrx_word' id='word_1_847' title='bbox 1500 2166 1638 2208; x_wconf 87' lang='lat' dir='ltr'><strong>Philippi</strong></span> <span class='ocrx_word' id='word_1_848' title='bbox 1672 2175 1794 2200; x_wconf 89' lang='lat' dir='ltr'><strong>tantum</strong></span> <span class='ocrx_word' id='word_1_849' title='bbox 1820 2166 1915 2199; x_wconf 79' lang='lat' dir='ltr'><strong>fuiffe</strong></span> <span class='ocrx_word' id='word_1_850' title='bbox 1938 2175 1986 2200; x_wconf 88' lang='lat' dir='ltr'><strong>re·</strong></span> 
     </span>
     <span class='ocr_line' id='line_1_124' title="bbox 1128 2207 1987 2291; baseline -0.001 -8"><span class='ocrx_word' id='word_1_851' title='bbox 1128 2216 1241 2283; x_wconf 52' lang='grc' dir='ltr'><strong>1ξέῑῖ</strong></span> <span class='ocrx_word' id='word_1_852' title='bbox 1253 2207 1615 2291; x_wconf 45' lang='grc' dir='ltr'><strong>ἳῗιρὲἒᾳξεῖηῗὲὴηῗεὲἰζ</strong></span> <span class='ocrx_word' id='word_1_853' title='bbox 1643 2212 1731 2291; x_wconf 61' lang='grc' dir='ltr'><strong>ἘΞἙ</strong></span> <span class='ocrx_word' id='word_1_854' title='bbox 1753 2208 1987 2282; x_wconf 51' lang='grc' dir='ltr'><strong>ἕέἃὲῐῗῶἓὲἱ</strong></span> 
     </span>
     <span class='ocr_line' id='line_1_125' title="bbox 1128 2271 1985 2332; baseline -0.002 -8"><span class='ocrx_word' id='word_1_855' title='bbox 1128 2293 1167 2324; x_wconf 93' lang='lat' dir='ltr'><strong>de</strong></span> <span class='ocrx_word' id='word_1_856' title='bbox 1183 2291 1252 2323; x_wconf 90' lang='lat' dir='ltr'><strong>aliis</strong></span> <span class='ocrx_word' id='word_1_857' title='bbox 1270 2290 1300 2322; x_wconf 70' lang='grc' dir='ltr'>ἃ</span> <span class='ocrx_word' id='word_1_858' title='bbox 1319 2289 1541 2331; x_wconf 88' lang='lat' dir='ltr'><strong>posterioribus</strong></span> <span class='ocrx_word' id='word_1_859' title='bbox 1557 2273 1692 2332; x_wconf 77' lang='lat' dir='ltr'><strong>Phiiippi</strong></span> <span class='ocrx_word' id='word_1_860' title='bbox 1713 2290 1849 2332; x_wconf 88' lang='lat' dir='ltr'><strong>Legibus</strong></span> <span class='ocrx_word' id='word_1_861' title='bbox 1864 2271 1963 2322; x_wconf 74' lang='lat' dir='ltr'><strong>di’cam</strong></span> <span class='ocrx_word' id='word_1_862' title='bbox 1972 2311 1985 2329; x_wconf 92' lang='lat'><strong>,</strong></span> 
     </span>
     <span class='ocr_line' id='line_1_126' title="bbox 1129 2330 1985 2375; baseline -0.004 -10"><span class='ocrx_word' id='word_1_863' title='bbox 1129 2333 1251 2375; x_wconf 89' lang='lat' dir='ltr'><strong>plenius</strong></span> <span class='ocrx_word' id='word_1_864' title='bbox 1267 2331 1466 2364; x_wconf 85' lang='lat' dir='ltr'><strong>refutabitur.</strong></span> <span class='ocrx_word' id='word_1_865' title='bbox 1507 2331 1568 2363; x_wconf 89' lang='lat' dir='ltr'><strong>Sed</strong></span> <span class='ocrx_word' id='word_1_866' title='bbox 1586 2341 1650 2365; x_wconf 89' lang='lat' dir='ltr'><strong>non</strong></span> <span class='ocrx_word' id='word_1_867' title='bbox 1675 2339 1805 2364; x_wconf 87' lang='lat' dir='ltr'><strong>noverat</strong></span> <span class='ocrx_word' id='word_1_868' title='bbox 1822 2330 1920 2362; x_wconf 88' lang='lat' dir='ltr'><strong>homo</strong></span> <span class='ocrx_word' id='word_1_869' title='bbox 1940 2331 1985 2362; x_wconf 89' lang='lat' dir='ltr'><strong>le-</strong></span> 
     </span>
     <span class='ocr_line' id='line_1_127' title="bbox 1129 2371 1985 2415; baseline -0.005 -9"><span class='ocrx_word' id='word_1_870' title='bbox 1129 2374 1220 2415; x_wconf 88' lang='lat' dir='ltr'><strong>pidus</strong></span> <span class='ocrx_word' id='word_1_871' title='bbox 1236 2373 1310 2405; x_wconf 90' lang='lat' dir='ltr'><strong>alias</strong></span> <span class='ocrx_word' id='word_1_872' title='bbox 1328 2372 1430 2414; x_wconf 89' lang='lat' dir='ltr'><strong>Leges</strong></span> <span class='ocrx_word' id='word_1_873' title='bbox 1444 2371 1603 2413; x_wconf 87' lang='lat' dir='ltr'><strong>Philippi,</strong></span> <span class='ocrx_word' id='word_1_874' title='bbox 1625 2382 1717 2415; x_wconf 90' lang='lat' dir='ltr'><strong>quam</strong></span> <span class='ocrx_word' id='word_1_875' title='bbox 1733 2382 1801 2414; x_wconf 86' lang='lat' dir='ltr'><strong>quae</strong></span> <span class='ocrx_word' id='word_1_876' title='bbox 1814 2378 1985 2403; x_wconf 86' lang='lat' dir='ltr'><strong>occurrunt</strong></span> 
     </span>
     <span class='ocr_line' id='line_1_128' title="bbox 1128 2412 1986 2456; baseline -0.006 -8"><span class='ocrx_word' id='word_1_877' title='bbox 1128 2416 1161 2448; x_wconf 88' lang='lat' dir='ltr'><strong>in</strong></span> <span class='ocrx_word' id='word_1_878' title='bbox 1187 2414 1351 2456; x_wconf 84' lang='lat' dir='ltr'><strong>Farragine</strong></span> <span class='ocrx_word' id='word_1_879' title='bbox 1379 2414 1434 2446; x_wconf 89' lang='lat' dir='ltr'><strong>illa</strong></span> <span class='ocrx_word' id='word_1_880' title='bbox 1463 2412 1583 2455; x_wconf 86' lang='lat' dir='ltr'><strong>Legum</strong></span> <span class='ocrx_word' id='word_1_881' title='bbox 1613 2413 1838 2450; x_wconf 86' lang='lat' dir='ltr'><strong>miscellarum,</strong></span> <span class='ocrx_word' id='word_1_882' title='bbox 1869 2420 1938 2452; x_wconf 88' lang='lat' dir='ltr'><strong>quae</strong></span> <span class='ocrx_word' id='word_1_883' title='bbox 1967 2420 1986 2443; x_wconf 89' lang='lat' dir='ltr'><strong>a</strong></span> 
     </span>
     <span class='ocr_line' id='line_1_129' title="bbox 1128 2451 1984 2499; baseline -0.005 -11"><span class='ocrx_word' id='word_1_884' title='bbox 1128 2456 1228 2498; x_wconf 89' lang='lat' dir='ltr'><strong>prima</strong></span> <span class='ocrx_word' id='word_1_885' title='bbox 1243 2454 1329 2497; x_wconf 91' lang='lat' dir='ltr'><strong>Lege</strong></span> <span class='ocrx_word' id='word_1_886' title='bbox 1345 2454 1518 2496; x_wconf 88' lang='lat' dir='ltr'><strong>appellatur</strong></span> <span class='ocrx_word' id='word_1_887' title='bbox 1541 2456 1575 2486; x_wconf 87' lang='lat' dir='ltr'><strong>de</strong></span> <span class='ocrx_word' id='word_1_888' title='bbox 1599 2453 1758 2499; x_wconf 45' lang='lat' dir='ltr'><strong>Instruffie·</strong></span> <span class='ocrx_word' id='word_1_889' title='bbox 1768 2462 1829 2484; x_wconf 82' lang='lat' dir='ltr'><strong>van</strong></span> <span class='ocrx_word' id='word_1_890' title='bbox 1847 2453 1903 2484; x_wconf 84' lang='lat' dir='ltr'><strong>den</strong></span> <span class='ocrx_word' id='word_1_891' title='bbox 1919 2451 1984 2484; x_wconf 85' lang='lat' dir='ltr'><strong>Ho-</strong></span> 
     </span>
     <span class='ocr_line' id='line_1_130' title="bbox 1133 2492 1988 2535; baseline -0.004 -6"><span class='ocrx_word' id='word_1_892' title='bbox 1133 2507 1170 2529; x_wconf 85' lang='lat' dir='ltr'><strong>ve</strong></span> <span class='ocrx_word' id='word_1_893' title='bbox 1204 2506 1266 2528; x_wconf 81' lang='lat' dir='ltr'><strong>van</strong></span> <span class='ocrx_word' id='word_1_894' title='bbox 1304 2495 1448 2528; x_wconf 83' lang='lat' dir='ltr'><strong>Holland.</strong></span> <span class='ocrx_word' id='word_1_895' title='bbox 1509 2494 1545 2527; x_wconf 88' lang='lat' dir='ltr'><strong>In</strong></span> <span class='ocrx_word' id='word_1_896' title='bbox 1577 2503 1613 2526; x_wconf 90' lang='lat' dir='ltr'><strong>ea</strong></span> <span class='ocrx_word' id='word_1_897' title='bbox 1646 2494 1801 2534; x_wconf 80' lang='lat' dir='ltr'><strong>farragme</strong></span> <span class='ocrx_word' id='word_1_898' title='bbox 1832 2492 1988 2535; x_wconf 82' lang='lat' dir='ltr'><strong>postrema</strong></span> 
     </span>
     <span class='ocr_line' id='line_1_131' title="bbox 1132 2533 1988 2579; baseline -0.004 -9"><span class='ocrx_word' id='word_1_899' title='bbox 1132 2537 1271 2579; x_wconf 84' lang='lat' dir='ltr'><strong>Philippi</strong></span> <span class='ocrx_word' id='word_1_900' title='bbox 1303 2538 1355 2570; x_wconf 85' lang='lat' dir='ltr'><strong>lex</strong></span> <span class='ocrx_word' id='word_1_901' title='bbox 1378 2537 1424 2568; x_wconf 91' lang='lat' dir='ltr'><strong>est</strong></span> <span class='ocrx_word' id='word_1_902' title='bbox 1447 2535 1590 2567; x_wconf 65' lang='lat' dir='ltr'><strong>Edictum</strong></span> <span class='ocrx_word' id='word_1_903' title='bbox 1613 2535 1653 2566; x_wconf 90' lang='lat' dir='ltr'><strong>de</strong></span> <span class='ocrx_word' id='word_1_904' title='bbox 1681 2533 1908 2574; x_wconf 79' lang='lat' dir='ltr'><strong>fidejussoribus</strong></span> <span class='ocrx_word' id='word_1_905' title='bbox 1936 2543 1988 2567; x_wconf 86' lang='lat' dir='ltr'><strong>an-</strong></span> 
     </span>
     <span class='ocr_line' id='line_1_132' title="bbox 1132 2575 1984 2620; baseline -0.005 -9"><span class='ocrx_word' id='word_1_906' title='bbox 1132 2587 1166 2611; x_wconf 91' lang='lat' dir='ltr'><strong>te</strong></span> <span class='ocrx_word' id='word_1_907' title='bbox 1186 2577 1323 2612; x_wconf 74' lang='lat' dir='ltr'><strong>excuss‘as</strong></span> <span class='ocrx_word' id='word_1_908' title='bbox 1345 2576 1536 2620; x_wconf 87' lang='lat' dir='ltr'><strong>hypothecas</strong></span> <span class='ocrx_word' id='word_1_909' title='bbox 1558 2584 1621 2607; x_wconf 89' lang='lat' dir='ltr'><strong>non</strong></span> <span class='ocrx_word' id='word_1_910' title='bbox 1647 2575 1889 2615; x_wconf 88' lang='lat' dir='ltr'><strong>conveniendis,</strong></span> <span class='ocrx_word' id='word_1_911' title='bbox 1920 2575 1984 2607; x_wconf 88' lang='lat' dir='ltr'><strong>edi-</strong></span> 
     </span>
     <span class='ocr_line' id='line_1_133' title="bbox 1132 2615 1985 2660; baseline -0.006 -7"><span class='ocrx_word' id='word_1_912' title='bbox 1132 2628 1196 2653; x_wconf 91' lang='lat' dir='ltr'><strong>tum</strong></span> <span class='ocrx_word' id='word_1_913' title='bbox 1219 2629 1271 2652; x_wconf 89' lang='lat'><strong>21.</strong></span> <span class='ocrx_word' id='word_1_914' title='bbox 1292 2618 1385 2651; x_wconf 86' lang='lat' dir='ltr'><strong>Febr.</strong></span> <span class='ocrx_word' id='word_1_915' title='bbox 1410 2619 1498 2657; x_wconf 86' lang='lat'><strong>1564.</strong></span> <span class='ocrx_word' id='word_1_916' title='bbox 1522 2624 1582 2647; x_wconf 87' lang='lat' dir='ltr'><strong>nec</strong></span> <span class='ocrx_word' id='word_1_917' title='bbox 1600 2617 1681 2648; x_wconf 86' lang='lat' dir='ltr'><strong>ultra</strong></span> <span class='ocrx_word' id='word_1_918' title='bbox 1699 2615 1835 2658; x_wconf 86' lang='lat' dir='ltr'><strong>sapiebat</strong></span> <span class='ocrx_word' id='word_1_919' title='bbox 1857 2616 1985 2660; x_wconf 73' lang='lat' dir='ltr'><strong>Anony-</strong></span> 
     </span>
     <span class='ocr_line' id='line_1_134' title="bbox 1129 2671 1208 2694; baseline -0.013 0"><span class='ocrx_word' id='word_1_920' title='bbox 1129 2671 1208 2694; x_wconf 87' lang='lat' dir='ltr'><strong>mus.</strong></span> 
     </span>
    </p>

    <p class='ocr_par' dir='ltr' id='par_1_11' title="bbox 1128 2697 1984 2980">
     <span class='ocr_line' id='line_1_135' title="bbox 1171 2697 1984 2743; baseline 0.001 -10"><span class='ocrx_word' id='word_1_921' title='bbox 1171 2700 1368 2733; x_wconf 85' lang='lat' dir='ltr'><strong>Generaliter</strong></span> <span class='ocrx_word' id='word_1_922' title='bbox 1390 2699 1484 2740; x_wconf 87' lang='lat' dir='ltr'><strong>igitur</strong></span> <span class='ocrx_word' id='word_1_923' title='bbox 1507 2698 1539 2729; x_wconf 92' lang='lat' dir='ltr'><strong>in</strong></span> <span class='ocrx_word' id='word_1_924' title='bbox 1566 2697 1651 2730; x_wconf 89' lang='lat' dir='ltr'><strong>omni</strong></span> <span class='ocrx_word' id='word_1_925' title='bbox 1680 2697 1706 2730; x_wconf 86' lang='lat' dir='ltr'>F</span> <span class='ocrx_word' id='word_1_926' title='bbox 1707 2697 1846 2732; x_wconf 86' lang='lat' dir='ltr'><strong>oederato</strong></span> <span class='ocrx_word' id='word_1_927' title='bbox 1874 2700 1984 2743; x_wconf 87' lang='lat' dir='ltr'><strong>Belgio</strong></span> 
     </span>
     <span class='ocr_line' id='line_1_136' title="bbox 1130 2738 1983 2782; baseline 0.001 -8"><span class='ocrx_word' id='word_1_928' title='bbox 1130 2742 1265 2775; x_wconf 91' lang='lat' dir='ltr'><strong>Comitis</strong></span> <span class='ocrx_word' id='word_1_929' title='bbox 1296 2739 1431 2782; x_wconf 84' lang='lat' dir='ltr'><strong>potestas</strong></span> <span class='ocrx_word' id='word_1_930' title='bbox 1463 2738 1592 2771; x_wconf 76' lang='lat' dir='ltr'><strong>cess&#39;avit</strong></span> <span class='ocrx_word' id='word_1_931' title='bbox 1621 2749 1638 2770; x_wconf 89' lang='lat' dir='ltr'><strong>a</strong></span> <span class='ocrx_word' id='word_1_932' title='bbox 1663 2739 1715 2770; x_wconf 90' lang='lat' dir='ltr'><strong>die</strong></span> <span class='ocrx_word' id='word_1_933' title='bbox 1746 2743 1797 2772; x_wconf 82' lang='lat'><strong>26.</strong></span> <span class='ocrx_word' id='word_1_934' title='bbox 1827 2740 1887 2781; x_wconf 91' lang='lat' dir='ltr'><strong>Jul.</strong></span> <span class='ocrx_word' id='word_1_935' title='bbox 1911 2741 1983 2775; x_wconf 78' lang='lat' dir='ltr'><strong>anni</strong></span> 
     </span>
     <span class='ocr_line' id='line_1_137' title="bbox 1134 2779 1983 2824; baseline 0 -8"><span class='ocrx_word' id='word_1_936' title='bbox 1134 2788 1224 2823; x_wconf 86' lang='lat'><strong>1581.</strong></span> <span class='ocrx_word' id='word_1_937' title='bbox 1256 2780 1436 2813; x_wconf 84' lang='lat' dir='ltr'><strong>Hollandiae</strong></span> <span class='ocrx_word' id='word_1_938' title='bbox 1465 2790 1541 2811; x_wconf 84' lang='lat' dir='ltr'><strong>vcro</strong></span> <span class='ocrx_word' id='word_1_939' title='bbox 1567 2779 1701 2812; x_wconf 88' lang='lat' dir='ltr'><strong>Ordines</strong></span> <span class='ocrx_word' id='word_1_940' title='bbox 1730 2790 1776 2818; x_wconf 90' lang='lat'><strong>19.</strong></span> <span class='ocrx_word' id='word_1_941' title='bbox 1807 2780 1882 2823; x_wconf 89' lang='lat' dir='ltr'><strong>Apr.</strong></span> <span class='ocrx_word' id='word_1_942' title='bbox 1905 2783 1983 2824; x_wconf 81' lang='lat' dir='ltr'><strong>ejus·</strong></span> 
     </span>
     <span class='ocr_line' id='line_1_138' title="bbox 1128 2821 1984 2862; baseline 0 -5"><span class='ocrx_word' id='word_1_943' title='bbox 1128 2826 1199 2857; x_wconf 89' lang='lat' dir='ltr'><strong>dem</strong></span> <span class='ocrx_word' id='word_1_944' title='bbox 1215 2823 1285 2854; x_wconf 88' lang='lat' dir='ltr'><strong>anni</strong></span> <span class='ocrx_word' id='word_1_945' title='bbox 1303 2822 1488 2854; x_wconf 89' lang='lat' dir='ltr'><strong>abolendum</strong></span> <span class='ocrx_word' id='word_1_946' title='bbox 1507 2821 1641 2862; x_wconf 86' lang='lat' dir='ltr'><strong>Philippi</strong></span> <span class='ocrx_word' id='word_1_947' title='bbox 1658 2831 1772 2854; x_wconf 89' lang='lat' dir='ltr'><strong>nomen</strong></span> <span class='ocrx_word' id='word_1_948' title='bbox 1795 2822 1856 2862; x_wconf 85' lang='lat' dir='ltr'><strong>jam</strong></span> <span class='ocrx_word' id='word_1_949' title='bbox 1881 2824 1984 2856; x_wconf 82' lang='lat' dir='ltr'><strong>decre-</strong></span> 
     </span>
     <span class='ocr_line' id='line_1_139' title="bbox 1129 2861 1950 2904; baseline 0.001 -8"><span class='ocrx_word' id='word_1_950' title='bbox 1129 2872 1260 2902; x_wconf 87' lang='lat' dir='ltr'><strong>verant,</strong></span> <span class='ocrx_word' id='word_1_951' title='bbox 1284 2862 1345 2894; x_wconf 85' lang='lat' dir='ltr'><strong>fide</strong></span> <span class='ocrx_word' id='word_1_952' title='bbox 1369 2864 1435 2902; x_wconf 89' lang='lat' dir='ltr'><strong>cjus</strong></span> <span class='ocrx_word' id='word_1_953' title='bbox 1460 2861 1590 2894; x_wconf 87' lang='lat' dir='ltr'><strong>Vasallis</strong></span> <span class='ocrx_word' id='word_1_954' title='bbox 1613 2862 1756 2903; x_wconf 86' lang='lat' dir='ltr'><strong>illisque,</strong></span> <span class='ocrx_word' id='word_1_955' title='bbox 1779 2864 1830 2904; x_wconf 87' lang='lat' dir='ltr'><strong>qui</strong></span> <span class='ocrx_word' id='word_1_956' title='bbox 1857 2873 1950 2897; x_wconf 89' lang='lat' dir='ltr'><strong>mune</strong></span> 
     </span>
     <span class='ocr_line' id='line_1_140' title="bbox 1129 2902 1959 2980; baseline -0.001 -41"><span class='ocrx_word' id='word_1_957' title='bbox 1129 2906 1254 2947; x_wconf 86' lang='lat' dir='ltr'><strong>publica</strong></span> <span class='ocrx_word' id='word_1_958' title='bbox 1278 2903 1548 2943; x_wconf 87' lang='lat' dir='ltr'><strong>administrabant,</strong></span> <span class='ocrx_word' id='word_1_959' title='bbox 1571 2902 1740 2943; x_wconf 81' lang='lat' dir='ltr'><strong>exsolutis,</strong></span> <span class='ocrx_word' id='word_1_960' title='bbox 1764 2903 1794 2936; x_wconf 91' lang='lat'>&amp;</span> <span class='ocrx_word' id='word_1_961' title='bbox 1817 2904 1929 2938; x_wconf 74' lang='grc'>31136113</span> <span class='ocrx_word' id='word_1_962' title='bbox 1939 2905 1959 2980; x_wconf 58' lang='lat' dir='ltr'><strong>¹&#39;i</strong></span> 
     </span>
    </p>

    <p class='ocr_par' dir='ltr' id='par_1_12' title="bbox 1885 2954 1980 2980">
     <span class='ocr_line' id='line_1_141' title="bbox 1885 2954 1980 2980; baseline -0.011 0"><span class='ocrx_word' id='word_1_963' title='bbox 1885 2955 1939 2980; x_wconf 88' lang='lat' dir='ltr'><strong>ver</strong></span> <span class='ocrx_word' id='word_1_964' title='bbox 1960 2954 1980 2979; x_wconf 66' lang='grc' dir='ltr'><strong><em>ι</em></strong></span> 
     </span>
    </p>
   </div>
   <div class='ocr_carea' id='block_1_8' title="bbox 1125 3035 1987 3230">
    <p class='ocr_par' dir='ltr' id='par_1_13' title="bbox 1125 3035 1987 3230">
     <span class='ocr_line' id='line_1_142' title="bbox 1164 3035 1987 3084; baseline 0.001 -17"><span class='ocrx_word' id='word_1_965' title='bbox 1164 3037 1179 3074; x_wconf 94' lang='grc'>(</span> <span class='ocrx_word' id='word_1_966' title='bbox 1189 3037 1227 3084; x_wconf 78' lang='lat'><strong>7)</strong></span> <span class='ocrx_word' id='word_1_967' title='bbox 1247 3037 1280 3067; x_wconf 80' lang='lat' dir='ltr'><strong>In</strong></span> <span class='ocrx_word' id='word_1_968' title='bbox 1299 3038 1329 3067; x_wconf 81' lang='lat' dir='ltr'><strong>de</strong></span> <span class='ocrx_word' id='word_1_969' title='bbox 1349 3035 1496 3075; x_wconf 76' lang='lat' dir='ltr'><strong>Resolutien</strong></span> <span class='ocrx_word' id='word_1_970' title='bbox 1514 3046 1567 3067; x_wconf 84' lang='lat' dir='ltr'><strong>van</strong></span> <span class='ocrx_word' id='word_1_971' title='bbox 1586 3035 1774 3076; x_wconf 75' lang='lat' dir='ltr'><strong>Confideratien</strong></span> <span class='ocrx_word' id='word_1_972' title='bbox 1791 3042 1834 3066; x_wconf 72' lang='lat' dir='ltr'><strong>ten</strong></span> <span class='ocrx_word' id='word_1_973' title='bbox 1852 3036 1910 3074; x_wconf 69' lang='lat' dir='ltr'><strong>tyde</strong></span> <span class='ocrx_word' id='word_1_974' title='bbox 1925 3043 1987 3068; x_wconf 70' lang='lat' dir='ltr'><strong>m</strong></span> 
     </span>
     <span class='ocr_line' id='line_1_143' title="bbox 1125 3077 1979 3152; baseline -0.005 -8"><span class='ocrx_word' id='word_1_975' title='bbox 1125 3077 1155 3106; x_wconf 65' lang='lat' dir='ltr'><strong>de</strong></span> <span class='ocrx_word' id='word_1_976' title='bbox 1165 3077 1230 3151; x_wconf 45' lang='grc' dir='ltr'><strong>(τις</strong></span> <span class='ocrx_word' id='word_1_977' title='bbox 1246 3080 1379 3144; x_wconf 42' lang='grc'>8338151111</span> <span class='ocrx_word' id='word_1_978' title='bbox 1398 3114 1476 3151; x_wconf 86' lang='lat' dir='ltr'><strong>Eyck</strong></span> <span class='ocrx_word' id='word_1_979' title='bbox 1495 3112 1664 3152; x_wconf 78' lang='lat' dir='ltr'><strong>Hanavesten</strong></span> <span class='ocrx_word' id='word_1_980' title='bbox 1687 3121 1740 3142; x_wconf 79' lang='lat' dir='ltr'><strong>van</strong></span> <span class='ocrx_word' id='word_1_981' title='bbox 1766 3108 1979 3151; x_wconf 68' lang='lat' dir='ltr'><strong>Zuyd-Holland</strong></span> 
     </span>
     <span class='ocr_line' id='line_1_144' title="bbox 1125 3161 1707 3230; baseline -0.005 -9"><span class='ocrx_word' id='word_1_982' title='bbox 1125 3161 1154 3193; x_wconf 42' lang='lat' dir='ltr'><strong>p.</strong></span> <span class='ocrx_word' id='word_1_983' title='bbox 1169 3161 1375 3230; x_wconf 44' lang='lat' dir='ltr'><strong>&amp;imperem</strong></span> <span class='ocrx_word' id='word_1_984' title='bbox 1396 3190 1458 3221; x_wconf 82' lang='lat' dir='ltr'><strong>Cur.</strong></span> <span class='ocrx_word' id='word_1_985' title='bbox 1479 3190 1554 3221; x_wconf 69' lang='lat' dir='ltr'><strong>Hau.</strong></span> <span class='ocrx_word' id='word_1_986' title='bbox 1573 3199 1602 3229; x_wconf 79' lang='lat' dir='ltr'><strong>p.</strong></span> <span class='ocrx_word' id='word_1_987' title='bbox 1616 3189 1707 3224; x_wconf 79' lang='lat'><strong>91.13.</strong></span> 
     </span>
    </p>
   </div>
  </div>
 </body>
</html>
