2008 3436
460 103 858 143 CORNELII

206 197 258 219 cas
281 197 326 220 10.
348 186 428 227 Maj.
457 190 546 228 1655.
569 187 644 229 (1)
670 185 804 219 Grotius
828 197 857 219 eo
878 186 952 223 loco,
978 194 1070 226 quem

211 230 313 269 Capite
327 231 457 269 proximo
476 229 670 267 indicabam,
688 228 718 259 id
734 228 787 268 Jus
802 228 989 260 Francicum
1007 235 1071 257 non

207 271 298 301 aliter
313 271 456 301 obtinere
471 270 577 303 censet
597 293 609 310 ,
642 279 733 311 quam
757 270 778 302 11
797 268 988 301 consenserit
1018 268 1073 299 do-

208 311 312 343 minus
336 311 424 343 navis
443 312 572 351 amieae,
613 311 742 343 hostiles
770 311 799 342 ei
835 320 884 342 res
920 309 1071 351 imponi,

209 361 249 382 eo
264 352 405 385 adferens
430 353 449 383 l.
480 363 526 385 11.
567 353 597 393 ᾗ.
623 363 652 384 2.
680 351 720 393 ff.
753 353 786 383 de
818 352 933 384 Public.
969 350 1004 386 ὅ)
1023 360 1072 382 ve·

205 392 276 436 stig.
301 395 372 434 ubi,
396 402 435 425 ut
450 395 518 434 Cap.
545 393 620 426 XII.
647 402 772 434 quoque
789 393 951 431 dicebam,
977 394 1008 424 in
1019 392 1074 424 do-

206 436 292 468 mino
315 436 420 474 navis,
445 435 664 476 distinguitur,
683 434 831 473 sciverit,
857 435 1071 475 anignorave-

209 475 272 515 rit,
295 477 408 508 illicite
423 476 540 517 aliquid
560 476 590 507 in
609 475 661 506 sua
676 476 748 506 navi
767 474 862 506 fuiss‘e
880 474 1071 515 impositum,

208 517 314 557 priore
340 517 441 559 specie
466 526 577 548 navem
603 516 756 557 publicari
775 537 786 554 ,
811 516 985 557 posteriore
1008 525 1073 548 non

207 559 324 596 etiam,
348 562 377 591 ὃς
402 558 442 590 fic
463 567 587 598 quoque
608 559 640 589 in
665 557 720 588 hac
742 557 803 598 ipsa
832 557 1004 599 quaestione
1026 557 1070 587 di-

208 599 338 641 stinguit
362 600 539 632 Loccenius
563 600 595 629 de
620 598 697 639 Jure
719 600 863 630 maritimo
892 599 932 630 L.
964 598 1002 630 ΙΙ.
1039 598 1072 630 C.

209 651 241 680 4.
265 651 294 671 n.
318 641 371 672 ult.
398 640 505 672 Habet
528 638 598 671 sane
625 640 679 670 illa
699 639 788 671 Pauli
813 639 971 672 distinctio
991 639 1072 670 inter

209 682 373 713 dominum
387 682 475 713 navis
496 680 645 712 scientem
665 681 694 712 ὅ(
713 680 909 721 ignorantem
928 690 1074 722 magnum

208 112 274 146 218
932 110 1040 141 VAN

210 732 425 759 momentum,
443 723 472 754 &
486 722 553 761 J'ure
570 722 714 754 Romano
732 721 841 753 habuit
859 731 1074 763 quoquemag-
1096 756 1098 759 ,

210 774 284 795 1111111
310 763 416 801 usum,
442 762 495 794 sed
516 763 610 794 hodie
636 763 693 795 vix
718 763 818 794 ullum
850 763 961 802 habet,
987 762 1008 795 fi
1036 763 1073 794 acl

210 804 312 845 ipsum
337 804 529 836 navarchum
556 805 712 846 pertineat
737 804 855 844 navis3
879 803 959 836 solet
989 804 1074 835 enim

208 847 216 877 i
223 845 274 887 pse
295 845 468 877 navarchus
489 855 607 877 merces
626 847 785 886 recipere,
801 845 831 877 ὅ(
847 846 877 878 id
895 845 998 876 testari
1011 844 1073 876 chi-

208 887 364 928 rographo
379 909 388 925 ‚
411 886 496 926 quod
521 888 620 928 vulgo
647 886 861 930 Cognoffement
886 887 1071 928 appellatur.

208 929 367 968 lN‘lajorem
394 928 482 960 usum
512 927 603 959 habet
632 938 667 960 ea
692 927 867 967 distinctio,
893 928 914 960 fi
941 928 978 960 ad
995 928 1074 959 alios

211 970 358 1001 dominos
384 970 473 1001 navis
500 970 674 1010 pertineat,
701 970 731 1002 ἃ.
749 969 787 1001 113
807 969 911 1002 insciis
930 970 1075 1010 magister

210 1020 329 1042 merces
345 1011 517 1051 receperit,
544 1011 803 1051 quemadmodum
822 1012 851 1043 id
867 1012 928 1052 jam
944 1009 1075 1055 exposui

209 1053 238 1083 d.
261 1053 292 1084 C.
323 1051 400 1084 XII.
422 1052 569 1084 Dubitari
599 1060 702 1084 tamen
731 1052 854 1093 posset,
879 1062 916 1084 an
943 1061 1005 1084 non
1021 1052 1076 1083 alii

209 1093 331 1125 domini
348 1117 356 1131 ‚
383 1093 404 1125 11
420 1093 639 1134 receptionem
664 1093 811 1134 magistro
835 1093 1052 1126 mandaverint
1065 1115 1075 1131 ,

209 1136 240 1166 &
261 1134 314 1166 ille
331 1134 477 1166 illicitum
497 1134 569 1175 quid
588 1136 759 1175 receperit,
784 1144 824 1166 ex
843 1135 909 1175 eius
926 1133 1011 1166 facto
1032 1141 1076 1165 te-

208 1184 340 1207 neantur
365 1176 404 1207 de
432 1175 513 1207 mala
542 1177 726 1216 receptione
746 1176 763 1208 ‘2
795 1176 903 1217 Vulgo
930 1176 1073 1213 obtinet,

207 1224 265 1256 ut,
289 1217 342 1258 qui
358 1217 517 1249 hominem
543 1217 646 1248 minus
669 1217 816 1249 idoneum
830 1239 838 1254 ‚
864 1217 907 1248 rei
925 1217 976 1248 cui
998 1226 1074 1256 prae-

208 1258 324 1299 ponit,
349 1268 390 1290 ex
415 1258 482 1298 ejus
507 1257 582 1289 dolo
605 1258 657 1289 vel
685 1258 777 1298 culpa
803 1265 965 1294 teneatur,
990 1258 1020 1289 &
1053 1256 1075 1288 fi

207 1301 291 1331 inter
305 1298 484 1341 magistrum
505 1299 535 1329 &
561 1299 658 1329 alium
679 1299 767 1330 navis
791 1299 954 1330 dominum
969 1297 1075 1330 distin-

233 1350 307 1380 uas,
331 1341 460 1372 haberet
480 1339 589 1378 utique
618 1347 655 1370 ea
676 1347 726 1371 res
749 1338 1006 1371 observationem
1034 1338 1076 1370 112

224 1382 283 1414 atis
305 1381 476 1416 difficilem,

252 1422 312 1455 Sed
338 1422 407 1453 haec
432 1431 497 1453 non
514 1429 621 1462 urgeo.
666 1421 749 1461 Fac,
771 1422 850 1455 alios
865 1423 1011 1455 dominos
1035 1431 1077 1453 ex

208 1464 397 1504 receptione
422 1461 561 1503 magistri
589 1463 688 1496 etiam
717 1463 781 1496 fine
796 1464 949 1496 mandato
966 1473 1074 1505 recep-

210 1506 333 1544 tionis,
359 1504 493 1537 omnino
519 1504 642 1543 teneri,
666 1503 721 1536 fac
740 1529 749 1541 ,
787 1504 887 1546 ipsam
914 1505 1073 1546 receptio-

209 1556 282 1579 nem
302 1545 450 1588 magistro
477 1545 656 1578 mandatam
677 1545 790 1585 fuiffe,
812 1546 886 1586 fac,
908 1556 978 1579 eum
997 1546 1073 1579 sem-

207 1597 264 1631 per
281 1586 377 1627 scire,
401 1587 474 1628 quid
504 1587 536 1619 in
561 1596 643 1619 nave
662 1586 714 1620 sua
730 1588 883 1620 condatur
895 1613 905 1628 ‚
931 1589 961 1620 &
978 1598 1017 1620 ne
1034 1588 1075 1620 fic

232 1629 336 1660 uidem
362 1638 475 1661 navem
496 1628 722 1669 publicaverim
740 1654 750 1669 ‚
782 1630 901 1663 etiamfi
928 1629 1075 1662 dominus

223 1671 338 1702 civerit
353 1670 405 1702 vel
421 1669 633 1708 consenserit,
654 1681 703 1703 res
719 1670 849 1704 hostiles
863 1671 890 1702 ei
909 1670 1001 1703 fuiffe
1019 1672 1074 1703 im-

207 1711 334 1754 pofitas.
378 1710 454 1743 Non
472 1711 588 1752 largior
603 1710 740 1752 Grotio,
765 1722 834 1745 earn
854 1711 1007 1754 speciem,
1036 1712 1076 1744 de

209 1762 271 1795 qua
291 1752 405 1784 Paulus
429 1753 494 1794 agit
518 1754 550 1784 in
568 1754 595 1784 d.
621 1753 642 1785 l.
670 1763 718 1785 11.
744 1753 774 1796 §.
798 1764 826 1785 2.
851 1754 969 1795 porrigi
987 1753 1077 1795 posse

208 1795 247 1827 ad
264 1794 315 1832 id,
338 1794 377 1825 de
391 1803 455 1835 quo
472 1803 529 1826 nos
549 1795 725 1835 quaerimus.
770 1794 848 1828 Non
866 1796 951 1836 quod
969 1796 1000 1827 in
1018 1795 1075 1835 iis,

209 1845 279 1877 quae
300 1835 365 1866 sola
381 1835 463 1866 ratio
489 1836 710 1875 commendat,
733 1846 751 1868 a
769 1836 841 1877 Jure
867 1837 1012 1869 Romano
1039 1837 1077 1868 ad

208 1877 260 1918 ]us
277 1875 432 1909 Gentium
458 1886 523 1909 non
552 1884 621 1909 tuta
650 1877 687 1910 fit
714 1877 886 1917 collefflo,
912 1877 964 1910 sed
991 1878 1077 1920 quod

208 1918 323 1950 Paulus
346 1925 416 1959 agat
442 1917 481 1949 de
505 1918 674 1960 magistro,
700 1920 753 1960 qui
784 1918 885 1951 sciens
911 1919 964 1951 vel
989 1920 1077 1961 igno-

210 1969 281 1991 rans
306 1968 446 1997 merces,
469 1960 615 2002 veffigali
639 1960 816 1999 obnoxias,
839 1961 948 2001 vehit,
975 1961 1004 1993 &
1031 1961 1075 1993 ibi

180 2012 183 2016 ¹
211 2010 321 2031 verum
350 1999 415 2039 est,
437 2000 459 2032 fi
483 2000 583 2033 sciens
609 2002 722 2042 vehat,
747 2012 820 2035 eum
845 2012 975 2044 operam
1002 2002 1076 2034 dare

211 2042 256 2073 rei
287 2041 412 2073 illicitae
433 2065 443 2080 ‚
477 2052 548 2074 nam
570 2041 712 2075 fraudem
735 2043 815 2076 facit
839 2044 970 2085 publico
987 2067 998 2082 ,
1020 2044 1075 2085 qui

210 2091 332 2116 merces
348 2105 357 2119 ‚
383 2092 458 2123 quas
475 2083 616 2123 profiteri
638 2085 827 2125 oportebat,
850 2085 1023 2124 celaverit,
1045 2085 1075 2117 δί

210 2123 311 2155 sciens
325 2132 432 2155 earum
455 2124 678 2156 transvectioni
702 2135 816 2158 navem
842 2126 926 2158 suam
947 2126 1073 2157 locave-

210 2165 254 2196 rit
271 2163 323 2195 vel
339 2165 601 2197 commodaverit.
632 2165 738 2207 Atque
763 2167 807 2198 ita
825 2166 920 2199 hodie
942 2177 983 2199 ex
1007 2177 1071 2200 om-

211 2206 303 2238 nibus
332 2205 471 2237 omnium
498 2205 680 2248 Principum
708 2207 825 2240 Ediffis
852 2218 966 2248 naves,
991 2207 1075 2240 frau-

212 2246 306 2278 dandi
329 2246 491 2288 vectigalis
514 2246 603 2279 causa
634 2248 781 2281 adhibitae
796 2271 807 2288 ,
839 2250 1041 2291 publicantur
1061 2274 1072 2290 ,

211 2297 277 2319 non
302 2287 362 2320 alia
386 2288 524 2326 ratione,
548 2298 640 2329 quam
659 2290 743 2330 quod
759 2289 929 2323 inserviant
944 2292 989 2323 rei
1011 2291 1074 2322 illi-

211 2329 294 2361 citae.
340 2328 390 2360 Ex
419 2329 525 2361 eadem
545 2329 631 2361 Pauli
647 2330 863 2370 distinCtione‚
888 2342 947 2373 qua
962 2333 992 2364 ὅ(
1009 2331 1075 2373 ipse

212 2369 285 2402 usus
314 2369 381 2401 sum
397 2371 426 2401 d.
454 2370 486 2402 C.
510 2370 584 2402 XII.
608 2372 806 2412 publicabam
832 2382 958 2415 quoque
977 2383 1072 2405 naves

213 2411 348 2450 amicas,
369 2410 410 2450 11,
437 2410 605 2444 scientibus
633 2413 790 2452 dominis,
813 2416 1013 2446 contrabanda
1035 2415 1073 2447 ad

212 2452 317 2483 hostes
334 2451 511 2492 deferrent,
538 2453 589 2491 ἃ,
612 2454 667 2486 11111
684 2455 772 2496 pach
789 2456 980 2496 impediant,
1006 2466 1072 2489 om-

213 2494 288 2524 nino
313 2494 509 2534 publicandae
529 2494 618 2534 sunt,
643 2497 715 2536 quia
738 2506 845 2529 earum
861 2497 981 2528 domini
999 2507 1072 2539 ope-

213 2542 320 2565 rantur
345 2535 386 2565 rei
412 2535 544 2567 illicitae.
589 2537 649 2568 Sed
676 2547 760 2570 nunc
784 2537 930 2577 subfiste,
954 2538 984 2570 &
1011 2548 1074 2570 me-

215 2584 288 2605 cum
306 2584 432 2615 quaere,
453 2586 491 2607 an
507 2576 578 2615 Jure
596 2575 749 2610 Gentium
767 2586 903 2619 peccet,
924 2580 975 2621 qui
994 2589 1075 2612 nave

214 2615 268 2647 sua
289 2624 352 2646 rem
368 2617 460 2646 amici
481 2615 544 2653 sui,
570 2626 756 2662 quamquam
775 2621 818 2651 tui
837 2620 952 2659 hostis,
978 2627 1073 2652 trans-

214 2655 306 2687 sert?
329 2665 392 2696 quo
415 2656 482 2695 jure
510 2665 562 2694 tu,
587 2666 640 2696 (1111
665 2659 761 2691 etiam
781 2661 907 2694 amicus.
917 2670 1005 2692 meus
1023 2671 1072 2700 es,

215 2697 342 2728 invades
367 2705 477 2728 navem
503 2706 626 2734 meam,
649 2697 725 2730 licet
749 2700 845 2731 vehat
868 2710 916 2732 res
945 2702 990 2732 tui
1017 2701 1072 2732 ho-

216 2739 271 2770 stis
289 2738 305 2769 f>
337 2737 406 2779 Ego
426 2760 435 2774 ,
464 2738 589 2779 utrique
616 2738 734 2771 amicus
750 2763 760 2778 ‚
793 2741 918 2782 utrique
945 2751 1073 2782 operam

216 2778 368 2820 praestabo
386 2780 415 2810 in
436 2779 500 2817 1113,
521 2788 589 2819 quae
608 2781 709 2811 neutri
727 2779 864 2812 vestrum
881 2791 1019 2820 nocent,
1045 2784 1076 2815 &

215 2820 258 2852 sic
276 2828 406 2861 uterque
429 2821 524 2852 etiam
550 2820 626 2852 mihi
652 2830 779 2862 operam
825 2821 959 2853 raestabit
981 2824 1012 2855 in
1027 2833 1074 2855 re-

215 2861 272 2892 bus
294 2861 487 2902 promiscuis.
533 2860 642 2893 Hostis
667 2870 739 2894 tuus
757 2864 809 2895 rec
824 2872 842 2893 e
860 2863 980 2894 locabit
996 2865 1074 2897 mihi

216 2912 328 2933 navem
346 2901 425 2933 suzim
438 2926 446 2940 ,
472 2903 502 2934 <Sc
525 2911 585 2944 ego
606 2901 706 2935 rursus
730 2913 829 2935 meam
854 2903 936 2935 hosti
954 2912 1010 2936 tuo
1031 2906 1076 2937 10-

215 2943 304 2974 cabo.
352 2943 402 2974 Ue
426 2944 492 2982 his,
517 2946 568 2984 qui
592 2943 655 2975 fine
679 2945 756 2976 dolo
776 2945 828 2976 vel
849 2945 940 2985 culpa
959 2954 1076 2987 agunt,

215 2984 369 3024 prolixius
398 2985 426 3015 in
457 2986 536 3016 banc
563 2994 627 3016 rem
652 2984 808 3026 disputavi
835 2986 936 3026 Capite
954 2989 1074 3027 praeced.

216 3034 285 3063 qua:
303 3025 324 3057 si
345 3024 518 3064 subsistant,
536 3036 599 3058 non
618 3025 662 3058 est
687 3028 783 3059 etiam
813 3027 1012 3061 laborandum
1038 3029 1077 3059 de

217 3064 274 3095 1112
298 3066 488 3106 questione,
511 3066 562 3098 sed
588 3068 719 3100 omnino
749 3068 940 3108 dicendum,
962 3078 1075 3102 navem

255 3183 315 3219 s1)
337 3184 410 3215 Piae.
433 3188 468 3216 11.
490 3196 518 3223 4·
540 3192 586 3220 28.
608 3197 634 3225 3·
655 3199 684 3227 4⁴
707 3188 744 3226 &³
761 3191 934 3232 Hollamlschc
945 3190 1099 3224 Mercurius
1119 3193 1200 3226 1657.
1219 3200 1247 3229 p.
1263 3194 1309 3226 48·

1114 102 1720 140 BYNKERSHOEK

1114 184 1245 216 amicam
1270 193 1332 216 non
1351 182 1504 224 publicari
1532 183 1574 214 ob
1591 193 1639 216 res
1658 182 1802 223 hostiles,
1825 185 1853 216 ei
1872 186 1973 230 impu-¹

1114 225 1202 265 sitas,
1227 225 1291 257 five
1309 225 1458 263 sciverit,
1476 225 1539 258 five
1555 226 1747 266 ignoraverit
1764 225 1907 260 dominus
1922 240 1969 263 na-

1115 267 1186 304 vis,
1210 273 1370 307 utcunque
1394 266 1478 298 enirn
1506 265 1635 298 sciverit
1653 290 1662 306 ,
1694 266 1783 298 fimul
1808 266 1919 308 scivit,
1941 271 1971 304 se

1116 307 1229 338 versari
1258 309 1290 340 in
1314 317 1347 338 re
1371 307 1468 339 licita.
1514 307 1557 338 At
1583 307 1624 339 fic
1646 317 1709 339 non
1729 306 1821 340 estin
1839 318 1898 348 co,
1919 315 1971 353 qui

1117 347 1217 380 sciens
1233 358 1280 381 res
1299 357 1407 380 munes
1427 349 1481 380 vel
1497 350 1708 380 contrabandas
1725 349 1825 380 vehit.
1845 363 1848 365 Α
1862 349 1969 394 Quare

1116 389 1148 422 in
1169 389 1227 420 hac
1244 389 1414 431 quaestionc
1439 400 1502 422 non
1528 390 1629 430 probo
1645 389 1874 424 distinctionem
1889 395 1973 428 Pauli

1116 431 1147 461 in
1166 432 1194 462 d.
1209 431 1228 462 l.
1251 441 1298 462 11.
1319 431 1346 472 §.
1367 441 1394 462 2.
1415 432 1514 472 probo
1527 431 1653 472 potius,
1673 431 1756 472 quod
1775 440 1884 464 navem
1901 437 1974 468 ami.

1117 480 1203 510 cam,
1227 473 1368 512 quamvis
1395 473 1486 504 rebus
1512 472 1677 504 hostilibus
1706 471 1846 505 onustam
1865 498 1874 512 ,
1908 480 1972 510 no'n

1115 513 1289 553 publicari.
1306 513 1490 554 {impliciter
1506 513 1686 555 responsum
1706 513 1750 545 est
1768 512 1870 553 Confil.
1887 517 1970 561 Belg.

1119 553 1153 584 T.
1179 553 1234 586 lv.
1258 553 1361 593 Confil.
1385 559 1456 586 206.
1479 562 1511 587 n.
1535 565 1564 586 2.

1158 595 1313 627 Su-*cedat
1337 596 1433 627 altera
1459 596 1631 637 inspectio,
1654 607 1690 628 an
1708 606 1821 638 nempe
1838 597 1910 639 ipsae
1927 610 1981 634 res»

1117 635 1264 674 hostiles,
1290 637 1321 668 in
1355 637 1427 668 navi
1454 639 1553 668 amica
1577 637 1797 678 deprehensae,
1822 640 1904 672 reae
1922 650 1976 683 pu.

1117 676 1302 709 blicentur?
1327 678 1420 718 quid,
1446 678 1588 719 inquies,
1604 680 1781 714 dubitabis.
1806 689 1879 712 cum
1895 682 1976 715 reste

1118 727 1293 759 occupem,
1317 719 1469 760 quicquid
1496 718 1632 751 hostium
1663 720 1733 752 est?
1755 721 1798 752 Et
1828 728 1926 755 tamen
1944 724 1976 758 111

1118 758 1147 800 §.
1176 769 1222 800 14.
1251 760 1335 791 Paffi
1362 761 1472 791 marini
1499 760 1582 791 inter
1611 761 1767 804 Hispanos
1794 762 1823 794 δι
1843 763 1979 798 Ordines,

1118 800 1235 833 Gener.
1272 810 1320 842 17.
1344 799 1424 833 Dec.
1454 805 1543 840 1650.
1579 802 1608 833 &
1631 803 1661 834 in
1690 805 1717 834 d.
1744 803 1771 844 ὃ.
1797 813 1849 845 35.
1873 802 1979 840 &am-⁴.

1117 842 1219 874 bobus
1239 843 1303 874 illis
1318 842 1366 883 §§.
1392 852 1442 874 22.
1469 843 1534 874 διά.
1559 843 1588 882 §.
1602 852 1651 883 27.
1677 844 1705 876 ἃ
1722 846 1751 876 cl.
1768 843 1796 885 §.
1810 848 1858 877 26.
1873 847 1978 880 &ama

1117 883 1219 915 bobus
1244 884 1308 915 illis
1336 883 1386 925 §§.
1410 889 1438 918 8.
1464 893 1598 924 quorum
1615 886 1757 917 omnium
1776 887 1901 919 memini
1921 889 1974 920 Cm

1112 926 1176 965 pite
1188 927 1340 965 proximo,
1365 925 1551 966 simpliciter
1576 928 1748 965 convenit,
1768 928 1885 964 ,liberas
1909 928 1980 963 fore

1120 965 1257 998 hostium
1273 976 1412 1004 merces,
1438 967 1470 998 in
1488 967 1661 1000 amicorum
1681 969 1813 1001 navibus
1830 979 1979 1012 repertas,¹

1120 1017 1176 1049 vry
1185 1007 1292 1049 scrip,
1307 1018 1363 1049 ‘ary
1389 1010 1480 1050 goed,
1506 1017 1541 1040 ut
1559 1009 1664 1051 Belgae
1687 1010 1792 1051 lingua
1812 1012 1981 1046 vernacula

1120 1049 1152 1080 id
1180 1048 1336 1087 efferunt;
1362 1051 1505 1090 exceptis
1536 1057 1639 1082 tamen
1665 1052 1822 1084 mercibus
1842 1053 1950 1085 vetitis
1965 1070 1981 1094 ,·

1120 1089 1335 1122 instrumentis
1366 1099 1479 1131 nempe
1503 1090 1600 1130 belli,
1625 1102 1695 1124 nam
1721 1093 1791 1124 haec
1813 1093 1980 1129 secundum

1120 1133 1149 1163 d.
1179 1131 1226 1173 §§.
1259 1132 1410 1173 publicari
1442 1132 1590 1172 iubentur
1607 1156 1616 1172 ,
1650 1134 1679 1165 ἃ
1714 1134 1799 1166 haec'
1815 1135 1982 1170 duntaxat.·

1119 1173 1217 1218 Quod
1248 1183 1312 1204 non
1340 1174 1430 1205 aliter
1459 1174 1629 1215 intelligo,
1652 1184 1745 1215 quam
1770 1175 1790 1207 11
1818 1177 1853 1207 ad
1875 1177 1979 1211 hostes

1118 1214 1290 1252 vehantur,
1309 1214 1447 1255 alioquin
1463 1224 1527 1256 prce
1545 1215 1672 1256 reliquis
1687 1217 1771 1248 nulla
1788 1217 1981 1257 publicatio-

1118 1256 1167 1286 nis
1186 1254 1276 1285 causa
1300 1254 1354 1287 est.
1400 1255 1466 1294 Ita,
1491 1256 1636 1296 inquam,
1657 1256 1837 1298 simpliciter
1861 1269 1981 1292 conve-

1119 1297 1188 1334 nit,
1213 1296 1308 1326 etiam
1321 1318 1332 1334 ,
1352 1297 1436 1337 quod
1456 1296 1598 1335 mireris,
1622 1305 1756 1338 quatuor
1775 1299 1838 1330 illis
1857 1300 1978 1342 Paetis,

1119 1345 1189 1376 quae
1226 1337 1255 1368 d.
1291 1337 1361 1377 Cap.
1393 1340 1672 1376 commemoravi,
1701 1339 1730 1370 δε
1766 1339 1848 1370 inter
1879 1341 1985 1384 Reges.

1118 1377 1260 1410 Franciae
1282 1378 1311 1409 &
1331 1378 1467 1411 Ordines
1484 1377 1657 1411 Generales
1674 1379 1911 1414 intercesserunt
1928 1394 1978 1417 an-

1119 1422 1169 1451 nis
1194 1422 1284 1451 1662.
1320 1423 1409 1460 1678.
1439 1424 1527 1461 1697.
1554 1421 1583 1452 &
1603 1430 1692 1463 1713.
1721 1430 1790 1453 nam
1812 1421 1853 1463 fi,
1875 1423 1981 1458 secun,

1119 1460 1194 1491 dum
1220 1460 1308 1500 haec,
1333 1470 1434 1502 neque
1448 1471 1497 1493 res
1513 1461 1643 1494 hostiles
1665 1462 1885 1505 publicentur,
1907 1476 1978 1508 quae

1118 1502 1151 1534 in
1166 1502 1239 1533 navi
1270 1503 1372 1534 amica
1393 1502 1482 1542 sunt,
1506 1503 1609 1535 multo
1639 1505 1743 1536 minus
1767 1505 1982 1546 publicabitur·

1119 1542 1184 1584 ipsa
1211 1545 1301 1575 navis
1315 1544 1424 1577 amica.
1462 1544 1563 1586 Igitur
1589 1545 1756 1582 dicendum
1777 1545 1840 1587 est,
1863 1557 1916 1580 aut
1937 1549 1977 1582 ab

1117 1585 1250 1626 antiquo
1269 1585 1339 1626 jure
1354 1584 1379 1616 F
1380 1586 1508 1618 rancico
1518 1609 1529 1625 ,
1545 1587 1585 1618 de
1601 1595 1665 1627 quo
1682 1587 1771 1627 supra
1786 1587 1871 1628 dixi,
1886 1590 1980 1630 plane

1118 1625 1179 1658 effe
1197 1626 1348 1659 receffum
1359 1652 1369 1669 ,
1391 1636 1467 1667 aut,
1491 1629 1575 1668 quod
1590 1628 1636 1660 est
1652 1629 1776 1669 verius,
1800 1629 1867 1662 haec
1884 1631 1980 1665 Pacta

1118 1668 1348 1709 exceptionum
1365 1669 1440 1701 loco
1460 1668 1522 1700 effe
1538 1670 1690 1703 habenda.

1162 1709 1221 1741 Sed
1239 1710 1389 1751 quicquid
1404 1711 1461 1750 fit,
1485 1710 1525 1742 de
1543 1711 1608 1785 iptsa
1624 1712 1748 1745 ratione
1763 1714 1979 1756 magis,quarn

1119 1751 1159 1782 de
1184 1750 1284 1783 Patris
1310 1752 1513 1784 laborandum
1534 1763 1552 1785 e
1581 1778 1587 1785 .
1634 1753 1682 1785 Ea
1706 1763 1810 1787 autem
1835 1755 1980 1789 consulta·

1119 1802 1185 1824 11011
1209 1792 1293 1833 sum,
1319 1794 1372 1835 qui
1396 1794 1539 1835 videam,
1563 1805 1620 1827 cur
1643 1805 1707 1827 non
1735 1797 1847 1830 liceret
1866 1806 1976 1839 capere

1119 1843 1170 1866 res
1198 1833 1346 1875 hostiles,
1370 1836 1511 1877 quamvis
1538 1837 1569 1869 in
1598 1837 1670 1870 navi
1695 1838 1794 1870 amica
1819 1846 1974 1880 repertas,

1120 1876 1153 1907 id
1172 1877 1255 1908 enim
1273 1878 1385 1918 capio,
1408 1878 1493 1918 quod
1510 1877 1646 1911 hostium
1664 1879 1730 1919 est,
1755 1879 1897 1922 quodque
1909 1880 1978 1920 iure

1119 1917 1194 1949 belli
1213 1917 1327 1949 victori
1346 1918 1441 1950 cedit.
1487 1919 1541 1951 Sin
1567 1919 1628 1960 ajas
1639 1943 1652 1959 ,
1674 1930 1724 1953 me
1742 1930 1805 1953 non
1824 1921 1907 1953 recte
1924 1929 1978 1952 oc-

1121 1968 1237 2000 cupare
1258 1969 1306 1991 res
1323 1960 1453 1992 hostiles
1467 1961 1499 1994 in
1518 1963 1589 1993 navi
1606 1961 1721 2002 amica,
1747 1962 1801 1994 nisi
1817 1963 1903 2002 prius
1924 1971 1978 1994 oc-

1120 2009 1232 2041 cupem
1249 2001 1356 2032 navim
1375 2003 1526 2041 amicam,
1545 2010 1640 2043 atque
1657 2003 1701 2034 ita
1718 2004 1782 2034 vim
1800 2003 1914 2035 faciam
1930 2002 1978 2034 rei

1119 2041 1230 2081 amici,
1256 2050 1291 2074 ut
1319 2042 1546 2084 deprehendam
1574 2053 1639 2074 rem
1664 2042 1777 2083 hostis,
1802 2043 1894 2085 idque
1912 2053 1979 2078 non

1118 2083 1217 2123 magis
1242 2082 1360 2123 licere,
1393 2093 1484 2125 quam
1511 2082 1615 2116 hostes
1641 2083 1762 2117 nostros
1785 2085 1910 2126 aggredi
1944 2085 1977 2117 in

1118 2124 1209 2155 amici
1236 2131 1352 2165 portu,
1376 2125 1428 2156 vel
1446 2124 1617 2166 depraedari
1638 2126 1668 2157 in
1686 2126 1848 2158 territorio
1864 2126 1981 2165 amici,

1116 2165 1214 2197 velim
1233 2166 1480 2205 animadvertas,
1498 2174 1626 2199 eatenus
1640 2167 1748 2208 utique
1766 2167 1892 2199 licitum
1914 2166 1976 2199 effe

1116 2207 1247 2238 amicam
1268 2216 1380 2239 navem
1404 2207 1525 2246 fistere,
1550 2215 1584 2239 ut
1612 2217 1676 2240 non
1703 2218 1742 2240 ex
1760 2208 1866 2240 fallaci
1892 2207 1991 2244 forte,

1117 2247 1263 2288 aplustri,
1282 2248 1333 2280 sed
1348 2257 1387 2280 ex
1402 2249 1471 2290 ipfis
1486 2249 1718 2288 instrumentis,
1736 2250 1768 2282 in
1786 2250 1856 2282 navi
1876 2258 1977 2291 reper-

1118 2291 1179 2328 tis,
1202 2288 1348 2329 constet,
1372 2299 1484 2322 navem
1513 2290 1644 2322 amicam
1668 2290 1740 2323 effe.
1785 2291 1825 2323 Si·
1846 2291 1876 2323 id
1903 2299 1977 2323 con⁴

1117 2330 1177 2362 stet
1189 2354 1201 2370 ,
1222 2332 1379 2363 dimittam
1391 2354 1403 2370 ,
1425 2332 1446 2364 11
1466 2331 1611 2364 hostilem
1628 2331 1690 2363 esse
1707 2331 1898 2370 constiterit,
1922 2340 1977 2364 oc·

1117 2373 1252 2414 cupabo.
1297 2373 1396 2417 Quod
1412 2373 1432 2405 11
1449 2373 1563 2412 liceat,
1589 2380 1624 2404 ut
1644 2374 1729 2405 omni
1743 2373 1811 2413 jure
1826 2373 1923 2410 licet,
1946 2372 1978 2404 &

1116 2423 1270 2456 perpetuo
1282 2415 1487 2453 observatur,
1500 2414 1609 2446 licebit
1623 2423 1746 2455 quoque
1761 2412 1975 2459 instrumenta,

1115 2466 1182 2500 quae
1201 2456 1240 2487 ad
1257 2466 1375 2489 merces
1387 2457 1565 2495 pertinent,
1588 2464 1757 2492 excutere,
1782 2455 1812 2487 &
1838 2454 1910 2485 inde
1933 2453 1978 2485 di-

1117 2501 1224 2536 i'cere,
1245 2508 1285 2530 an
1302 2508 1372 2540 quae
1390 2497 1524 2534 hostium
1544 2497 1626 2527 bona
1641 2497 1671 2527 in
1691 2504 1769 2526 nave
1785 2495 1918 2533 lateant,
1933 2495 1978 2532 &,

1117 2540 1139 2572 11
1161 2541 1298 2579 lateant,
1323 2539 1428 2581 quidni
1448 2547 1484 2569 ea
1500 2538 1567 2577 jure
1585 2536 1659 2567 belli
1678 2545 1829 2576 occupem
1841 2536 1858 2567 ἵ)
1881 2535 1919 2567 (12
1935 2544 1975 2566 20

1119 2580 1192 2613 sane
1214 2590 1276 2612 non
1302 2580 1425 2611 dubitat
1441 2577 1608 2610 Consultor
1634 2577 1679 2622 cL-
1697 2576 1799 2616 Coiifil.
1824 2577 1908 2619 Belg.
1939 2575 1974 2607 T.

1119 2621 1175 2654 lv.
1202 2620 1304 2660 Consti.
1332 2624 1401 2652 206.
1423 2629 1454 2650 n.
1480 2628 1509 2649 2.
1533 2626 1591 2648 nec
1606 2617 1749 2650 dubitant
1767 2618 1865 2658 Leges
1886 2627 1975 2650 mari-

1118 2663 1205 2694 timae
1228 2663 1259 2694 in
1287 2661 1442 2702 Consulatu
1462 2658 1562 2690 Maris
1587 2659 1618 2689 C.
1644 2668 1714 2701 273.
1735 2666 1782 2700 pr.
1808 2659 1975 2691 secundum

1118 2703 1172 2735 has
1191 2703 1273 2734 enirn
1286 2702 1374 2733 navis
1388 2700 1486 2731 amica
1504 2698 1692 2738 dimittitur,
1711 2711 1759 2732 res
1773 2699 1918 2739 hostiles,
1943 2700 1976 2731 in

1116 2751 1241 2785 portum
1257 2741 1384 2773 victoris
1401 2739 1554 2782 perducta:
1574 2741 1779 2780 publicantur.
1800 2741 1858 2774 Sed
1877 2741 1978 2774 rursus

1119 2784 1271 2816 rationem
1287 2792 1350 2815 non
1368 2782 1479 2820 habet,
1500 2783 1584 2822 quod
1606 2781 1648 2812 ibi
1666 2783 1805 2819 additur,
1829 2790 1976 2823 oportere

1118 2824 1269 2856 victorem
1297 2822 1443 2864 magistro
1468 2822 1556 2854 navis
1577 2823 1687 2856 amicae
1715 2823 1836 2856 solvere
1854 2833 1973 2856 merce-

1117 2866 1171 2897 des
1187 2865 1250 2897 sive
1268 2862 1400 2896 veelurae
1417 2864 1513 2904 pretia
1527 2887 1536 2902 ,
1558 2865 1628 2906 quia
1648 2865 1717 2896 haec
1732 2874 1795 2896 non
1812 2864 1976 2904 debentur,

1118 2905 1173 2938 nifi
1200 2905 1357 2946 pei-duciis
1386 2905 1540 2937 mercibus
1578 2905 1615 2936 ad
1648 2906 1752 2937 locum
1778 2904 1972 2938 destinatum.

1118 2947 1150 2979 Si
1169 2945 1322 2983 causeris,
1347 2955 1402 2987 per
1418 2945 1599 2988 magistrum
1614 2956 1678 2979 non
1694 2945 1807 2979 stetisse
1818 2969 1830 2986 ,
1853 2946 1972 2987 quomi*

1118 2997 1176 3019 11113
1202 2996 1241 3018 20
1263 2988 1463 3028 perduxerit,
1489 2997 1600 3019 verum
1625 2989 1726 3027 dicis,
1749 2987 1798 3019 scd
1832 2986 1973 3029 magister
2006 2999 2008 3002 ⁴

1119 3027 1175 3060 suo
1193 3028 1333 3069 periculo
1351 3038 1468 3061 merces
1490 3027 1617 3062 hostiles
1636 3029 1708 3062 navi
1730 3028 1788 3065 sua:
1807 3028 1972 3070 imposuit,
2007 3040 2008 3047 ¹

1118 3078 1248 3110 gnarus,
1271 3079 1322 3101 cas
1338 3071 1428 3112 capi,
1452 3072 1481 3103 ὅ(
1498 3071 1538 3104 iic
1554 3071 1583 3103 in
1602 3064 1728 3113 portum
1747 3070 1897 3112 capientis
1946 3078 1970 3114 r:

1923 3112 2008 3143 nex*

2006 3235 2008 3242 A

2006 3252 2008 3259 1
