2008 3436
375 110 679 147 RERUM
754 121 834 144 nr

52 205 182 234 Tributa.
792 200 827 227 11.
851 202 915 229 280.

199 241 232 269 V.
258 240 421 275 Vestigium

53 293 69 310 a
97 280 226 309 'l'ributis
250 280 275 306 in
299 279 453 307 {loll-‚india
476 276 608 306 immunia
627 274 686 304 sunt
707 275 768 304 loca
793 278 837 312 pu*
853 276 914 304 lica.

807 318 870 344 231·
892 315 914 341 b.

154 365 188 384 an
212 355 313 383 codem
332 357 394 391 jure
415 361 528 383 utantur
553 352 617 380 loca
639 354 750 390 publica
766 375 773 387 ,
794 362 855 390 qum
879 352 914 380 ad

93 396 216 424 Ordines
232 395 376 429 generales
391 394 538 430 pertinent.
851 392 915 420 ibid,

55 435 167 463 Triuiam
207 434 353 462 nundinum
390 439 465 468 aeque
510 429 612 459 dicitur
649 439 681 459 ac
723 431 915 459 trimmdimaem.

759 470 782 497 l.
803 477 868 504 420.
891 477 916 496 a.

58 512 200 549 Tr*i5,er.·.·'ta
217 511 292 539 Sexti
310 509 389 538 AElii.
805 516 870 542 320.
890 517 916 534 a.

56 552 135 579 'Ji-on.
155 551 252 578 habuit
268 550 314 586 ἱ1115
332 546 468 574 italicum.
811 554 872 580 171.
893 545 916 573 b.

56 590 232 627 Tropljimus,
261 587 424 622 ’[νυρῡίιηαε,
457 583 616 621 Trophimo,
646 587 762 614 nomina
792 585 916 621 propria.

53 668 172 696 Tubero
194 663 359 701 (Quintus)
381 662 502 692 Stoicus.
806 631 871 696 3217.
891 622 915 689 ξ.

155 704 295 739 Ligarium
313 702 462 730 accusavit.
807 709 871 735 324.
893 700 915 727 b.

54 744 214 776 φιλκοχκίσς.
807 742 871 773 326.
893 738 916 766 b.

47 783 97 818 ,qui
112 781 155 815 sub
172 780 309 808 'i'uitionc
327 779 403 811 sunt.
424 779 581 815 Principem
603 778 695 810 suurn,
717 779 845 815 quamvis
868 785 917 804 no-

94 817 294 848 sii-umbonem
310 840 316 849 ,
334 819 445 855 poliunt
464 821 577 853 juvare,
600 818 644 845 sed
668 825 726 846 non
747 818 829 844 arinis
846 817 922 844 viris-

93 867 164 895 que,
185 859 284 893 quibus
299 865 398 885 contra
412 866 464 886 nos
481 856 582 885 bellum
599 863 706 893 gerant.
768 857 803 884 11.
819 860 882 888 209.
897 854 920 882 b.

811 902 875 921 210.
895 903 922 920 a.

54 936 193 964 Turarius
206 935 286 962 vicus
302 934 409 962 Romae.
764 934 786 961 1.
808 940 873 967 420.
895 931 918 959 b.

56 975 143 1003 'l’uici
155 996 162 1005 ‚
180 973 298 1001 aliorum
316 974 494 1009 impatientes
510 972 556 1000 sibi
568 972 646 1004 solis.
665 979 701 1000 ne
715 970 920 1008 religionequi-

93 1014 156 1041 dem
173 1020 306 1049 excepta.
328 1013 422 1040 omnia
441 1011 585 1039 vindicant
603 1011 690 1039 avidi.
807 1016 871 1044 413.
894 1018 919 1036 a.

157 1060 206 1079 eos
218 1073 224 1084 ,
245 1052 291 1086 qui
309 1058 366 1078 non
385 1052 444 1078 sunt
457 1059 489 1078 cx
509 1050 614 1086 populo
632 1058 693 1077 cum
715 1048 778 1085 ipsis
794 1048 921 1076 Foedera-

96 1097 127 1118 to
143 1111 150 1120 ,
172 1090 199 1117 in
221 1090 280 1118 suus
304 1090 425 1117 ditiones
451 1090 597 1117 venientts
616 1089 645 1116 in
671 1089 830 1116 servitutem
851 1086 921 1114 redi-

95 1136 175 1164 gunt.
752 1126 791 1154 ss.
814 1132 876 1159 125.
897 1134 921 1152 a.

60 1167 388 1203 Turcorumlmserntor
406 1166 431 1192 in
451 1165 537 1193 titulis
558 1164 712 1193 liberalior.

189 1206 271 1240 quale
298 1205 476 1241 privilegium
511 1204 602 1239 Belgis
626 1202 769 1232 foederatis
801 1202 922 1230 dederit.

813 1248 876 1275 1²5·
896 1249 923 1268 a.

60 1280 261 1318 Tui-riiirdrrfus
277 1280 315 1308 est
332 1279 403 1319 lusiki
417 1281 503 1315 alvei,
525 1289 540 1309 a
555 1280 640 1315 turri,
661 1280 708 1308 vel
722 1279 853 1309 turricula
864 1300 871 1312 ,
894 1278 924 1306 si-

97 1330 132 1348 ve
151 1329 249 1357 pyrgo.
766 1319 788 1346 1.
811 1326 878 1352 322.
898 1327 923 1346 a.

59 1359 189 1388 Turtures
204 1367 254 1395 pro
271 1358 436 1395 heredipett's.
814 1364 879 1391 431.
898 1367 924 1384 a.

58 1397 216 1427 Tuscianus
235 1398 330 1434 JCtus.
816 1398 879 1430 328.
900 1394 924 1422 b.

59 1436 165 1466 Tutela
181 1435 256 1464 sexus
273 1442 408 1472 perpetua
424 1440 504 1463 aetate
514 1440 640 1464 veterum
657 1434 792 1472 JCtorum
807 1434 925 1462 ccli‘ave-

99 1482 150 1502 rat.
815 1479 879 1506 231.
900 1482 926 1500 a.

55 1514 154 1543 Tutor
171 1521 185 1540 a
203 1517 293 1541 matre
314 1512 393 1540 datus
424 1511 518 1539 liberis
549 1511 679 1540 institutis
709 1510 867 1539 confirmari
897 1519 926 1538 o-

96 1553 193 1581 mnino
208 1551 294 1579 debet
308 1559 341 1579 ex
357 1550 546 1587 inquilitione.
879 1553 926 1578 6t.

59 1605 137 1614 --
161 1590 241 1618 datus
255 1591 348 1618 liberis
364 1598 422 1617 non
446 1589 578 1618 institutis
596 1587 845 1626 confirmarisolet,
867 1597 925 1654 τὲοῖ

95 1628 176 1657 debet.
862 1629 871 1655 i
890 1626 898 1654 ἰ
919 1649 925 1656 .

61 1668 173 1697 Tutore
195 1668 223 1695 in
247 1666 311 1695 solis
332 1668 416 1703 Legis
438 1666 594 1695 actionibus
613 1666 780 1702 legitimisve
803 1666 925 1699 auibusz

98 1707 148 1734 ubi
172 1705 280 1742 pupillo
304 1714 367 1734 cum
388 1705 446 1742 ipso
465 1712 558 1734 tutore
578 1713 620 1733 res
636 1713 715 1737 erat,
735 1713 806 1741 opus
822 1704 875 1732 suit
889 1704 926 1732 ad

97 1744 302 1782 expediendam
325 1745 420 1773 litem.-
441 1745 470 1772 in
494 1744 607 1781 reliquis
631 1750 745 1772 curator
763 1742 926 1772 sufficiebat.

816 1789 880 1815 229.
901 1790 926 1810 a.

59 1823 183 1851 Tutores
197 1820 264 1849 olim
280 1821 392 1858 petendi
407 1830 422 1849 a
438 1822 573 1850 matribus
587 1821 663 1849 intra
673 1828 777 1849 annum
789 1829 925 1856 :quarum

100 1861 279 1896 negligentiae
294 1869 382 1896 poenzc
397 1860 585 1888 recensentur.
815 1862 879 1893 269.
901 1859 924 1888 b.

62 1900 156 1928 Tutor
171 1899 302 1934 superstes
324 1906 357 1926 an
374 1898 548 1927 domicilium
574 1899 725 1934 impuberis
741 1897 786 1926 vel
809 1898 925 1927 minoris

98 1945 206 1965 mutare
222 1937 302 1973 poffit
314 1957 322 1969 .
343 1937 368 1966 ἃ
383 1945 441 1974 quo
456 1936 558 1965 effeEtu
574 1938 647 1966 circa
670 1936 866 1965 successionem
889 1939 923 1965 ab

101 1975 242 2004 intestato,
798 1975 836 2002 ll.
859 1983 924 2010 334.

65 2014 132 2051 Tyro
145 2015 189 2049 jus
206 2013 332 2042 italicum
349 2013 428 2043 dedit
439 2013 590 2052 Septimius
603 2013 741 2048 Severus,
764 2013 790 2043 ὅ(
807 2014 927 2042 Antoni-

99 2062 152 2082 nus
168 2053 322 2082 Caracalla.
773 2054 796 2082 l.
820 2060 883 2088 170.
902 2052 925 2081 b.

478 2130 515 2159 V.

62 2167 132 2239 V
285 2207 291 2214 -
861 2185 885 2188 ’-

140 2225 152 2239 .
177 2207 204 2236 ὅ(
223 2208 255 2236 B.
283 2214 350 2236 rtem
374 2208 413 2236 U.
432 2207 458 2235 ὅ(
484 2207 522 2236 N.
544 2212 747 2245 permutantur.
789 2208 813 2236 Ι.
835 2210 880 2238 82.
902 2217 927 2236 a.

836 2254 881 2281 25.
903 2256 928 2274 α.

64 2283 139 2315 Vada
153 2283 259 2311 Sabatia
285 2283 319 2311 iic
335 2283 406 2312 dicta
427 2284 462 2312 ab
484 2284 592 2320 oppido
611 2285 730 2317 Sabata,
752 2285 929 2321 reperiuntur

102 2330 190 2360 prope
206 2323 348 2350 Savonam
359 2345 365 2356 ‚
382 2323 408 2351 &
421 2323 504 2358 plane
517 2322 643 2352 distincta
661 2324 721 2352 sunt
735 2332 750 2351 3
765 2323 827 2351 lacu
842 2324 929 2352 Saba-

102 2362 161 2391 tio.
184 2362 233 2397 qui
249 2360 287 2389 est
304 2362 331 2389 in
353 2362 494 2389 Hetruria.
815 2370 881 2390 202.
902 2371 928 2391 a.

63 2401 182 2435 Vaginae
199 2408 234 2427 an
251 2408 304 2436 pro
325 2401 408 2428 armis
423 2400 448 2428 δε
469 2398 658 2428 instrumentis
680 2399 788 2429 bellicis
812 2399 863 2428 {int
882 2401 929 2428 ha-

103 2438 210 2466 bendae.
352 2458 354 2461 -
761 2440 795 2467 ΙΙ.
819 2446 882 2467 211.
905 2438 929 2467 b.

61 2477 207 2506 Valentini
222 2476 269 2513 Jus
287 2475 413 2504 italicum
427 2476 596 2505 habuerunt.
774 2479 797 2506 I.
823 2485 886 2512 171.
908 2477 930 2504 b.

64 2516 274 2546 vaticinatores
302 2515 417 2551 relegari
446 2515 536 2542 voluit
563 2516 600 2543 D.
622 2516 762 2550 Marcus;
784 2516 930 2552 quomodo

103 2554 129 2582 ἀ
144 2562 159 2581 3
176 2554 259 2582 Curia
273 2554 432 2582 Hollandiae
446 2554 601 2587 judicatum
619 2556 666 2582 est.
868 2557 928 2588 183.

63 2607 143 2614 -—--
167 2592 279 2626 capitali
303 2600 385 2628 poena
408 2593 499 2628 puniti
522 2592 596 2624 sunt,
620 2592 638 2620 li
659 2599 761 2628 nempe
785 2591 820 2620 de
844 2592 930 2620 salute

103 2630 240 2664 Principis
255 2629 300 2657 vel
317 2631 419 2659 summa
437 2632 506 2666 reip.
528 2630 743 2667 responderint:
820 2633 882 2665 183.
903 2640 929 2658 a.

67 2668 170 2704 Ubique
185 2667 319 2704 &semper
333 2678 384 2705 pro
398 2671 552 2705 plerumque.
818 2676 882 2704 237.
905 2679 929 2697 a.-

59 2703 143 2741 Ὕβρις
167 2715 243 2734 nunc
266 2707 394 2741 injuriam
411 2730 418 2741 ,
454 2716 530 2735 nunc
552 2707 752 2736 contumeliam
785 2706 930 2743 fignificat.

72 2768 75 2771 ,
821 2748 884 2780 148.
904 2755 930 2774 a.

66 2783 201 2814 Udones.
224 2782 292 2811 Vid.
314 2783 426 2815 enicet,
447 2784 471 2812 δε
487 2783 611 2812 Vestium
632 2783 716 2821 legat.
922 2816 928 2819 ,

167 2822 234 2857 quid
252 2821 379 2857 praecise,
400 2820 424 2849 ἃ
438 2830 454 2849 e
468 2831 524 2859 qua
539 2823 656 2851 materia
677 2823 798 2856 fuerint,
819 2830 877 2850 non
895 2823 934 2851 sa-

106 2863 141 2889 tis
157 2860 274 2890 constat.
841 2864 885 2895 89.
908 2860 932 2888 h.

68 2902 205 2932 Udones,
227 2898 316 2927 fasciae
330 2897 463 2935 pedules,
475 2897 501 2926 ὅ(
518 2899 641 2937 imp'ilia,
661 2906 720 2928 non
734 2900 796 2928 sunt
815 2900 931 2965 synogyza

103 2948 157 2968 ma.
560 2947 561 2950 ¹
867 2948 876 2964 ‘l
895 2947 913 2964 l(
924 2959 931 2966 0

69 2977 193 3015 vestigo]
209 2975 364 3004 fraudantis
380 2974 474 3002 militis
493 2975 579 3010 quale
592 2976 624 3005 fit
638 2977 777 3005 deliflurn.
788 2977 932 3010 ll.329.a.

173 3015 250 3053 quod
268 3015 383 3043 solvitur
403 3013 512 3048 templis
526 3013 624 3049 p‘raeter
639 3022 700 3051 quae
709 3016 853 3044 cadavera
865 3036 872 3046 ,
885 3014 933 3042 ali-

107 3057 136 3083 bi
153 3053 310 3091 sepelienda
326 3053 482 3085 vehuntur,
505 3051 545 3080 est
562 3053 730 3088 improbum.
825 3055 888 3082 281.
908 3063 933 3080 a.

69 3094 222 3130 Vestigalia
237 3092 263 3120 δι’.
277 3092 408 3120 Tritium.
649 3111 652 3113 .
869 3093 934 3120 280.

171 3131 301 3159 immensa
318 3130 377 3157 sunt
393 3129 419 3155 in
435 3127 534 3163 Belgio
548 3127 709 3156 Foederato.
871 3128 936 3157 ibid.

167 3170 266 3198 Romae
282 3177 337 3196 non
354 3167 478 3202 Principi
497 3167 651 3200 duntaxat,
667 3166 712 3196 sed
725 3166 750 3196 &
766 3168 938 3196 Civitatibus

109 3208 252 3236 nonnullis
267 3207 472 3245 pendebantur.
825 3209 890 3235 282.
911 3215 936 3233 a.

912 107 1400 145 VERBORUM.

817 1171 878 1197 109.
899 1163 923 1191 b.
946 1195 948 1198 ,

1749 119 1821 160 516

959 198 1114 233 Veftigalia
1139 199 1166 226 in
1192 197 1347 226 Hollnndia
1363 207 1420 226 non
1437 201 1523 228 modo
1540 201 1710 233 Ordinibus.
1734 201 1778 230 sed
1797 201 1823 230 ἃ

995 238 1165 265 Civitatibus
1181 238 1346 272 quibusdam
1367 237 1527 274 solvuntur,
1548 241 1649 276 quibus
1666 242 1692 268 itl
1710 240 1823 268 l'rivile-

995 277 1034 311 gii
1050 275 1144 302 datum
1161 276 1210 303 eit.
1657 281 1691 307 ll.
1710 280 1773 307 282.
1797 288 1823 307 a.

1061 322 1095 341 an
1118 314 1241 341 Urbibus
1259 313 1302 340 vel
1325 315 1402 350 pagis
1427 315 1461 342 ad
1482 324 1516 343 ωε
1537 316 1656 344 alienum
1674 317 1824 344 dill'olven-

998 351 1062 380 dum
1079 373 1085 385 ,
1110 352 1152 379 vel
1189 352 1224 380 ad
1256 353 1323 380 alias
1358 354 1492 390 impensas
1529 356 1690 383 necell'arias
1705 376 1712 388 ‚
1741 355 1825 383 liceat

996 391 1132 426 imperare
1147 390 1265 418 Civibus
1281 391 1325 418 vel
1341 392 1439 419 incolis
1455 392 1516 419 suis.
1758 394 1823 421 ibid.

959 429 1145 463 Veftigalium
1160 428 1186 457 ἃ
1201 430 1386 458 'l'ributorum
1405 430 1575 458 temiffiones
1597 430 1635 457 ob
1651 430 1743 459 casum
1764 432 1824 458 ino-

999 469 1125 504 pinatum
1143 468 1277 495 concertae
1294 469 1367 504 apud
1383 469 1540 496 Romanos.
1713 469 1775 497 ibici.
1798 471 1823 496 ὺ.

961 521 1037 529 -—
1060 506 1087 534 id
1108 507 1227 534 maxime
1250 507 1343 535 locum
1367 507 1472 540 habet,
1492 506 1510 534 fi
1534 506 1667 534 damnum
1688 508 1825 535 obveniat

998 553 1031 573 ex
1048 544 1130 582 ipsius
1147 546 1295 572 Locatoris
1312 554 1399 582 parte.
1763 546 1827 574 ibid.

1059 583 1127 620 quid
1143 584 1210 618 juris
1228 582 1258 612 iit
1275 585 1302 612 in
1318 584 1484 613 ilollandia.
1761 583 1824 611 ibid.

960 622 1127 654 Vehicurum,
1151 622 1230 658 quid.
1675 622 1698 650 Ι.
1723 624 1783 652 108.
1802 621 1826 649 b.

961 662 1009 689 Vei
1029 669 1080 696 pro
1094 661 1189 690 ctiam.
1718 663 1780 695 318.
1803 660 1827 688 b.

961 701 1064 734 Vellet,
1083 701 1194 734 vellent,
1215 701 1372 729 communis
1389 699 1414 729 &
1432 701 1555 737 benigna
1571 700 1678 736 Legum
1695 698 1830 727 formula.

1718 740 1782 774 418.
1804 737 1828 765 b.

963 776 1096 804 Vendere
1114 776 1226 805 liberos.
1251 778 1288 806 V.
1308 778 1413 807 Liberi.

965 816 1118 849 Venditio,
1141 815 1158 842 fi
1174 817 1200 843 in
1215 818 1329 844 materia
1347 818 1391 845 vel
1409 816 1557 846 substantia
1572 822 1693 846 erratum
1709 815 1753 848 sir,
1770 822 1828 842 non

1004 855 1096 889 valet,
1116 856 1242 890 quamvis
1259 855 1286 883 id
1310 864 1366 884 non
1386 856 1508 893 semper,
1530 857 1575 885 sed
1597 858 1664 894 saepe
1681 854 1827 893 procedat-

1388 908 1392 912 -
1718 900 1781 927 193.
1802 901 1830 920 a.

965 931 1187 960 Venditionibus
1210 932 1360 961 fundorum
1384 932 1510 961 solebant
1534 933 1616 968 adiici
1635 933 1713 970 paeta
1736 933 1771 960 de
1793 931 1828 958 iis

1001 971 1159 999 metiendis,
1782 972 1828 999 86.

963 1010 1092 1038 Vendito
1116 1007 1223 1043 fundo,
1246 1011 1324 1045 cuius
1345 1016 1437 1039 certus
1461 1010 1562 1038 modus
1588 1010 1675 1038 dietus
1688 1009 1742 1042 est,
1764 1016 1829 1037 cum

1002 1049 1084 1085 patto
1097 1068 1105 1079 ,
1126 1054 1157 1075 ut
1176 1055 1269 1077 emtor
1290 1058 1352 1077 eum
1377 1050 1447 1077 intra
1471 1056 1578 1078 certum
1596 1053 1704 1085 tempus
1720 1049 1830 1076 metire-

1004 1094 1066 1120 tur,
1089 1086 1106 1114 fi
1129 1093 1221 1115 emtor
1246 1088 1273 1116 id
1296 1087 1388 1116 facere
1413 1088 1590 1124 neglexerit,
1612 1088 1704 1115 minor
1729 1086 1831 1114 modus

1004 1125 1106 1153 deinde
1124 1125 1253 1154 inventus
1270 1126 1351 1162 ipsius
1368 1126 1471 1154 damno
1488 1125 1536 1155 est.
1737 1128 1783 1159 87.
1805 1134 1831 1152 a·-

1068 1164 1145 1199 cujus
1160 1171 1252 1193 certus
1267 1165 1367 1193 modus
1389 1165 1475 1193 ditius
1497 1174 1555 1193 non
1572 1163 1627 1198 est,
1650 1170 1712 1192 cum
1729 1163 1831 1191 eodem

1002 1203 1100 1239 paeto,
1122 1202 1140 1230 fi
1164 1205 1264 1232 modus
1288 1205 1361 1232 intra
1390 1210 1495 1232 certum
1519 1209 1628 1240 tempus
1651 1203 1831 1230 renunciatus

1001 1241 1104 1275 fuerit,
1125 1247 1234 1270 tantum
1257 1243 1376 1270 debetur
1403 1243 1524 1279 pretium
1546 1251 1598 1278 pro
1621 1240 1709 1269 modo
1730 1248 1831 1268 renun-

1005 1281 1098 1313 ciate,
1120 1279 1166 1308 sed
1195 1287 1287 1309 emtor
1302 1301 1312 1316 ‚
1336 1289 1371 1309 eo
1391 1281 1487 1318 postea
1505 1281 1615 1309 minore
1641 1278 1834 1317 deprehenso.

1007 1323 1135 1355 repetere
1149 1319 1256 1355 potest,
1279 1326 1388 1356 quanto
1405 1320 1497 1348 minor
1512 1319 1560 1348 est.
1768 1317 1833 1346 ibid.

968 1357 1110 1385 venditor
1127 1357 1206 1386 liberi
1223 1358 1347 1386 hominis
1363 1358 1390 1386 in
1408 1360 1512 1386 crimen
1529 1357 1615 1395 plain
1631 1356 1788 1390 incidebat,
1803 1362 1835 1384 ut

1008 1396 1033 1424 c&
1049 1396 1116 1423 olim
1134 1401 1238 1429 emtor,
1264 1396 1378 1435 fisciens
1392 1397 1446 1425 dolo
1468 1398 1533 1425 malo
1547 1396 1664 1425 emisset.
1726 1402 1789 1430 355.
1812 1394 1835 1422 b.

967 1435 1122 1463 venditori
1148 1443 1182 1463 an
1206 1441 1349 1472 competat
1376 1436 1532 1465 vindicatio
1548 1457 1556 1470 ‚
1578 1435 1597 1463 fi
1612 1456 1621 1469 ,
1645 1443 1674 1462 re
1697 1435 1812 1462 vendita
1826 1454 1834 1466 ,

1008 1473 1113 1502 solutio
1128 1481 1185 1501 non
1203 1474 1340 1510 sequatur.
1709 1473 1745 1501 11.
1767 1480 1834 1507 421.

970 1527 1048 1534 —--
1072 1520 1106 1539 an
1117 1534 1124 1545 ‚
1145 1511 1170 1540 δι
1186 1511 1210 1540 Ῑῐ
1221 1513 1289 1542 fides
1306 1513 1401 1542 habita
1418 1513 1453 1541 de
1469 1513 1573 1550 pretio.
1724 1510 1788 1539 ibid.
1810 1519 1836 1539 a.

969 1551 1072 1580 Veneti
1088 1559 1122 1578 an
1139 1550 1190 1579 (int
1205 1551 1322 1580 Domini
1336 1552 1472 1586 Adriatici
1486 1553 1579 1580 maris.
1770 1556 1834 1583 132-

971 1604 1048 1611 —-——
1069 1589 1208 1626 possident
1237 1599 1283 1620 eas
1307 1592 1390 1620 maris
1413 1596 1529 1628 partes,
1559 1589 1660 1626 quibus
1683 1595 1717 1617 ex
1743 1588 1834 1616 conti-

1008 1629 1085 1656 nenti
1104 1629 1250 1665 imperant.
1728 1626 1789 1654 ibid.
1811 1625 1835 1654 b.

970 1680 1048 1688 —-—-
1067 1675 1166 1704 eorum
1182 1668 1251 1696 dicis
1265 1669 1345 1697 causa
1361 1668 1540 1707 desponsatio
1556 1675 1618 1696 cum
1635 1664 1765 1699 mamad
1775 1666 1834 1699 ejus

1009 1705 1164 1734 dominium
1180 1715 1237 1734 non
1257 1706 1379 1736 sufficit.¹
1521 1718 1522 1722 ¹
1772 1703 1837 1731 ibid·

970 1742 1078 1772 Venter
1093 1753 1156 1780 pars
1173 1745 1307 1774 mulieris.
1678 1744 1701 1772 Ι.
1725 1749 1789 1777 357.
1810 1750 1837 1770 α.

970 1798 1046 1804 —-
1067 1783 1102 1811 ad
1125 1785 1254 1812 maritum
1274 1786 1336 1819 iure
1349 1786 1468 1822 proprio
1488 1785 1628 1822 pertinet,
1649 1781 1674 1811 &
1689 1781 1754 1810 hinc
1773 1779 1837 1816 post

1008 1821 1178 1856 divortium,
1201 1823 1246 1851 vel
1263 1831 1299 1851 eo
1314 1829 1443 1856 mortuo.
1467 1824 1622 1860 inspicitur.
1770 1818 1836 1847 ibid.

969 1860 1054 1888 Verba
1070 1860 1096 1888 δε
1110 1861 1216 1890 verbera
1234 1862 1300 1899 saepe
1317 1862 1530 1891 confunduntur
1545 1862 1572 1889 in
1588 1858 1673 1889 MSS.
1744 1859 1790 1893 38.
1811 1867 1838 1887 a.

969 1899 1064 1927 Verba
1082 1898 1172 1935 legum
1184 1901 1366 1937 antiquarum
1382 1902 1445 1930 cum
1460 1900 1565 1929 diverse
1583 1896 1776 1934 referuntJCti
1792 1904 1838 1924 ea-

1010 1937 1072 1965 dem
1098 1938 1234 1968 sententia
1249 1960 1257 1973 ,
1279 1939 1349 1968 alter
1373 1939 1454 1968 locus
1479 1947 1513 1968 ex
1533 1938 1623 1966 altero
1645 1934 1839 1965 emendandus

1009 1983 1067 2004 non
1084 1976 1131 2005 est.
1322 1986 1327 1992 ,
1722 1982 1769 2008 90.
1792 1981 1840 2006 91.

970 2014 1054 2045 Verba
1069 2015 1217 2051 deponentia
1234 2022 1290 2044 tam
1306 2016 1508 2053 significatione
1524 2015 1646 2053 pamm,
1668 2022 1751 2050 quam
1773 2012 1838 2040 atti.

1011 2062 1046 2081 va
1062 2053 1136 2090 apud
1155 2054 1307 2090 Auctorem,
1330 2064 1393 2084 cum
1407 2055 1534 2089 nostros,
1557 2061 1616 2082 tum
1637 2060 1749 2083 exteros
1767 2051 1842 2079 acci-

1009 2093 1134 2129 piuntur.
1731 2098 1794 2125 143.
1816 2089 1840 2118 b.

971 2131 1066 2159 Verba
1083 2131 1164 2167 Legis
1181 2130 1207 2160 ἀ
1224 2133 1322 2161 Irnerii
1338 2141 1395 2169 quo
1413 2133 1491 2161 sensu
1512 2130 1683 2168 distinguant
1707 2129 1842 2164 interpre-

1009 2175 1060 2198 tes.
1551 2171 1586 2198 11.
1611 2172 1655 2203 85.
1678 2170 1723 2197 86.
1746 2169 1792 2200 87.
1814 2166 1838 2194 b.

971 2209 1068 2238 Verba
1090 2209 1197 2246 rogavit
1221 2209 1266 2237 ille
1281 2231 1288 2243 ‚
1306 2209 1448 2248 spospondit
1470 2210 1514 2237 ille
1539 2207 1748 2244 stipulationem
1769 2204 1840 2232 infe-

1010 2253 1092 2279 runt,
1113 2252 1171 2275 non
1186 2248 1306 2283 pastum.
1751 2249 1793 2278 15.
1815 2243 1841 2272 b.

1071 2285 1120 2313 nisi
1144 2286 1257 2313 aliunde
1273 2287 1429 2323 probentur
1445 2284 1631 2314 instrumento
1651 2291 1701 2320 per
1716 2290 1841 2310 errorem

1011 2323 1118 2358 adieeta
1132 2324 1195 2352 effe.
1751 2327 1794 2354 17.
1815 2320 1841 2349 b.

972 2363 1134 2391 Verborum
1151 2365 1309 2400 proprietas
1333 2363 1361 2391 in
1380 2362 1506 2391 formulis
1525 2362 1633 2397 Legum
1656 2367 1739 2397 quarn
1755 2360 1842 2387 maxi-

1009 2410 1054 2429 me
1070 2402 1243 2430 observatur.
1685 2399 1706 2426 1.
1730 2404 1792 2432 335.
1815 2397 1840 2425 b.

974 2439 1070 2474 Versus
1094 2440 1154 2467 sunt
1176 2439 1286 2474 fingulae
1308 2440 1388 2467 lineae
1403 2461 1410 2473 ,
1432 2447 1482 2475 per
1506 2446 1578 2475 quos
1598 2438 1716 2466 Veteres
1734 2436 1839 2464 liberos

1014 2478 1075 2506 suos
1092 2477 1254 2505 diviserunt.
1728 2478 1792 2503 162.
1814 2484 1840 2502 a.

973 2516 1067 2552 Versus
1083 2524 1135 2553 pro
1147 2516 1261 2552 periodis
1277 2514 1470 2553 seusententiis
1486 2514 1511 2543 &
1527 2513 1674 2551 capitibus,
1697 2521 1712 2541 3
1727 2512 1753 2540 se
1770 2513 1840 2540 invi-

1012 2563 1087 2587 cem,
1110 2555 1235 2590 quamvis
1255 2563 1311 2582 non
1328 2559 1433 2587 metro,
1457 2553 1599 2581 distinctis.
1728 2554 1794 2586 326.
1815 2551 1841 2579 b.

973 2592 1102 2621 Vestium
1119 2593 1213 2628 legato
1233 2593 1294 2627 iure
1316 2593 1457 2622 Romanor
1470 2592 1580 2619 udones
1605 2591 1631 2620 ὅ(
1649 2590 1841 2619 calceamenta

1011 2639 1069 2659 non
1085 2632 1318 2663 continebantur,
1340 2639 1415 2658 nunc
1432 2631 1626 2658 continentur.
1747 2630 1792 2661 89.
1813 2638 1841 2656 α.

974 2667 1122 2706 Vestissuae
1137 2670 1276 2706 legatum,
1298 2669 1323 2698 ἃ
1338 2669 1419 2706 vestis
1443 2669 1580 2705 legatum,
1603 2666 1778 2704 fimpliciter,
1801 2665 1844 2693 di-

1009 2709 1096 2736 versa.
1792 2707 1840 2732 62.

974 2747 1042 2775 inter
1056 2746 1147 2774 Vestis
1165 2747 1309 2775 muliebris
1327 2745 1449 2782 legatum
1467 2744 1492 2773 &
1512 2744 1723 2780 stipulationem
1746 2740 1841 2770 discri-

1014 2793 1077 2813 men
1792 2783 1841 2815 64.

975 2823 1075 2852 Vestes
1089 2822 1157 2851 olim
1170 2823 1288 2858 ‘Legaris
1303 2830 1355 2858 pro
1371 2821 1532 2849 muneribus
1551 2819 1629 2847 datae.
1670 2819 1706 2847 11.
1730 2826 1793 2853 253-
1815 2818 1840 2847 h.

975 2863 1031 2890 Via
1053 2861 1093 2890 est
1108 2863 1150 2895 jus
1173 2863 1287 2889 vehrmcii
1301 2881 1309 2893 ,
1333 2860 1388 2888 five
1414 2859 1573 2888 vehiculum
1590 2858 1724 2893 jumentis
1742 2857 1842 2892 iuna-”tis

981 2916 983 2918 -
1013 2900 1143 2928 ducendi.
1166 2897 1347 2928 Vid.‘Ac”tus.
1778 2895 1790 2905 ⁵

974 2940 1035 2967 Viae
1051 2937 1190 2971 latitudo,
1212 2946 1280 2973 quae.
1695 2934 1717 2961 I.
1741 2935 1793 2963 108
1815 2933 1839 2962 b.

975 2978 1110 3007 Viatia-am
1129 2981 1188 3004 non
1204 2976 1291 3004 folum
1306 2982 1358 3012 pro
1376 2972 1465 3002 sumtu
1482 2974 1553 3003 viae.
1571 2971 1616 3000 sed
1632 2972 1717 3001 etiam
1735 2981 1787 3009 pro
1801 2972 1842 3000 fas

1017 3015 1121 3042 cultate
1137 3014 1161 3042 &
1178 3021 1312 3051 apparatu
1328 3013 1443 3041 aliarum
1459 3019 1560 3040 rerum.
1795 3019 1841 3046 5¹2.

976 3053 1084 3081 Vistori
1101 3054 1127 3081 in
1145 3053 1244 3081 vitium
1262 3053 1356 3080 omnia
1373 3051 1467 3079 licent.
1671 3049 1708 3078 11.
1732 3057 1794 3084 193.
1817 3049 1843 3078 b.

1079 3092 1215 3126 competit
1229 3091 1271 3126 jus
1289 3090 1437 3117 servitutis.
1733 3091 1795 3122 196.
1816 3099 1842 3117 a.

978 3143 1057 3150 .-

1178 3130 1220 3163 ius
1238 3130 1300 3155 vitae
1315 3127 1340 3156 ἀ
1354 3128 1439 3155 necis.
1732 3134 1794 3160 195.
1816 3136 1841 3154 a.

979 3166 1098 3199 Videre,
1129 3174 1181 3203 pro
1217 3170 1315 3204 noscere
1351 3173 1387 3194 ex
1421 3162 1527 3201 historia
1560 3163 1605 3193 vel
1642 3165 1843 3193 narrationibus.
1871 3170 1876 3173 '

1708 3205 1729 3232 1.
1752 3210 1795 3237 79.
1818 3212 1847 3231 a«

1116 3241 1249 3269 Zzzz
1801 3242 1850 3270 Vi-
