2008 3436
161 106 232 143 486
763 104 779 137 1
878 102 916 137 N
1014 101 1050 136 D

163 194 334 223 Cautionum
356 196 444 224 virtus
461 203 529 232 (με.
872 193 907 221 Il.
931 201 974 220 12.
998 193 1022 220 b.

163 233 266 260 Cautio
284 233 300 260 ii
317 242 371 269 qua
392 234 572 269 producentis
587 234 701 260 nomine
719 232 749 260 sit
766 239 919 268 concepta,
942 240 975 258 an
989 239 1023 258 ex

200 280 231 297 ea
251 272 322 298 refte
340 279 401 306 agat
422 273 540 308 quilibet
556 271 694 308 polii-libr.
908 273 973 303 361.
995 278 1019 296 a.

166 308 373 345 cenotaphium
388 319 444 339 non
462 311 500 339 est
516 309 690 346 religiosum,
705 307 730 336 δε
747 307 873 335 dissensio
886 307 1020 344 JCrorum

197 347 231 374 de
251 356 283 375 ea
304 356 341 376 re.
770 347 783 373 I
816 353 861 380 23.
883 348 907 373 h.
929 353 974 379 24.
994 354 1020 372 a.

162 384 287 421 censendi
302 395 356 414 vox
372 395 405 414 ex
420 385 538 414 formula
554 385 702 414 SCtorum.
908 391 971 417 430.
994 392 1018 410 a.

162 423 256 464 Ceusus
277 433 328 460 pro
344 425 403 458 his,
425 426 469 461 qui
486 422 695 461 ceibf‘endistmt,
716 421 760 449 vel
777 430 830 458 pro
851 423 946 449 tabulis
964 429 1020 485 cml:-

208 470 278 489 uum.
910 466 973 493 313.
1013 479 1019 486 .

161 464 301 527 In'lCensu
313 497 437 528 ineundo
453 500 603 536 descriptio
619 499 760 526 bonorum
772 498 799 526 in
813 497 966 526 Hollandia
982 496 1021 523 est

197 538 364 575 improbata.
846 537 881 564 ll.
905 538 968 565 281.
989 544 1014 562 a.

360 575 538 612 Jurijurandn
559 575 651 603 fiatur.
956 573 1020 600 ibid.

261 615 287 642 in
308 615 459 643 Hollandia
488 614 587 642 subditi
611 612 843 648 quamplurimum
868 611 934 639 olim
959 611 1022 638 sunt

194 652 279 686 questi
298 654 386 680 minus
404 661 416 679 a
437 653 461 679 se
479 653 553 686 exigi
576 660 658 687 quam
676 653 836 687 oportebat.
909 652 972 679 281.
994 651 1018 677 b.

159 689 264 718 Census
277 712 283 722 ‚
305 691 378 718 Vide
393 691 554 718 Tributum.

160 589 239 596 -.--

159 728 376 757 Centemmanus
398 729 475 756 varie
492 728 617 756 scribitur
635 728 663 756 in
683 726 768 756 MSS.
863 727 886 754 1.
909 728 972 760 318.
994 726 1019 753 b.

292 768 364 794 ratio
379 768 511 795 nominis.
955 764 1019 791 ibid.

158 805 330 832 Centenarii.
907 810 972 837 414.
992 811 1018 830 a.

158 842 316 870 Centesima
341 851 392 879 pro
412 842 502 870 usur-⁰1.
524 841 598 869 Vide
619 841 725 873 Usura,
750 840 786 869 ὅτ.
871 841 907 868 ΙΙ.
929 848 974 867 21.
995 841 1018 868 b.

157 881 334 909 centumviri
358 882 393 909 de
416 880 587 909 testamentis
609 879 768 908 inofficiofis
800 880 1017 950 cognospilgang.

158 994 248 1022 Ceffio
265 996 404 1022 bonorum
425 1004 459 1023 an
483 995 567 1031 proiit
591 994 722 1023 adversus
742 964 870 1022 mulgffr'n
880 957 1019 1030 bpcgdng:

157 955 227 983 Ceroe
246 976 254 989 ‚
277 965 332 984 vox
354 955 482 984 solemnis
503 957 531 984 in
552 955 688 984 formulis.

195 1033 263 1060 riam
289 1042 321 1061 ex
345 1033 447 1061 delicto
470 1034 603 1062 debitam.
895 1033 930 1060 11.
953 1035 1017 1065 364.

156 1071 247 1099 Ceffio
272 1073 298 1099 in
320 1073 390 1106 jure.
866 1071 889 1098 Ι.
909 1073 973 1104 336.
993 1079 1018 1097 a.

256 1110 421 1138 Communis
431 1132 437 1143 ‚
448 1117 505 1138 tam
520 1119 612 1139 rerum
628 1109 765 1146 mancipi,
779 1116 863 1144 quam
878 1117 929 1136 nec
946 1116 1020 1135 man-

193 1155 257 1184 crpr.
907 1153 970 1180 337.
992 1155 1017 1174 α.

257 1186 315 1221 ejus
341 1185 466 1213 formulae
487 1185 584 1224 postea
602 1185 723 1214 sublatae.
903 1192 969 1218 339.
991 1186 1016 1212 b.

154 1221 358 1261 Ximsaefortia
373 1223 482 1260 robusta.
859 1229 922 1256 310.
945 1231 969 1249 a.
990 1223 1015 1250 b.

153 1263 319 1296 Χειξέμβολω
342 1263 410 1299 quid
432 1262 546 1299 proprie
565 1261 613 1294 fit,
633 1262 780 1289 incertum.
927 1267 970 1294 57.
990 1269 1014 1288 a.

155 1299 331 1327 Chiliarclrae.
902 1305 967 1332 414.
989 1307 1015 1325 α.

155 1338 342 1374 chirographi
359 1337 497 1365 exhibitio
516 1337 670 1375 potiffimus
689 1336 858 1365 creditorum
875 1336 1016 1372 probandi

188 1377 297 1403 modus.
866 1376 901 1403 11.
925 1382 969 1402 12.
990 1376 1015 1402 b.

154 1413 304 1442 Christiani
318 1413 421 1450 JCms,
444 1419 571 1442 veterum
592 1414 730 1443 sacrorum
751 1412 896 1446 vindices,
919 1412 1016 1440 adver·

192 1452 276 1480 sarios
296 1452 358 1480 suos
375 1455 481 1488 experti
503 1452 573 1482 sunt.
856 1453 878 1478 1.
900 1458 965 1485 413.
986 1452 1011 1479 b.

289 1491 389 1527 partim
406 1498 420 1518 a
436 1491 537 1527 Judaeis
555 1490 629 1523 orti,
650 1496 748 1518 contra
767 1488 955 1517 dissentientes
975 1497 1015 1516 ra-

190 1528 261 1557 biosi
277 1529 370 1566 potius
393 1537 475 1564 quam
498 1528 627 1564 religiosi.
903 1527 966 1555 ibid.
987 1537 1012 1556 a.

286 1568 471 1604 quamobrem
487 1569 607 1595 maxime
621 1567 757 1594 Romanis
773 1565 862 1594 invisi.
901 1569 966 1600 416.
987 1576 1012 1594 α.

286 1614 345 1641 quo
367 1605 433 1633 loco
455 1614 552 1633 eorum
576 1614 618 1633 res
644 1605 749 1633 fuerint
770 1604 844 1641 apud
871 1604 1014 1641 Principes

186 1643 332 1672 Romanos
349 1644 383 1672 ad
400 1645 486 1679 usque
503 1644 718 1673 Constantinum
734 1644 882 1679 Magnum.
901 1650 966 1676 415.
988 1644 1012 1671 1).

150 1696 264 1703 ———
286 1689 394 1710 veteres
414 1690 473 1710 non
495 1689 549 1711 tan
576 1682 829 1718 disputationibus,
850 1689 934 1717 quam
957 1681 1014 1708 sua-

189 1719 328 1755 fionibus,
346 1727 482 1758 putarunt
499 1721 740 1757 congrediendum
760 1720 813 1748 effe
832 1728 895 1747 curn
916 1718 1013 1746 adver-

189 1759 275 1788 fariis.
902 1765 968 1792 423.
987 1759 1012 1786 b.

385 1798 504 1834 plurima
525 1797 687 1826 Gentilibus
706 1797 931 1835 exprobrarunt,
954 1804 1013 1831 quae

189 1835 237 1872 ipsi
255 1836 381 1864 Gentiles
401 1836 491 1871 palam
510 1835 728 1864 detestabantur.
768 1839 832 1870 365.
856 1835 879 1862 b.
905 1837 966 1868 366.
986 1844 1012 1862 a.

150 1874 291 1903 Christina
308 1875 413 1902 Succiae
435 1875 544 1909 Regina
563 1883 621 1910 quo
636 1876 697 1910 jure
716 1875 744 1902 in
760 1873 877 1902 Francia
899 1872 1012 1900 Monal-

191 1912 332 1940 deschium
346 1913 450 1947 jusserit
465 1913 595 1940 interimi.
710 1913 745 1940 ΙΙ.
769 1921 832 1946 ¹49·
853 1912 877 1938 b.
902 1918 963 1945 151.
986 1921 1011 1939 a.

150 1950 403 1986 Chrysanthianum
418 1957 559 1978 certamen
569 1950 768 1979 Sardianorum
786 1949 909 1987 quale.1.
929 1957 972 1982 5ο.
985 1958 1010 1976 a.

150 1990 252 2018 Cicero
285 1989 427 2025 (Marcus
457 1989 589 2026 Tullius)
619 1998 654 2017 an
674 1989 891 2027 jurisconsultus
920 1987 1013 2053 fueribt.

851 2033 916 2060 325.
941 2035 965 2053 a.
1004 2046 1010 2053 .

285 2074 319 2093 an
335 2065 403 2105 quid
424 2065 459 2093 de
476 2066 537 2100 jure
558 2064 703 2101 scripserit.
900 2067 965 2097 3²6·
986 2073 1011 2091 a.

286 2110 340 2131 tres
363 2104 450 2132 libros
470 2104 577 2131 urbane
593 2104 728 2131 dic'torurn
747 2101 857 2138 scripsit.
899 2109 963 2136 324.
987 2103 1012 2130 b.

149 2141 235 2169 Cillus
256 2141 331 2169 idem
354 2141 432 2177 quod
460 2141 546 2178 asinus
563 2161 573 2176 ,
598 2140 624 2169 ὅ(
653 2142 720 2170 hinc
743 2142 869 2213 0330ng
897 2139 1011 2212 iI‘ayngiliZ.

900 2224 965 2251 234.
985 2226 1010 2244 a.

902 2262 966 2289 123.
986 2256 1010 2282 b.

149 2217 250 2245 Cincia
269 2216 339 2246 Lex.

148 2255 261 2293 Cingere
285 2262 415 2283 nummos
444 2254 483 2282 est
506 2255 700 2283 circumcidere.

148 2295 225 2322 Circi
241 2293 318 2321 limes
335 2301 389 2330 pro
406 2294 484 2321 linea.
509 2293 583 2321 Vide
599 2295 674 2322 limes
691 2291 716 2321 δι
728 2293 807 2322 linea.

148 2331 330 2360 Circumciiio
349 2331 450 2370 Judaeis
470 2331 606 2368 permissa.

148 2371 345 2398 circumvenire
364 2378 416 2407 pro
435 2378 550 2398 nocere.

147 2410 194 2436 Cis
210 2417 261 2445 pro
276 2410 352 2436 citra.

148 2448 267 2475 Citatio.
302 2446 376 2474 Vide
397 2446 498 2483 Judicii
522 2445 714 2474 denunciatio,

148 2486 232 2514 Cives
249 2493 412 2521 magnarum
430 2485 538 2513 urbium
554 2486 581 2512 in
597 2483 770 2518 Hollanrdia‚
789 2490 944 2519 eorumque
959 2484 1010 2511 bo·

188 2532 223 2551 na
240 2525 323 2551 ctiam
342 2524 369 2551 in
393 2531 462 2559 agro
482 2522 606 2550 arrestari
627 2522 747 2558 potsunt.
884 2523 921 2550 ll.
944 2529 1009 2556 333.

150 2562 227 2590 Civis
242 2561 363 2597 plurium
380 2562 526 2589 civitatum
542 2569 607 2589 num
624 2562 685 2596 quis
700 2560 753 2587 effe
769 2559 860 2596 poffit.
903 2563 964 2588 16¹.
985 2560 1009 2588 b.

148 2599 266 2633 Civitas,
288 2608 363 2634 non,
385 2605 416 2628 ut
430 2600 511 2633 urbs,
531 2598 690 2636 srmpliciter
704 2598 848 2626 Romanam
867 2597 1009 2634 fignificat.

855 2637 879 2666 1.
900 2638 964 2671 308.
984 2636 1007 2664 b.

284 2675 312 2704 id
328 2674 478 2711 aliquando
497 2680 590 2703 tamen
605 2682 703 2703 verum
722 2674 770 2702 est.
943 2674 1006 2702 ibid.

148 2714 300 2743 Civitatem
318 2722 374 2741 non
392 2713 493 2741 amittit
509 2721 525 2740 a
544 2719 623 2749 patre
644 2713 783 2741 venditus,
898 2719 963 2747 347.
983 2712 1008 2740 b.

283 2759 332 2780 aut
347 2753 503 2780 libertatem
519 2759 603 2778 nemo
623 2751 741 2783 amittit,
763 2749 813 2778 nifi
836 2749 894 2785 ipse
913 2751 1007 2778 auctor

185 2790 272 2819 factus
289 2789 336 2823 fit,
357 2790 382 2818 ὅτ
398 2789 544 2826 quomodo
563 2789 619 2818 boc
636 2788 859 2823 intelligendum.
901 2796 964 2822 355.
985 2788 1007 2816 b.

148 2828 277 2857 Civitates
292 2828 340 2857 sub
354 2828 477 2866 Imperio
491 2827 578 2856 Rom.
597 2829 681 2857 etiam
697 2826 853 2864 Respublica
866 2826 1006 2855 dicuntur.

899 2873 961 2894 101.
983 2865 1005 2893 b.

147 2905 285 2934 CIvitntes
299 2902 505 2940 &ur-wlfwinum
521 2905 562 2932 uti
577 2904 721 2942 potuerint
736 2902 803 2932 olim
812 2903 872 2938 jure
887 2903 1003 2939 proprio

183 2943 311 2971 obstante
328 2944 390 2978 jure
408 2943 550 2971 Romano.
791 2943 828 2970 11.
851 2949 912 2975 1¹5-
934 2951 958 2969 a.
979 2941 1004 2970 ὃ.

148 2981 261 3014 Classis.
281 2989 342 3017 quae
358 2980 409 3009 stat
432 2982 459 3009 in
474 2981 619 3015 anchoris,
640 2989 701 3010 eam
716 2980 798 3009 maris
813 2985 937 3016 partem,
958 2980 1004 3007 cui

183 3020 321 3054 incubat,
341 3019 454 3048 videtur
475 3020 641 3057 occupass'e,
661 3026 798 3056 quatenus
823 3017 850 3046 &
871 3017 1006 3053 quamdiu

184 3058 308 3085 incubat.
897 3063 962 3091 279.
981 3055 1004 3083 h.

146 3095 250 3124 Claffes
261 3097 373 3131 integrae
389 3097 504 3127 navium
519 3102 717 3136 comparantur
731 3094 860 3134 praefidiis
870 3114 880 3132 ‚
896 3095 1006 3124 arcibus

181 3133 208 3162 ἃ
221 3135 367 3170 portubus.
941 3131 1004 3161 ibid.

900 2338 965 2366 415.
985 2332 1010 2360 b.

901 2377 964 2403 145.
984 2371 1009 2398 b.

897 2414 961 2449 317.
982 2417 1008 2436 a.

1150 100 1179 135 E
1277 98 1310 134 X

1068 189 1202 218 Clausuloe
1227 187 1417 217 reservatoriae
1438 187 1477 215 vis
1506 184 1534 215 in
1553 185 1727 216 testamento.
1757 184 1801 254 ΙῘἐζ
1813 193 1876 221 372.
1895 187 1919 252 ξ

1635 231 1699 259 373.
1720 234 1745 252 a.
1768 231 1781 259 3
1809 233 1831 253 1.
1851 235 1874 254 a.
1911 247 1918 255 .

1067 265 1201 294 Clausulae
1220 265 1406 301 derogatoriae
1425 263 1476 291 vis.
1635 270 1699 296 373.
1719 273 1743 290 α.
1766 266 1829 297 385.
1851 273 1874 291 ιι.
1895 264 1919 293 b.

1065 304 1180 331 clericis
1199 305 1351 331 pontificiis
1373 308 1437 330 ante
1456 309 1552 337 pacem
1569 300 1816 330 Monallerienscm
1833 300 1919 330 libere
1967 327 1970 332 .

1099 343 1126 370 in
1143 343 1240 377 Belgio
1255 342 1403 369 Foederato
1419 341 1521 367 morari
1537 346 1594 366 non
1611 339 1696 367 licuit.
1809 347 1873 373 277.
1895 351 1922 372 a,

1199 381 1275 408 varia
1288 380 1361 407 circa
1376 380 1448 407 hanc
1466 387 1521 406 rem
1538 376 1676 405 Ordinuur
1693 377 1793 406 Gener.
1813 378 1919 409 Edicta.

1857 416 1920 448 ibid.

1199 456 1349 492 quominus
1363 455 1459 484 Edicta
1478 455 1522 483 illa
1539 459 1735 486 exerceantur,
1754 463 1811 482 non
1827 456 1920 485 obstat

1100 494 1124 530 §.
1138 503 1163 529 4.
1173 496 1249 531 pacis
1260 493 1482 522 Monasterienlis
1492 502 1535 527 30.
1546 494 1608 529 Jun.
1624 495 1705 526 1648.
1716 501 1779 526 277.
1789 494 1811 521 b.
1823 498 1884 528 278.
1895 506 1920 524 a.

1197 532 1264 568 quid
1281 532 1333 560 lrac
1349 533 1382 560 de
1398 541 1426 560 re
1443 533 1531 560 afrum
1548 531 1632 559 fuerit
1647 532 1675 559 iu
1693 533 1820 560 comitiis
1837 541 1918 566 gene-

1076 578 1078 580 ’
1099 571 1202 598 ralibus
1221 574 1302 603 1651.
1810 572 1872 600 ibid.
1892 582 1917 601 a.

1065 607 1161 640 cludo,
1181 607 1295 646 clusum,
1317 616 1368 644 pro
1383 607 1490 641 claudo,
1510 607 1632 644 claufitm.
1763 609 1785 637 1.
1808 617 1872 644 254.
1892 621 1917 638 a.

1065 647 1216 678 Codicilli,
1238 646 1254 673 ii
1271 655 1319 674 eos
1337 647 1464 682 sequatur
1485 645 1696 678 testamentum,
1718 647 1853 676 habentur
1868 657 1919 685 pro

1101 693 1160 713 non
1178 685 1300 722 scriptis,
1321 685 1371 712 nisi
1388 684 1497 722 speciali
1518 685 1663 712 uoluntate
1682 684 1733 713 lint
1754 686 1918 716 consu-mati.

1807 729 1841 754 26
1865 747 1871 754 .
1892 736 1917 756 a.

1197 762 1305 797 priores
1322 769 1356 789 an
1373 760 1528 789 confirmari
1547 760 1596 788 sint
1614 761 1672 796 ipso
1687 734 1868 796 testamento4‚
1883 774 1918 794 an

1102 799 1163 827 aliis
1179 800 1331 832 codicillis,
1354 799 1489 827 schedulis
1507 798 1532 827 ἃ
1547 800 1588 827 his
1604 799 1735 828 lirnilibus
1750 802 1832 828 animi
1849 803 1919 830 imii-

1098 839 1167 871 ciis,
1190 839 1307 866 multum
1329 837 1449 866 interest.
1784 851 1786 854 ·
1811 844 1872 876 265.
1893 841 1917 870 b.

1063 875 1234 912 Cogitationis
1256 884 1352 912 premam
1366 886 1415 904 non
1430 874 1496 913 effe,
1518 875 1595 911 quod
1618 874 1738 909 dicitur,
1759 885 1814 904 non
1836 881 1918 908 debet

1100 914 1224 951 restringi
1241 915 1274 942 ad
1288 915 1412 943 Edictum
1423 935 1431 948 ‚
1445 914 1523 953 Quod
1537 915 1719 951 qnisquejurz's
1734 917 1762 943 in
1775 917 1809 944 ol.
1826 920 1870 946 80.
1891 928 1918 948 a.

1063 952 1253 987 Cogitationis
1271 962 1363 990 poena.
1393 954 1430 981 V.
1461 953 1608 988 Voluntas.

1062 990 1191 1026 Cogitatio
1217 1000 1267 1027 pro
1287 992 1362 1029 castr,
1383 992 1510 1027 exemplo,
1527 991 1623 1028 specie.
1826 995 1870 1027 84.
1891 1004 1916 1024 a,

1062 1028 1172 1065 Cognati
1187 1031 1300 1067 proprie
1325 1030 1402 1063 sunt,
1422 1031 1468 1065 qui
1486 1038 1500 1057 a
1517 1030 1602 1058 latere
1626 1031 1756 1064 veniunt,
1778 1031 1848 1059 ultra
1865 1031 1919 1060 fra-

1100 1074 1179 1096 trem.
1808 1078 1871 1105 149.
1891 1080 1916 1100 a.

1062 1105 1190 1141 cognatos
1207 1106 1344 1143 posterior
1359 1103 1579 1143 Jurispr‘udentia
1601 1106 1750 1142 appellavit
1765 1107 1917 1137 Corratcru-

1098 1144 1152 1176 les,
1175 1144 1200 1172 δι’.
1216 1147 1337 1173 maxime
1354 1144 1483 1172 fratribus
1501 1144 1526 1171 id
1549 1152 1650 1171 nomen
1669 1147 1812 1175 tributum.
1853 1147 1916 1177 ibid.

1060 1180 1186 1218 cognacio
1202 1191 1252 1218 pro
1262 1183 1434 1219 fraternitate
1450 1181 1475 1209 ἃ.
1495 1182 1724 1219 consanguinitate.
1808 1193 1870 1219 145.
1891 1186 1916 1214 b.

1060 1219 1252 1255 cognatorum
1278 1220 1450 1248 successionis
1474 1222 1509 1247 ab
1533 1220 1662 1248 intestato
1684 1223 1765 1250 ratio.
1802 1224 1837 1252 V.
1861 1224 1918 1252 l'uc·

1095 1258 1187 1286 ceffio.

1060 1295 1144 1324 CoIre
1159 1295 1302 1332 religionis
1317 1295 1397 1323 causa
1412 1295 1504 1326 licuit.
1524 1302 1581 1323 non
1599 1300 1690 1324 tamen
1707 1303 1840 1334 praetextu
1854 1300 1917 1328 reli-

1094 1335 1187 1369 gionis
1211 1335 1323 1362 illicitos
1342 1341 1430 1362 coetus
1449 1342 1540 1369 agere.
1810 1341 1873 1370 416.
1893 1338 1917 1366 ῡ,

1059 1373 1158 1400 Coitus
1173 1374 1344 1409 promiscuus
1362 1373 1449 1400 brutis
1470 1372 1610 1401 tribuitur.
1804 1383 1869 1410 425,
1899 1393 1915 1405 .,

1060 1411 1236 1439 Collateralis
1245 1411 1318 1439 ordo
1332 1419 1387 1438 non
1405 1410 1519 1438 subsistit
1530 1410 1584 1438 sine
1599 1411 1917 1443 ordineascendentium

1098 1448 1124 1477 ὅ(
1140 1449 1382 1481 descendentium.
1405 1448 1449 1476 sed
1466 1456 1498 1475 ex
1515 1455 1635 1484 utroque
1651 1451 1754 1487 pendet
1807 1460 1868 1486 155.
1889 1462 1915 1481 a.

1059 1487 1186 1523 Collegia
1196 1488 1220 1515 δε
1234 1496 1352 1524 corpora
1362 1495 1423 1523 quae
1437 1487 1511 1514 licita
1521 1509 1528 1519 ,
1540 1495 1599 1522 quae
1615 1497 1682 1516 non.
1692 1497 1758 1523 414.
1771 1499 1796 1517 α.
1810 1494 1874 1525 416.
1887 1492 1913 1520 b.

1058 1526 1192 1560 Collegiis
1218 1527 1299 1555 licitis
1319 1532 1426 1554 tantum
1448 1525 1605 1562 permill'um
1627 1535 1801 1556 communem
1823 1537 1916 1558 arcam

1091 1565 1204 1593 habere.
1801 1575 1865 1600 4¹9·
1888 1577 1914 1596 ιι.

1056 1602 1216 1640 Collegium,
1237 1601 1418 1640 Universtcas,
1433 1600 1558 1640 ficiem,
1579 1610 1631 1639 pro
1649 1602 1749 1632 eodem
1767 1605 1915 1635 habentur.

1805 1651 1821 1671 2
1841 1652 1868 1671 o.
1888 1654 1915 1673 a.

1057 1678 1184 1707 Collocare
1200 1687 1252 1715 pro
1272 1679 1426 1715 expendere,
1450 1687 1574 1715 erogare.
1803 1651 1867 1716 235.
1887 1692 1914 1711 a.

1058 1718 1185 1745 Coloniae
1201 1718 1293 1754 plures
1308 1719 1370 1752 jure
1390 1718 1464 1745 Latii
1483 1718 1601 1746 donatae.
1801 1727 1865 1754 333.
1886 1730 1913 1749 a.

1190 1756 1315 1792 quaedam
1339 1756 1529 1784 Provinciales
1550 1756 1686 1784 immunes
1705 1755 1818 1786 fuerunt
1834 1766 1849 1785 a
1867 1759 1916 1786 tri-

1094 1795 1181 1828 butis,
1201 1803 1261 1831 quae
1277 1801 1369 1822 tamen
1385 1795 1427 1828 jus
1436 1794 1565 1823 Italicum
1579 1801 1637 1822 non
1649 1795 1798 1824 habebant.
1811 1803 1874 1830 170.
1887 1806 1914 1826 a.

1057 1832 1092 1860 de
1112 1832 1240 1861 Coloniis
1254 1833 1326 1869 Juris
1341 1832 1444 1860 italici.
1799 1834 1862 1862 ibid.
1886 1836 1914 1864 b.

1058 1871 1171 1899 Colono
1194 1871 1314 1899 remiffio
1338 1870 1477 1908 pensionis
1500 1870 1665 1898 conceditur
1680 1879 1712 1899 ex
1732 1872 1828 1905 causa,
1852 1881 1914 1909 quae

1093 1908 1144 1934 525
1161 1909 1209 1946 βίᾳ
1229 1909 1353 1943 accidit,
1377 1917 1434 1936 non
1453 1917 1486 1936 ex
1510 1909 1564 1937 alia
1580 1930 1589 1943 ‚
1610 1917 1690 1946 quae,
1713 1918 1774 1937 cum
1796 1909 1913 1939 fundum

1091 1947 1278 1981 conduceret,
1300 1948 1356 1982 jam
1371 1946 1502 1976 exstabat.
1824 1952 1869 1983 56.
1887 1959 1913 1978 a.

1056 1985 1196 2014 Columna
1217 1987 1353 2014 Laetaris.
1801 1991 1866 2022 367.
1887 1988 1912 2016 b.

1057 2024 1237 2052 Comicorum
1259 2024 1423 2052 austoritate
1445 2022 1513 2060 saepe
1531 2031 1589 2051 non
1614 2022 1675 2052 satis
1697 2029 1759 2052 tuto
1777 2027 1913 2062 probatur
1964 2061 1966 2063 ,

1089 2071 1142 2097 jus.
1819 2070 1864 2096 32.
1884 2073 1910 2092 a.

1057 2101 1199 2129 Comitum
1215 2099 1336 2138 potestas
1347 2101 1374 2128 in
1390 2100 1488 2136 Belgio
1504 2098 1652 2128 Foederato
1667 2108 1725 2128 non
1735 2100 1848 2129 cessavit
1863 2101 1913 2130 niss

1092 2138 1155 2176 post
1177 2142 1213 2168 26
1244 2138 1297 2176 Jul.
1321 2141 1402 2173 1581.
1783 2139 1823 2168 11.
1845 2147 1912 2173 239.

1188 2185 1245 2204 non
1265 2179 1399 2213 abrogata
1419 2176 1458 2204 est
1476 2175 1592 2205 Foedere
1609 2175 1799 2210 Utrechtano‚
1821 2186 1912 2213 neque

1090 2215 1276 2243 Gandavensi.
1800 2223 1865 2250 240.
1885 2226 1911 2246 n.

1055 2252 1318 2290 Commenticiumjus
1337 2251 1415 2289 quid.
1802 2255 1824 2282 1.
1847 2257 1910 2289 163.

1055 2292 1232 2320 commercia
1242 2292 1344 2320 cess‘ant
1353 2292 1423 2318 inter
1434 2289 1525 2317 hostes
1533 2297 1566 2318 cx
1573 2295 1671 2317 natura
1681 2289 1757 2318 belli.
1765 2292 1801 2320 11.
1813 2299 1873 2327 197.
1883 2301 1909 2321 a.

1188 2336 1282 2358 mutua
1306 2331 1335 2358 in
1359 2329 1425 2357 belli
1447 2328 1646 2357 indictionibus
1665 2328 1828 2366 plerumque
1845 2338 1910 2366 pro·

1089 2368 1230 2401 hibentur.
1801 2369 1864 2396 ibid.
1885 2367 1910 2398 h.

1185 2405 1337 2442 aliquando
1361 2405 1399 2432 ob
1421 2404 1572 2433 utilitatem
1590 2404 1790 2441 permittuntur
1811 2406 1854 2434 vel
1882 2407 1910 2435 in

1086 2449 1192 2477 totum,
1215 2444 1258 2471 vel
1274 2443 1351 2481 quod
1367 2443 1401 2470 ad
1418 2450 1505 2471 certas
1520 2451 1634 2470 merces.
1843 2444 1908 2473 ibid.

1185 2482 1205 2511 fi
1224 2482 1276 2511 fint
1294 2481 1436 2520 permitiit,
1457 2481 1534 2518 quod
1553 2481 1588 2509 ad
1607 2481 1666 2509 haec
1687 2479 1770 2509 ssatus
1786 2481 1850 2509 belli
1867 2482 1910 2510 su-

1088 2521 1240 2558 spenditur.
1798 2527 1860 2554 197.
1882 2521 1908 2549 b.

1052 2558 1285 2598 Commzffarfflen,
1308 2559 1357 2595 qui
1383 2563 1539 2593 vocantur,
1559 2565 1594 2585 an
1617 2561 1730 2585 utantur
1744 2557 1805 2592 J'ure
1823 2559 1910 2594 Lega-

1088 2604 1189 2626 torum.
1799 2600 1860 2631 164.
1882 2595 1909 2626 ὗ.

1051 2634 1327 2672 Commiffievaarders.
1796 2642 1861 2670 224.
1881 2633 1906 2664 b.

1051 2675 1245 2702 Commifforia
1261 2674 1328 2701 Lex.
1355 2671 1420 2700 Vid.
1441 2671 1508 2699 Lex.

1051 2713 1248 2741 Commoratio
1263 2711 1355 2739 brevis
1376 2711 1404 2738 in
1418 2710 1514 2745 aliquo
1538 2708 1604 2738 loco
1628 2717 1663 2738 au
1681 2709 1774 2739 forum
1790 2710 1905 2741 tribuat.

1796 2757 1807 2776 r
1851 2770 1857 2776 .
1895 2769 1904 2778 .

1050 2789 1201 2818 Communi
1217 2786 1373 2816 dividundo
1387 2785 1496 2814 actione
1517 2786 1621 2822 repetit
1640 2786 1790 2823 impensas,
1810 2757 1906 2824 Ecqua

1087 2834 1188 2864 putans
1219 2826 1268 2854 fibi
1289 2833 1353 2853 cum
1380 2825 1460 2852 Titio
1485 2822 1601 2851 fundum
1626 2833 1800 2852 communem
1824 2825 1877 2853 effe
1893 2846 1903 2859 ,

1088 2866 1225 2901 sumptum
1246 2863 1360 2897 fecerit,
1381 2871 1444 2891 cum
1466 2868 1558 2890 tamen
1580 2870 1644 2892 curn
1666 2863 1721 2891 alio
1745 2862 1809 2890 effer
1829 2871 1904 2893 com-

1084 2903 1184 2932 munis.
1744 2901 1767 2929 1.
1793 2903 1854 2934 189.
1874 2910 1902 2932 ι.

1313 2947 1371 2968 non
1387 2940 1488 2976 repetit
1498 2961 1507 2974 ,
1515 2940 1563 2976 qui
1572 2937 1707 2976 impendit
1717 2939 1743 2967 in
1760 2947 1816 2967 rem
1826 2947 1904 2968 com-

1085 2986 1213 3012 munem,
1234 2986 1317 3015 quam
1331 2985 1411 3015 putat
1426 2978 1500 3008 suam
1512 3000 1519 3013 ,
1535 2978 1579 3007 sed
1595 2977 1780 3007 retentionem
1803 2977 1903 3006 dunta-

1082 3024 1132 3046 xat
1145 3018 1238 3046 habet.
1837 3014 1901 3044 ibid.

1048 3056 1239 3084 communicare
1257 3062 1309 3092 pro
1322 3055 1443 3091 polluere.
1788 3061 1854 3089 422.
1875 3052 1901 3082 ⁵.

1048 3094 1250 3122 Covnmum'catio
1271 3102 1305 3121 an
1325 3101 1376 3130 pro
1396 3093 1556 3130 pollutione
1576 3092 1692 3121 dicatur.
1836 3090 1899 3120 ibid.

1047 3132 1217 3163 commuuio
1231 3133 1349 3170 antiqua
1368 3140 1434 3162 num
1451 3132 1522 3161 reete
1537 3138 1662 3168 negetur.
1731 3130 1768 3160 11.
1791 3137 1854 3162 125.
1874 3127 1900 3156 ὃ.

1815 3168 1897 3198 Con·
