2008 3436
1 34 6 65 1

265 104 703 151 OBSERVATIONUM
751 101 886 158 JUius

0 193 4 226 f
32 194 163 234 adfines,
189 194 332 237 adfinium
345 191 409 223 dici
432 188 510 221 nihil
530 185 575 218 est
593 210 602 225 ‚
626 184 710 227 quod
733 183 893 230 probibet.

1 243 3 276 1

34 239 149 269 Movet
166 238 280 276 etiam,
306 234 388 278 quod
407 232 463 263 vix
485 237 592 276 putem
611 251 621 267 ‚
646 235 708 258 tam
733 225 817 272 durr
832 226 897 257 oris

31 278 123 310 smffe
140 278 287 318 Paulum,
313 286 347 308 ut
366 275 386 308 fi
415 277 441 302 τὸ
463 277 627 312 (ausimum,
652 266 895 313 generandi-ca-

33 320 86 358 su,
109 320 291 358 extuliss'ct,
315 326 348 349 ut
375 315 426 348 alii
448 317 656 353 acceperunt,
681 318 745 341 non
769 308 896 340 dixiilet

31 362 137 404 potius
155 387 164 402 ‚
190 369 379 402 cognatorum
403 357 437 390 ὅ·
459 357 604 395 aajfflfflm
621 353 756 391 gradus,
781 359 893 390 (luam,

0 399 1 405 ¹
31 414 65 435 ut
87 413 169 436 nunc
193 404 325 444 legitur,
349 404 539 439 cognatorum
553 401 669 436 gratius
686 392 722 428 δέ)
736 394 895 432 adfinium,-

30 444 205 485 cujusmodi
225 441 477 484 transpositiones
495 437 575 478 apud
593 435 790 467 Ammianum
807 433 893 465 Mar-

30 487 179 518 cellinum
195 484 388 525 frequentius
404 479 542 526 ostendas
553 501 562 517 ‚
575 486 668 527 quam
685 475 765 524 apud
783 474 892 515 JCtos.

29 528 120 560 Addo
137 550 148 566 ,
178 528 261 568 quod
286 523 405 556 Bilfillci
429 521 480 552 hle
501 520 616 564 hubent
639 530 803 554 αγχιςε-ιας,
828 525 893 548 non

27 571 167 607 inam,
192 566 366 607 adflnitatis
383 588 392 601 ,
416 572 480 594 non
503 561 658 607 adfinium.
704 558 763 604 Sed
788 566 892 599 quam-

29 610 78 642 vis
93 610 234 651 analogia
252 607 401 640 sermonis
418 603 531 648 Latini·
543 611 608 649 non
624 600 790 649 lmpcdiat‚
801 608 891 646 =quo-

29 652 151 690 minus,
193 658 227 682 ut
252 649 412 690 confinium
431 670 441 683 ‚
467 645 616 684 trifinium
634 666 643 682 ‚
675 642 892 686 quadrifinium

28 693 160 724 dicimus
177 715 186 731 ,
213 692 254 723 ita
273 692 302 724 ἃ
321 690 466 731 adfinium
489 687 647 723 dicamus,
673 683 891 715 auctoritatem

28 744 129 767 tamen
158 732 349 765 desiderabis.
395 731 437 762 Et
460 727 540 758 unde
560 725 667 767 potius
691 725 892 772 depromam,

27 785 119 818 quam
141 784 181 806 ex
211 774 277 816 ipso
305 774 402 805 Paulo
430 772 461 802 in
493 770 511 799 1.
542 777 587 798 12.
614 766 889 812 ff.·1⁴1·⁷1.reguna.

27 818 101 849 dum
119 817 219 858 inquit
237 840 246 855 ‚
273 813 446 847 venditoris
464 807 761 855 demonstrationem
782 831 791 846 ‚
816 805 888 846 adfi-

27 861 132 897 nium,
157 870 241 889 tauto,
262 857 358 897 sires,
380 858 459 886 inter
472 852 589 896 fundos
610 849 795 895 constituere.
832 848 889 879 l’u-

29 910 64 932 to
87 900 231 940 adfinium
255 897 365 930 dixiss'c
388 905 446 938 pro
470 894 594 938 confinio
611 913 622 929 ,
648 891 678 935 id
698 889 761 929 cst,
787 899 825 920 co
843 889 888 920 lo-

28 951 86 980 m,
111 951 174 982 quo
191 941 311 972 termini
330 945 473 979 agrorum
491 936 552 978 ieie
569 939 776 977 contingunt,
803 938 836 960 ut
859 939 887 960 e—

29 984 94 1015 nim
114 991 184 1021 auger
202 991 275 1023 agro
291 978 475 1019 conjunctus
489 974 604 1005 dicitur
621 976 745 1020 confinis
761 981 791 1003 m
802 972 820 1001 l.
834 980 885 1018 35,

29 1024 58 1066 ᾗ.
84 1029 112 1059 8.
131 1015 169 1053 ⁸⁴.
194 1025 226 1052 [ie
258 1023 357 1053 Coiizr.
393 1024 464 1058 emp.
489 1015 524 1049 &³
550 1016 638 1045 vend.
668 1021 711 1044 ita
729 1014 758 1044 oc
775 1012 886 1052 adfinis

29 1064 107 1106 apud
126 1062 247 1095 bustum
269 1063 298 1094 in
313 1059 434 1100 adfines.
466 1056 583 1101 Dixit,
609 1054 772 1095 adfinium,
793 1064 885 1085 novos

22 1109 121 1148 jznes;
144 1106 327 1135 alterutrum
346 1101 531 1144 1'uffecerat2
541 1095 591 1142 iod
608 1106 672 1128 non
689 1104 776 1134 rarO,
801 1095 885 1141 quod

26 1146 119 1180 semel
134 1144 306 1186 exprcffiss'e
325 1143 396 1175 satis
414 1148 499 1177 crat,
522 1147 599 1183 juris
615 1137 769 1183 Auctorcs
791 1146 884 1183 gemi-

24 1197 120 1226 nant,
145 1186 280 1218 maxime
297 1185 348 1217 ubi
369 1185 638 1223 interpvctationis
657 1178 730 1209 loco
746 1179 883 1224 qmdap-

24 1228 174 1272 ponitur,
199 1227 253 1258 etsi
273 1237 334 1260 non
354 1225 481 1261 additO,
505 1219 617 1268 1dess
642 1220 671 1251 &
690 1219 734 1265 ob
749 1218 883 1252 insolen-

25 1270 88 1302 tius
106 1269 236 1300 verbum
253 1267 339 1300 forte
355 1267 406 1299 hie
421 1264 524 1297 addita
539 1267 767 1307 interpretatio.
809 1261 883 1293 Pos-

23 1309 69 1344 ses
86 1311 115 1342 &
136 1311 166 1342 in
189 1312 217 1341 d.
240 1310 260 1341 l.
288 1319 336 1342 12.
360 1317 414 1350 per
438 1304 581 1346 adfinium
601 1302 779 1348 intelli-gere
798 1309 883 1333 vete-

23 1362 72 1384 res
89 1352 258 1390 termium,
283 1353 311 1384 ἀ
326 1360 380 1393 per
400 1358 487 1380 novos
503 1346 600 1388 fines,
627 1345 820 1383 confinium,
844 1343 882 1375 ab

21 1391 91 1435 ipso
107 1392 271 1424 venditore
287 1391 459 1424 definitum.
545 1430 551 1436 Δ
682 1428 688 1433 .

65 1434 119 1466 Sin
135 1442 212 1465 vero
229 1442 259 1466 te
278 1435 408 1466 nimium
427 1431 531 1464 turbet
543 1427 728 1462 insolentior
738 1437 816 1474 ‘vox-
830 1428 880 1459 ad·

17 1474 151 1517 finium,
175 1485 232 1516 qua
248 1474 319 1507 usus
334 1474 440 1507 fuisset
459 1472 587 1512 Paulus,
608 1470 761 1502 succurrit
778 1469 879 1509 aliud,

21 1527 87 1559 quo
115 1526 255 1549 tueamur
279 1516 462 1563 scripturam
485 1517 512 1546 d.
535 1514 555 1544 l.
591 1522 638 1545 10.
666 1519 714 1552 pr.
743 1510 774 1542 &
793 1510 880 1543 s1mul

21 1566 178 1600 receptam
195 1557 271 1599 juris
286 1558 392 1597 civilis
411 1556 556 1598 regulam.
603 1553 781 1598 Utrumque
805 1552 878 1598 fiet,

21 1599 44 1633 fi
57 1609 113 1641 per
125 1602 238 1642 gradus
254 1609 318 1631 non
335 1598 545 1639 intelligamus
557 1620 567 1635 ,
591 1603 627 1626 ut
650 1594 749 1640 xjulgo
764 1594 878 1640 intelli-

19 1648 154 1682 guntur,
177 1639 376 1683 personarum
399 1640 480 1671 inter
496 1636 526 1670 se
542 1636 719 1681 distantias.
733 1633 785 1683 sed
801 1633 879 1677 ipsas

18 1684 135 1723 limas,
160 1682 240 1725 ipsos
259 1684 376 1714 ordines
392 1687 585 1722 cognatorum
601 1678 637 1713 δ’
651 1677 805 1724 adfinium.
837 1675 880 1722 Et

18 1723 51 1756 in
75 1724 108 1756 id
130 1724 261 1757 omnino
284 1723 348 1756 sum
372 1721 557 1765 proclivior.
603 1720 635 1752 Si
662 1719 763 1758 dicas,
789 1718 820 1750 &
836 1724 880 1749 ita

17 1766 177 1804 *Bm'xenmv
200 1765 343 1805 admitti,
368 1765 505 1805 largior,
531 1761 582 1794 sed
606 1761 792 1806 xaw‘xgnmffi,
815 1768 881 1791 non

16 1806 87 1839 aliis
99 1807 208 1845 modo,
225 1815 256 1839 at
272 1806 327 1848 ipsi
364 1814 469 1847 noque
487 1804 585 1837 Paulo
602 1801 744 1848 usitatam
760 1810 793 1846 111
817 1800 880 1847 noc

16 1847 27 1880 i
50 1846 84 1880 so
101 1856 285 1890 argumento
304 1870 314 1887 ‚
338 1857 358 1879 u
383 1847 392 1879 i
416 1849 534 1881 ςέμ-ιαπι
561 1851 786 1885 cognationum
802 1841 881 1874 dlvi-

41 1889 102 1921 tin
125 1891 148 1921 1.
170 1900 198 1928 9.
225 1899 292 1931 quae
315 1889 461 1930 proxime
486 1886 646 1929 praeceffit.
691 1883 768 1916 Non
792 1892 878 1924 repe-

17 1938 74 1970 to,
98 1939 164 1970 quze
190 1932 221 1963 in
238 1932 316 1962 hanc
333 1929 517 1962 sententiam
538 1928 604 1959 dixi
629 1926 662 1958 C.
684 1924 728 1958 X.
754 1923 806 1956 sed
827 1925 878 1971 acl-

14 1971 77 2012 do,
101 1973 185 2014 quod
199 1972 251 2003 vel
268 1972 298 2003 in
317 1971 426 2014 primis
443 1980 493 2002 me
510 1975 620 2001 movet
636 1992 646 2008 ‚
671 1966 755 2008 quod
765 1965 877 2012 ⁸Basili-

16 2012 48 2043 ci
70 2014 108 2046 l..
133 2013 235 2046 XLV.
264 2011 298 2045 T.
309 2024 339 2056 3.
366 2014 398 2045 C.
424 2021 451 2054 7.
478 2014 521 2043 th.
548 2020 576 2042 1.
595 2011 725 2052 gradum
740 2007 793 2039 hic
806 2016 875 2040 ver-

17 2055 114 2086 terint
128 2056 254 2094 lineam,
280 2055 479 2094 συμζᾱλλεπιι,
504 2052 669 2094 inquiunt,
693 2050 724 2078 τδ
747 2049 876 2082 vimen«.

16 2094 56 2124 π’·
76 2095 145 2132 ulem
165 2098 184 2125 ὃ
206 2095 344 2130 σι’-[Γινρίας
369 2096 412 2132 ιῑᾲᾳ
433 2096 592 2133 α’γχιςείαις,
617 2089 826 2140 expedit‘noſj'e
839 2091 874 2122 li-

17 2146 102 2167 neam
124 2137 187 2170 five
201 2139 330 2170 ordinem
345 2138 528 2179 cognationis
543 2135 579 2170 ὅ)
595 2134 778 2176 adfinitatis.
804 2131 876 2164 Nec

15 2177 140 2210 Bafilici
157 2187 296 2218 tantum,
321 2178 371 2211 sed
390 2179 421 2211 δε
436 2176 623 2212 scholiastes
640 2177 677 2208 ad
694 2186 758 2208 eum
769 2174 875 2207 locum:

14 2219 47 2251 ⁴0
72 2221 127 2251 0⁹32
153 2231 226 2253 ιομμ.
249 2221 411 2259 figurabas&
432 2220 528 2259 5432&
549 2221 595 2250 πές
615 2219 636 2247 53²
657 2216 771 2252 ov'ysufit'u
792 2216 834 2252 &a
855 2217 877 2245 “r''

12 2265 134 2295 εγχιςῶι
161 2261 243 2297 η’ξιις
270 2261 360 2291 εἰδέω,
378 2284 387 2298 ‚
423 2260 669 2302 Jurisconsultus
696 2260 791 2291 lineas
812 2258 876 2291 five

9 2297 134 2334 'ordines
154 2309 345 2343 cognatorum
361 2302 398 2337 &³
414 2302 558 2342 adfinium
579 2302 653 2342 noffe
671 2303 766 2333 debet.
795 2304 876 2337 Τόξις

13 2344 95 2386 apud
111 2342 242 2376 Graecos
260 2353 416 2385 nunquam
440 2343 485 2375 est
503 2345 620 2385 gradus
635 2365 646 2381 ‚
671 2343 721 2375 sed
743 2343 848 2377 βαθμὶς
863 2364 874 2381 ,

14 2385 94 2426 apud
109 2385 240 2417 Latinos
254 2388 371 2426 gradus
390 2386 483 2417 etiam
506 2384 550 2417 est
572 2384 662 2423 ⁷2!th
686 2384 716 2416 ἀ
738 2383 779 2416 fic
797 2383 873 2415 Pau-

14 2425 80 2458 lum
92 2425 144 2458 hic
159 2426 350 2468 interpretor
362 2451 371 2466 ‚
397 2434 432 2458 ut
448 2425 645 2468 interpretati
664 2424 735 2457 sunt
753 2423 874 2464 Graeci,

15 2473 51 2498 ut
75 2477 112 2498 ue
124 2467 251 2508 praeivit
268 2467 331 2509 ipse
347 2468 460 2500 Paulus
478 2469 509 2500 in
533 2470 553 2500 l.
576 2477 607 2505 9.
625 2466 666 2507 ff.
687 2468 716 2499 b.
740 2465 774 2498 Τ.

91 2508 214 2540 abemus
243 2509 284 2542 fic
311 2509 402 2551 juris*
419 2510 557 2551 regulam
572 2532 582 2548 ,
617 2508 690 2541 satis
706 2531 716 2547 ‚
741 2507 874 2554 opinor,

11 2555 131 2585 >certam
147 2573 157 2589 ‚
191 2550 337 2582 adfinium
363 2551 469 2582 nullos
490 2550 551 2582 effe
571 2550 681 2590 gradus
694 2571 705 2588 ‚
729 2547 780 2580 sed
799 2548 874 2580 sohs

16 2597 72 2620 eos
83 2590 258 2623 nominibus
267 2590 392 2623 censeri.
439 2591 641 2637 Quapropter
659 2591 689 2623 &
710 2590 744 2622 in
769 2589 873 2623 Basili-

18 2629 219 2663 cisTitulus.
241 2643 270 2674 3.
296 2632 385 2665 Libri
406 2633 510 2666 XLV.
546 2632 602 2665 a&
620 2634 733 2669 ausus),
761 2632 874 2666 ‹iv-ysaa-

17 2669 62 2705 «ἓν
83 2673 219 2712 inoffi,
244 2674 302 2705 δίε.
323 2674 495 2716 yertendus
513 2673 578 2713 est,
601 2676 636 2706 de
659 2675 806 2714 gradibus
826 2682 870 2704 co-

14 2719 174 2752 gnatorum
188 2713 224 2749 &²
239 2713 387 2755 adfinibus
397 2738 410 2754 ,
432 2726 496 2748 non
510 2738 521 2754 ,
544 2724 581 2747 ut
600 2722 765 2747 verterunt
787 2714 870 2747 Gen-

18 2751 119 2786 tianus
136 2754 312 2796 Henetus,
336 2757 450 2798 quique
466 2757 532 2798 ejus
554 2756 748 2789 cor-restores
770 2755 872 2788 videri

15 2794 205 2838 Voluerunt,
229 2796 258 2828 ὅτ
273 2795 429 2837 postremo
445 2797 578 2830 Carolus
599 2797 734 2830 Annibal
753 2797 778 2829 F
780 2798 869 2830 abro-

20 2841 70 2867 tus
85 2858 97 2876 ,
127 2838 162 2870 de
182 2839 326 2880 gradibus
351 2846 541 2883 cognatorum
559 2838 596 2876 ὅ*
609 2838 775 2881 adfinium,
799 2847 871 2873 nam

936 99 1148 139 ROMANI
1212 103 1302 142 ΜΒ.
1330 104 1380 144 V.
1418 107 1457 143 C.
1483 104 1545 144 xi.
1746 115 1814 154 157

941 182 1111 223 generandi
1134 181 1222 214 casus
1239 183 1270 214 in
1294 187 1330 219 τῷ
1349 186 1470 222 aemma·
1489 196 1553 219 non
1573 186 1703 219 oritura
1716 184 1817 220 rei-bo

940 227 1054 260 ραᾶμᾱι.
1069 247 1078 262 ,
1106 222 1156 255 scd
1180 233 1197 254 a
1223 224 1323 265 prima
1350 228 1468 259 vocula
1493 231 1547 260 a&
1563 253 1574 268 ,
1598 239 1669 270 quae
1691 237 1765 260 ante
1788 234 1817 258 ηε

940 267 1064 301 dmm&
1087 265 1253 297 intellectu
1270 270 1439 307 repetenda
1464 269 1518 300 est.
1565 270 1660 301 Plane
1681 270 1712 302 δι
1736 271 1816 303 olim.

940 306 1069 348 Vulgati
1086 306 1212 348 quidam
1222 306 1310 351 Libri
1331 309 1633 342 huicl’andtfhmim
1643 310 1772 351 Titulo,
1783 313 1814 344 in

939 357 1004 390 quo
1020 347 1197 387 versamur,
1213 349 1480 391 firaeicripscrunt'‚
1492 354 1525 383 de
1539 354 1686 392 gradibus
1704 356 1813 394 adfini-

938 393 1033 429 tatis,
1056 390 1109 421 vel
1127 393 1161 420 de
1181 394 1328 432 gradibus
1349 392 1522 433 adfinitatis
1547 393 1583 429 ὅ*
1600 397 1810 436 con-sanguini-

939 434 1037 470 tatis,
1061 431 1193 462 omnino
1216 440 1377 473 perperam
1393 458 1403 473 ‚
1435 444 1547 467 contra
1572 444 1693 466 morem
1725 446 1812 468 vete-

938 483 1006 505 rum
1021 472 1174 514 JCtorum
1185 497 1194 511 ‚
1221 474 1250 505 ὃς
1267 475 1486 508 auctoritatem
1505 476 1594 508 Libri
1611 476 1808 517 Florentini.

937 515 975 546 dc
990 524 1053 556 quo
1071 515 1197 555 prolixa
1211 515 1289 546 olim
1308 517 1371 548 init
1388 516 1535 560 Gregorii
1548 517 1723 550 Haloandri
1735 529 1809 561 quc—

936 557 1000 588 rcla
1017 558 1046 588 ὅῑ
1063 555 1248 597 indignatio,
1295 558 1354 590 Sed
1372 559 1440 590 haec
1457 559 1628 591 mittamus.

977 597 1133 644 Quamvis
1149 606 1254 629 autem
1271 598 1309 630 de
1328 601 1434 642 regula
1449 600 1590 640 constet,
1614 601 1654 632 de
1669 601 1736 642 ejus
1761 612 1808 634 ra·
1830 623 1836 626 ἡ

937 639 1024 671 tione
1049 648 1114 670 non
1137 648 1224 680 aeque
1248 639 1370 673 constat
1389 652 1398 680 ;
1431 643 1642 683 inquiramus,
1666 653 1738 675 nam
1758 654 1807 676 res

934 681 1027 722 digna
1042 679 1094 711 cst.
1142 679 1290 720 Cujacius
1307 683 1344 714 ad
1370 684 1505 715 Tertiam
1523 683 1627 725 Instit.
1655 686 1685 716 C.
1701 684 1756 717 VI.
1775 686 1804 727 §.

935 732 964 763 7.
988 722 1088 760 dixit,
1102 721 1172 753 idco
1190 722 1359 756 adfinitatis
1378 726 1484 758 nullos
1501 726 1563 758 effe
1578 726 1708 767 gradus,
1733 737 1807 768 quia

936 765 1042 795 locum
1058 772 1121 794 non
1141 763 1241 810 babet·
1248 767 1410 811 generatio
1421 790 1432 806 ,
1456 777 1496 799 ex
1515 777 1576 810 qua
1591 768 1722 809 gradum
1735 769 1806 801 fini-

934 814 1023 850 mus,
1048 811 1081 836 uc
1108 814 1171 836 ecce
1193 827 1203 843 ‚
1234 815 1355 848 inquit,
1380 811 1434 850 qui
1451 820 1489 842 ex
1504 820 1613 852 genero
1638 812 1776 849 nascitur
1793 834 1806 847 .

933 847 1045 892 adfinis
1066 856 1123 893 noti
1145 845 1205 887 est,
1219 852 1274 887 sea
1295 858 1439 890 cognatus
1456 874 1466 891 ,
1496 860 1590 893 atque
1616 851 1659 883 ita
1677 875 1686 891 ,
1718 853 1804 893 quod

933 888 1048 933 adimes
1059 887 1175 919 adimes
1191 897 1254 920 non
1272 899 1432 931 generent.
1452 893 1517 925 Alii
1539 893 1570 924 id
1585 894 1733 925 certatim
1748 903 1802 926 ex-

931 927 1138 973 scripierunt²
1162 929 1251 975 plus,
1277 940 1312 963 ut
1330 934 1485 974 arbitror,
1508 934 1615 976 gnari,
1640 933 1671 966 se
1686 934 1802 968 exscri-

930 969 1017 1010 pfiiie
1032 992 1042 1008 ‚
1067 979 1158 1010 quam
1180 973 1254 1010 quid
1279 973 1510 1016 exscripserint.
1536 975 1607 1018 Ego
1626 975 1697 1008 sane
1722 977 1804 1010 hanc

930 1011 1084 1056 rationem
1106 1013 1337 1055 non-intelligo
1352 1038 1363 1054 ‚
1388 1025 1442 1048 aut
1460 1017 1551 1048 valde
1570 1018 1651 1049 mala
1667 1017 1712 1050 est
1732 1029 1740 1050 ι
1765 1027 1802 1051 ut

930 1060 965 1083 ut
985 1061 1068 1083 cmm
1090 1052 1199 1083 adfinis
1221 1054 1352 1088 adfinem
1369 1067 1433 1089 non
1450 1066 1578 1098 generet
1596 1059 1634 1090 ab
1651 1060 1736 1092 omni
1758 1061 1802 1093 la·

930 1100 1014 1139 tere,
1039 1101 1074 1124 ut
1098 1103 1114 1139 a
1138 1093 1235 1125 latere
1259 1098 1385 1137 generi,
1410 1100 1483 1139 quia
1504 1101 1670 1140 potentior
1685 1111 1800 1143 cogna-

929 1142 976 1165 tio
1000 1134 1155 1175 impedit,
1194 1136 1264 1176 plus
1290 1137 1384 1171 semel
1419 1147 1523 1172 tamen
1547 1151 1587 1172 ex
1610 1142 1704 1174 adfini
1727 1144 1802 1176 adfi-

927 1175 976 1221 nis
1000 1174 1064 1215 cst,
1089 1185 1160 1206 nam
1180 1186 1255 1208 ecce
1278 1179 1363 1212 filius
1388 1180 1418 1212 δε
1441 1191 1561 1223 nepos,
1587 1192 1666 1224 quos
1690 1184 1802 1217 adfinis

928 1218 1017 1264 iocer
1039 1218 1202 1258 generavit
1218 1242 1227 1258 ,
1267 1221 1344 1253 mihi
1369 1222 1485 1254 adfines
1509 1221 1581 1256 sunt
1605 1225 1626 1257 l.
1650 1235 1680 1266 4.
1713 1224 1742 1266 §.
1766 1237 1798 1269 3.

919 1259 959 1297 ff.
985 1260 1013 1290 h.
1038 1260 1073 1291 Τ.
1118 1259 1178 1306 Sed
1202 1269 1303 1303 neque
1332 1261 1453 1305 semper
1483 1273 1614 1307 agnatus
1650 1276 1801 1309 agnatum

925 1308 1069 1347 generat²
1094 1300 1161 1332 filia
1183 1302 1299 1345 quippe
1322 1313 1434 1347 agnata
1456 1315 1607 1348 nepotem
1625 1318 1690 1340 non
1708 1319 1800 1351 agna-

927 1350 1018 1381 tum,
1051 1342 1102 1375 ied
1125 1351 1296 1384 cognatum
1320 1354 1447 1388 generat
1465 1371 1475 1387 ‚
1493 1358 1571 1381 -non
1596 1350 1667 1381 ideo
1693 1358 1799 1385 tamen

925 1383 1065 1416 dicemus
1085 1404 1096 1422 ,
1128 1384 1241 1430 ‘nullos
1272 1387 1334 1419 effe
1365 1389 1541 1430 agnationis
1564 1391 1686 1433 gradus.
1733 1392 1798 1426 Un.

923 1425 963 1457 de
985 1434 1095 1471 'neque
1126 1425 1181 1458 illa
1209 1427 1302 1468 huius
1325 1430 1442 1471 regulae
1466 1433 1549 1464 ratio
1580 1432 1642 1465 ess'e
1664 1435 1796 1474 poterit.

923 1466 1013 1514 Quid
1037 1469 1058 1499 11
1083 1466 1200 1499 nullam
1224 1469 1285 1501 ess'e
1308 1471 1449 1505 dicamus
1466 1497 1476 1512 ,
1510 1474 1564 1506 vel
1588 1482 1675 1506 certe
1699 1477 1766 1508 eam
1782 1500 1796 1516 ,

924 1518 994 1551 quae
1017 1518 1076 1541 nos
1100 1508 1205 1554 latet?
1228 1520 1292 1544 non
1316 1512 1432 1545 frustra
1455 1513 1520 1555 est,
1546 1516 1632 1557 quod
1654 1515 1798 1557 Julianus

923 1550 1087 1582 admonuit
1115 1559 1150 1596 ,¹¹¹
1180 1551 1199 1583 l.
1226 1562 1276 1585 20.
1301 1554 1343 1596 ff.
1371 1557 1406 1587 de
1431 1556 1502 1590 LL.
1529 1558 1699 1599 quamvis,
1740 1559 1796 1600 qui

921 1601 961 1624 eo
991 1590 1183 1638 confugiunt
1207 1615 1218 1632 ,
1257 1596 1431 1630 nasutiores
1473 1599 1580 1631 dicant
1619 1599 1797 1642 confugere

921 1634 959 1666 ad
982 1633 1103 1680 asylum
1125 1637 1321 1674 lgnorantiae.
1367 1637 1544 1672 Praesertim
1567 1640 1599 1672 in
1623 1642 1739 1682 regulis
1762 1651 1796 1673 e-

922 1682 1035 1722 vemt,
1060 1682 1096 1706 ut
1119 1684 1230 1708 eorum
1279 1689 1351 1720 quae
1375 1680 1508 1714 Veteres
1531 1681 1764 1715 constituerunt
1780 1706 1796 1723 ,

922 1725 1004 1749 ratio
1028 1725 1093 1748 non
1118 1726 1207 1758 aeque
1232 1702 1350 1762 {iamper
1373 1730 1499 1763 pateat3
1523 1723 1639 1764 regulae
1664 1722 1797 1765 saepeex

921 1757 979 1790 usu
1001 1758 1055 1790 vel
1078 1757 1164 1789 fatto
1188 1768 1285 1801 ortae‚
1311 1772 1375 1803 quo
1398 1764 1437 1796 de
1460 1763 1611 1805 Cujacius
1627 1764 1657 1796 L
1682 1765 1794 1799 XVII.

924 1800 1053 1840 Observ.
1083 1800 1116 1831 C.
1145 1808 1191 1840 15.
1239 1802 1357 1836 Forsan
1383 1805 1456 1837 inde
1475 1829 1485 1846 ‚
1524 1815 1568 1840 nev
1595 1806 1695 1840 effent
1717 1807 1794 1839 adfi-

921 1843 1009 1874 nium
1032 1841 1161 1882 g1·adu8‚
1187 1843 1354 1885 obtinuit,
1386 1847 1459 1888 quia
1489 1857 1554 1880 non
1578 1856 1642 1880 tam
1670 1847 1795 1881 diversa

921 1882 1102 1915 distantium
1121 1883 1269 1917 adfinium
1287 1887 1355 1927 jura
1380 1888 1554 1920 constituta
1577 1888 1648 1920 sunt
1663 1912 1674 1929 ,
1699 1898 1795 1931 quam

921 1933 1130 1966 cognatorum
1155 1935 1162 1956 :
1203 1925 1394 1961 hereditates
1420 1930 1535 1971 quippe
1551 1954 1562 1970 ,
1602 1930 1632 1962 ἀ
1658 1931 1794 1971 tutelae,

920 1966 1139 2011 bonorumque
1168 1967 1367 2007 poss'effiones
1384 1994 1394 2010 ,
1433 1971 1475 2002 ob
1501 1981 1576 2013 quas
1597 1971 1796 2012 potissimum

920 2008 959 2040 de
981 2007 1127 2053 gradibus
1142 2009 1255 2054 ,agitur
1272 2032 1282 2048 ,
1326 2011 1364 2043 acl
1386 2012 1502 2045 adfines
1524 2022 1590 2045 non
1612 2013 1791 2054 pertinent.

920 2049 956 2082 In
987 2048 1161 2080 testimonii
1193 2050 1331 2085 distione
1365 2053 1434 2086 Lex
1457 2053 1539 2095 Juiia
1561 2053 1677 2086 adfines
1700 2063 1792 2087 natu-

919 2090 1028 2122 raliter
1050 2092 1247 2124 enumeravit
1271 2094 1291 2126 l.
1321 2104 1350 2135 4.
1374 2099 1415 2138 ff.
1452 2099 1487 2128 de
1517 2095 1625 2136 Testib.
1672 2094 1708 2128 In
1732 2106 1792 2129 nu-

919 2132 996 2174 ptiis
1025 2130 1148 2163 necesse
1170 2142 1235 2179 non
1259 2133 1324 2167 fuit
1342 2160 1352 2175 ‚
1390 2137 1463 2179 quia
1486 2147 1536 2169 res
1565 2137 1609 2169 ibi
1633 2137 1737 2179 agitur
1759 2148 1791 2170 e-

919 2173 1049 2215 xemplo
1074 2175 1283 2214 cognationis.
1329 2178 1396 2210 Aut
1419 2179 1488 2210 haec
1510 2179 1572 2211 erit
1594 2180 1676 2211 ratio
1691 2202 1701 2218 ‚
1733 2187 1792 2213 aut

920 2224 992 2257 quae
1015 2214 1053 2247 fit
1069 2238 1078 2254 ,
1102 2214 1208 2247 fateor
1231 2219 1309 2250 1111111
1333 2228 1398 2251 11011
1421 2219 1575 2252 constare.
1620 2219 1672 2252 De
1695 2230 1787 2262 regu-

920 2258 950 2290 la
972 2257 1099 2289 interim
1121 2257 1244 2289 constat
1262 2283 1272 2299 ‚
1314 2269 1373 2292 nec
1396 2270 1464 2293 eam
1488 2261 1643 2294 subvertit
1666 2261 1789 2295 Plinius

918 2299 951 2331 111
983 2299 1097 2340 Paneg.
1127 2299 1166 2330 ad
1189 2299 1382 2342 Trajanwn,
1421 2312 1495 2334 cum
1524 2303 1564 2334 de
1594 2303 1788 2344 cognatione

918 2340 1051 2382 loquens
1071 2363 1081 2379 ‚
1121 2338 1289 2381 deficientis
1324 2343 1499 2384 adfinitatis
1521 2346 1652 2385 gradum
1679 2345 1786 2386 appel-

917 2382 971 2414 lat.
1015 2382 1127 2414 Solent
1149 2392 1262 2426 nempe
1285 2385 1439 2417 Aunores
1462 2385 1562 2418 exteri
1579 2386 1716 2427 generali
1733 2388 1788 2419 ad-

914 2423 1024 2465 finium
1046 2424 1207 2457 vocabulo
1230 2426 1317 2458 abuti
1370 2437 1406 2458 ro
1429 2436 1615 2468 quacunque
1637 2437 1667 2459 co
1690 2429 1786 2460 natio-

917 2476 954 2498 ne
976 2464 1030 2497 seu
1051 2467 1288 2508 propinquitate.
1365 2476 1438 2510 tque
1461 2469 1505 2500 ita
1532 2468 1616 2501 idem
1637 2468 1662 2501 P
1678 2470 1784 2509 inius,

918 2508 1014 2540 eodem
1033 2507 1148 2550 Paneg.
1172 2509 1364 2542 amiffionem
1387 2510 1588 2551 cognationis
1603 2534 1613 2549 ‚
1640 2510 1787 2550 adfinita-

917 2552 959 2582 tis
980 2551 1123 2581 damnum
1145 2549 1207 2582 effe
1229 2551 1322 2583 dixit.
1367 2551 1411 2583 Et
1434 2550 1559 2584 Gellius
1590 2552 1630 2584 L.
1656 2552 1713 2585 111.
1748 2553 1781 2584 C.

916 2601 946 2634 3.
975 2592 1030 2634 jus
1059 2590 1234 2632 adfinitatis
1263 2592 1381 2624 extulit
1411 2603 1470 2635 pro
1500 2603 1689 2635 quocunque
1707 2595 1784 2636 jure

910 2634 1165 2674 propinquitatis.
1210 2633 1319 2666 Festus
1342 2634 1475 2676 denique
1497 2635 1530 2666 in
1554 2634 1692 2675 adfines,
1724 2644 1782 2667 eos

914 2673 977 2706 effe
990 2675 1154 2715 definivit,
1171 2677 1224 2717 qui
1238 2678 1501 2716 consanguinitate
1521 2677 1675 2717 conjunffi
1686 2675 1779 2716 sunt.

913 2716 973 2748 Sed
996 2716 1040 2748 ita
1063 2717 1190 2755 exteri3
1224 2717 1305 2759 apud
1327 2717 1425 2758 JCtos
1447 2716 1571 2750 nostros
1593 2718 1674 2749 hanc
1697 2717 1781 2746 κατιέ-

913 2771 1001 2797 χςησ-ι»
1022 2767 1073 2789 me
1096 2759 1126 2790 le
1148 2768 1199 2789 ere
1222 2768 1285 2790 non
1310 2759 1457 2800 memini,
1482 2758 1625 2802 quamvis
1647 2757 1714 2790 scio
1731 2767 1780 2791 es·

912 2798 965 2841 se,
989 2799 1043 2842 qui
1057 2799 1089 2833 id
1105 2767 1159 2833 figi
1176 2799 1372 2842 persuadent.

1694 3203 1781 3240 CA-
