2008 3436
447 124 849 161 CORNELII

192 203 324 234 alterum
337 227 345 242 ,
370 212 406 235 ut
427 205 522 237 ctiam
547 205 593 236 illi
611 205 763 245 peregrini
791 204 828 235 ad
848 204 983 235 honores
1004 204 1053 234 ad-

193 244 380 284 mittantur,
411 247 463 286 qui
488 246 529 277 ibi
553 248 618 277 nati
645 246 732 283 sunt,
757 245 809 276 ubi
830 244 982 277 nostrates
1009 253 1053 275 ar-

193 293 323 324 centur,
356 296 426 318 nam
456 287 533 328 legis
560 286 621 318 suae
644 287 774 328 gratiam
800 285 905 317 facere
932 285 1054 326 potsunt

194 326 346 365 Ordines3
369 328 521 366 alterum,
546 336 581 358 ut
598 327 725 368 Syndici
743 326 924 364 &Sci-ibae,
949 326 1000 366 qui
1017 335 1056 357 ex

192 366 280 398 causa
298 369 525 410 peregrinitatis
541 369 632 408 plane
645 374 791 398 arcentur
807 376 847 398 ex
862 368 891 399 d.
911 366 1055 398 Decreto

192 408 261 439 anni
287 413 376 449 1658.
399 409 547 441 concessis
566 409 627 439 illis
646 408 892 448 diplomatibus,
914 417 999 439 nunc
1019 407 1054 438 li-

193 457 262 480 ceat
280 450 341 482 ess'e
358 451 502 492 Syndicis
516 452 545 481 ὄε
562 449 688 482 Scribis.
717 448 768 480 An
786 449 882 481 alium
896 449 1057 490 praebeant

194 128 265 160 260
919 133 1028 162 vau

788 556 1062 592 CAPU

1100 122 1699 160 BYNKERSHOEK

1095 202 1182 234 usum
1204 202 1377 244 diplomata
1404 201 1442 232 ad
1468 202 1621 241 honores,
1652 203 1790 235 nondum
1811 205 1898 245 potui
1923 209 1952 240 ύ-
1995 219 1998 227 ·

1095 243 1346 281 nimadvertere,
1375 243 1406 274 id
1429 250 1535 274 autem
1556 243 1630 274 satis
1655 245 1877 284 animadverti,
1899 246 1953 280 saee
1992 237 2008 272 Ἰἶ

1097 284 1167 325 pius
1193 285 1328 322 nullam,
1352 292 1444 324 quam
1464 284 1599 324 aliquam
1622 284 1739 316 subesse
1756 284 1877 317 causam
1900 288 1953 320 im-

1097 325 1238 365 plorandi
1257 326 1324 356 haec
1343 325 1533 365 diplomata,
1557 325 1605 363 ὅς,
1617 325 1701 365 quod
1718 326 1794 366 legis
1809 325 1870 365 est,
1888 336 1953 367 per-

1098 374 1201 406 peram
1224 367 1333 408 gratiae
1358 366 1463 397 tribui.
1507 365 1601 396 Varia
1619 367 1761 406 exempla
1778 368 1815 398 ad
1833 377 1955 402 manum

1099 406 1323 480 lunt,[.{iuibus
1338 408 1369 438 id
1387 406 1550 438 ostendere
1571 405 1701 447 poss'nn,
1725 407 1775 440 sed
1800 417 1848 441 res
1875 409 1954 442 tanti

1097 457 1162 480 non
1177 457 1194 479 e
1224 472 1232 480 .

1111 557 1147 596 T
1241 558 1368 594 XII.

650 643 826 689 Imperium
851 642 891 684 ὅ)
907 643 1100 689 Jurisdiblz'o
1124 656 1166 680 an
1186 644 1302 692 pqffint
1327 645 1501 680 mandari?

289 740 308 770 d
341 739 391 780 Jus
424 739 587 780 publicum
612 740 749 779 pertinet
783 740 935 782 queastio,
966 751 1003 774 an
1029 741 1060 775 &

310 782 571 821 quemadmodum
588 780 791 821 Magistratus
808 782 838 814 ἃ
855 782 977 823 Judices
1000 783 1058 814 Im-

196 830 316 864 perium
341 824 370 854 ὃς
396 822 665 862 Jurisdiffloneim
688 823 742 854 sibi
767 823 873 854 datum
897 824 1057 862 damnive,

197 864 265 896 aliis
284 863 427 895 mandare
450 863 562 904 possint
579 862 595 893 (ἓ
629 861 780 902 Constat,
813 864 885 903 Jure
916 864 1059 897 Romano

196 905 382 946 Imperium,
407 904 493 945 quod
512 905 542 936 in
561 902 654 944 gladii
677 905 832 944 potestate
855 905 1058 945 consistebat3

198 947 227 977 <Sc
252 957 360 977 merum
386 945 625 986 appellabatur,
653 946 787 977 mandari
812 955 877 978 non
905 946 1058 987 potuiffe,

196 987 249 1019 scd
268 986 403 1028 potuisse
417 986 666 1026 Jurisdittionem
679 1009 690 1024 ,
714 988 744 1020 dc
765 987 843 1019 illud
867 987 1056 1029 Imperium,

195 1029 281 1070 quod
298 1028 509 1068 jurisdictioni
528 1027 726 1066 cohaerebat,
740 1028 769 1060 &
788 1030 912 1059 mixtum
929 1029 992 1060 dici
1006 1030 1060 1060 ob-

1098 748 1153 782 per
1177 742 1321 780 vicarios,
1345 751 1401 773 non
1418 741 1504 782 secus
1518 751 1604 782 quam
1620 747 1718 772 eeterae
1732 747 1828 782 partes
1852 742 1955 785 Jtm‘r-

1101 782 1253 821 difflonis,
1285 790 1462 814 exerceatur.
1507 783 1592 820 Sed,
1621 782 1642 815 fi
1665 783 1782 824 reliqua
1807 783 1958 818 Gudelini

1101 823 1263 855 addidisset
1278 823 1534 865 Groenewegen,
1559 833 1636 855 mox
1660 824 1865 864 apparuiffet‚
1891 826 1958 858 haec

1102 874 1173 896 eum
1192 864 1310 896 referre
1325 865 1361 896 ad
1376 865 1562 906 Toparchas
1576 865 1716 906 aliosque
1728 887 1739 903 ,
1762 866 1812 906 qui
1828 866 1899 898 vice
1913 865 1958 898 sa-

1101 915 1153 937 cra
1169 906 1291 945 Judices
1309 914 1437 944 creant,
1458 914 1491 938 at
1506 905 1527 938 fi
1555 907 1606 938 vel
1627 906 1663 938 ad
1688 915 1743 938 eos
1767 905 1900 946 referas,
1920 915 1960 940 ne

1102 947 1143 979 fic
1160 947 1284 987 quidem
1301 957 1349 980 res
1368 946 1450 979 salva
1465 947 1527 979 est:
1552 957 1622 979 narn
1643 947 1688 979 illi
1707 947 1902 989 Toparchae,
1917 948 1960 980 se·

1101 989 1236 1019 cundum
1254 988 1421 1020 codicillos
1438 987 1648 1026 investiturae,
1663 998 1719 1019 non
1730 989 1886 1031 judicandi
1894 989 1963 1032 ,sed

1105 1031 1297 1060 tantummodo
1317 1029 1442 1070 Judices
1459 1031 1578 1060 creandi
1593 1027 1762 1069 potestatem
1778 1030 1960 1070 habent‚nec

201 1070 296 1101 tinuit
313 1070 333 1100 l.
356 1079 381 1100 1.
402 1075 451 1109 pr.
463 1068 499 1103 ἐξ·
515 1068 544 1109 §.
566 1077 592 1099 1.
602 1066 642 1108 ff.
661 1070 694 1100 de
714 1068 800 1115 Qffic.
820 1070 881 1111 ejus
898 1071 945 1101 cuz·
961 1071 1059 1101 mand.
1094 1070 1303 1112 subdelegare,
1318 1070 1373 1111 sed
1379 1072 1477 1110 potius
1491 1072 1555 1101 vice
1572 1070 1725 1110 Principis
1740 1070 1865 1111 Judices
1882 1079 1960 1103 crea*

197 1110 237 1151 est
251 1111 356 1152 jin-isal.
382 1110 550 1141 Rationem
567 1109 753 1141 differentiae
771 1111 859 1142 dedit
876 1110 1062 1151 Papinianus

198 1154 230 1184 in
248 1154 276 1183 cl.
297 1152 316 1183 l.
337 1161 364 1183 1.
377 1151 461 1191 quod
476 1160 587 1191 nempe
603 1151 745 1182 mandata
760 1151 980 1191 Jurisdiftione
996 1161 1060 1183 non

199 1192 444 1230 transferantur,
466 1201 536 1232 quae
556 1190 732 1232 specialiter
751 1191 835 1233 Lege
848 1215 858 1229 ‚
880 1193 931 1225 vel
951 1192 1039 1224 SCto
1052 1214 1063 1230 ,

197 1235 249 1266 vei
270 1232 506 1266 Constitutione
516 1232 695 1273 Principum
715 1233 913 1271 tribuuntur,
926 1240 960 1264 ut
978 1232 1064 1264 estin

197 1285 285 1308 mero
303 1274 440 1315 Imperio
453 1295 462 1313 ‚
488 1272 540 1304 sed
555 1283 591 1304 ea
609 1281 753 1311 tantum,
777 1283 846 1314 quae
870 1273 1062 1319 Magistrati-

196 1317 255 1348 bus
272 1322 459 1356 competunt
476 1315 544 1354 jure
564 1312 631 1345 suo.
675 1314 717 1345 At
734 1323 830 1352 vero,
856 1315 996 1355 inquoes,
1016 1322 1063 1346 et-

198 1359 260 1390 iarn
283 1355 479 1397 Jurisdietim
519 1364 587 1395 quae
620 1353 860 1395 Magistratibus
884 1356 1064 1397 competit,

201 1409 242 1431 cx
266 1398 350 1438 Lege
372 1396 475 1436 aliqua
500 1394 680 1434 descendit,
702 1396 732 1428 &
759 1397 824 1436 ejus
853 1404 956 1437 partes
981 1396 1065 1438 Lege

199 1439 338 1472 definitae
355 1436 444 1475 sunt,
474 1436 504 1468 ὃς
528 1435 569 1468 fic
593 1437 746 1469 rationem
766 1436 895 1470 rationis
918 1437 1065 1471 defidera-

200 1481 260 1513 bis.
304 1479 336 1525 Si
354 1478 488 1525 dixero?
511 1487 630 1524 merum
650 1477 819 1525 Imperium
841 1477 956 1510 versari
983 1480 1067 1511 circa

201 1532 250 1555 res
266 1529 412 1560 major1s‚
435 1525 572 1551 mlxtum
590 1528 674 1551 circa
683 1528 733 1550 res
749 1520 881 1552 minoris
894 1521 1066 1560 momenti,

199 1573 265 1596 non
287 1562 417 1602 loquar,
452 1569 488 1592 ut
512 1559 697 1601 Papinianus
727 1561 875 1602 loquutus
908 1560 964 1593 est.
1007 1562 1068 1594 Sed

200 1604 263 1636 hoc
281 1603 343 1644 jam
369 1612 435 1634 non
463 1601 600 1643 agimus,
630 1602 660 1633 &
686 1612 726 1634 ne
751 1602 813 1634 hoc
837 1602 986 1643 quidem,
1010 1612 1067 1635 cur

202 1644 374 1682 Romanis,
399 1642 484 1675 secus
501 1652 538 1674 ac
558 1643 714 1684 plerisque
740 1642 917 1684 Gentibus,
940 1644 1065 1686 placue-

200 1687 241 1720 rit
253 1709 262 1726 ,
281 1684 538 1725 siurisdictionem
557 1684 695 1716 mandari
712 1684 808 1726 poffe.
861 1686 911 1718 An
938 1693 1066 1728 propter

202 1727 333 1760 nimiam
348 1725 552 1767 negotiorum
569 1725 686 1758 molem
699 1750 708 1765 ‚
734 1727 846 1768 quibus
861 1726 1067 1768 Magistratus

201 1768 323 1801 Urbani
352 1768 382 1799 ὃς
408 1766 622 1798 Provinciales
647 1766 728 1808 saepe
759 1767 999 1801 obruebantur?
1028 1778 1067 1800 an

200 1817 333 1851 propter
351 1808 496 1840 morbum
511 1808 645 1839 aliamve
667 1807 790 1840 causam
814 1808 984 1848 sonticam,
1007 1818 1068 1850 qua

200 1851 288 1884 forte
317 1849 566 1890 impediebantur
591 1849 699 1881 officio
732 1849 787 1881 suo
821 1849 999 1892 superesse?
1029 1860 1068 1882 an

225 1900 333 1932 ropter
358 1890 533 1932 ignaviam,
569 1890 619 1922 cui
649 1890 692 1923 fic
723 1890 887 1923 consulere
919 1899 1067 1934 poterant

201 1902 433 1973 Rdagistratus‘?
466 1941 502 1962 an
526 1939 656 1972 propter
679 1931 866 1973 imperitiam
883 1956 893 1972 ,
926 1933 1067 1965 transsata

202 1974 245 2006 sic
262 1973 481 2013 jurisdiftione
500 1972 532 2003 in
548 1982 621 2012 εοε,
636 1974 688 2013 qui
707 1974 777 2014 plus
793 1973 977 2014 sapiebant?
990 1973 1068 2006 Non

203 2015 356 2046 erraverit
379 2013 487 2052 forte,
519 2014 571 2054 qui
600 2014 659 2053 has·
681 2014 837 2046 fimilesve
858 2014 962 2047 causas
983 2025 1067 2048 man-

205 2056 314 2087 dandae
341 2055 550 2095 jurisdictioni
575 2055 728 2096 originem
752 2055 916 2096 praebuiss'e
938 2056 1069 2094 credat,

206 2098 238 2128 ἃ
252 2096 339 2128 simul
359 2095 486 2132 credat,
508 2095 579 2126 inde
599 2105 724 2136 quoque
743 2096 824 2135 effe,
856 2097 940 2137 quod
967 2098 1070 2138 Magi-

206 2137 318 2170 stratus
334 2136 466 2167 Romani
484 2136 513 2167 &
531 2135 650 2175 judices
667 2137 830 2175 dederint,
853 2139 883 2170 δε
906 2137 1071 2169 adsessores

208 2177 415 2210 adhibuerint.
462 2176 733 2221 Quemadmodum
747 2185 852 2209 autem
867 2187 884 2209 a
899 2179 1003 2219 judice
1018 2179 1070 2210 da-

207 2228 244 2251 to
263 2219 315 2255 vel
331 2228 348 2249 a
364 2217 555 2249 mandatario
570 2217 797 2257 JurisdiCtionis
812 2217 910 2251 fuerit
938 2220 1072 2259 appella-

207 2268 276 2333 tcum
297 2283 306 2298 ,
338 2259 463 2300 prolixe
487 2257 675 2299 exsequutus
702 2258 768 2291 sum
794 2259 835 2291 L.
864 2260 919 2293 VI.
948 2261 1070 2303 Observ.

268 2311 283 2326 Ο
312 2325 320 2332 ο

252 2310 334 2380 8εῇ,
357 2341 404 2372 his
421 2341 535 2380 miffis,
556 2341 635 2373 nibil
653 2344 732 2382 puto
749 2340 810 2373 esse
827 2342 950 2381 verius,
972 2342 994 2374 si
1011 2342 1070 2374 Le-

211 2393 264 2425 ges
284 2383 400 2414 Patrias
414 2382 630 2419 consulamus,
643 2392 734 2423 quam
749 2392 857 2414 omnes
871 2382 1074 2425 Magistratus

211 2428 242 2457 6:
260 2424 405 2463 Judices,
426 2423 490 2456 five
508 2433 525 2454 a
543 2423 686 2464 Principe
702 2432 843 2462 creatos,
866 2423 930 2456 five
951 2425 988 2456 ab
1007 2425 1073 2464 liis,

210 2466 324 2506 quibus
343 2464 490 2505 Princeps
514 2474 624 2495 eorum
656 2465 859 2497 creandorum
888 2465 1075 2505 potestatem

212 2506 318 2544 dedit,
342 2515 396 2545 per
416 2505 446 2536 se
459 2506 548 2547 fungi
567 2505 675 2537 officio
697 2505 771 2544 suo,
798 2507 827 2538 δι
845 2506 928 2548 ipsos
944 2517 985 2539 ex
1009 2506 1074 2546 for-

208 2547 294 2579 mula
313 2547 527 2585 iurisiurandi,
551 2554 641 2577 antea
661 2546 809 2587 praestiti,
834 2548 1026 2589 cognoscere
1046 2548 1076 2580 ἀ

211 2588 349 2629 judicare
364 2588 402 2617 de
420 2588 506 2618 omni
524 2586 631 2624 causa,
652 2595 718 2619 tam
733 2588 906 2628 criminali,
923 2599 1015 2631 quam
1031 2590 1076 2621 ci-

213 2629 282 2660 vili.
317 2628 396 2659 Sane
412 2628 533 2658 nullum
552 2627 689 2658 officium
710 2627 974 2668 Magistratumve
991 2640 1075 2662 man-

211 2669 276 2701 dari
302 2669 459 2708 permittit
481 2668 643 2708 Philippus
673 2667 715 2699 Il.
739 2668 771 2699 in
803 2668 831 2709 §.
857 2674 886 2703 8.
912 2671 1013 2703 Edift.
1038 2672 1077 2702 de

215 2710 347 2742 Crimin.
378 2719 409 2749 5.
428 2709 487 2749 Jul.
524 2718 610 2748 1570.
643 2708 672 2739 &
697 2708 759 2739 hoc
779 2708 845 2748 jure
867 2711 1010 2749 utimur,
1042 2719 1077 2743 ut

212 2760 289 2783 mox
312 2760 366 2791 per
393 2750 510 2791 specics
542 2749 700 2790 utriusque
726 2749 950 2789 Jun‘sdittionis
977 2752 1077 2785 osten·

215 2794 295 2824 dam.
775 2810 777 2813 -

259 2832 344 2874 Quid
365 2832 461 2873 igitur
475 2830 629 2872 est‚quod
643 2831 759 2873 scripsit
778 2831 951 2865 Gudelinus
964 2835 997 2864 de
1016 2834 1074 2874 Ja-

214 2885 244 2905 re
263 2873 420 2915 Novzffiino
454 2873 492 2904 L.
518 2873 557 2904 V.
584 2873 616 2904 C.
648 2881 696 2914 13.
719 2875 751 2904 in
769 2873 826 2913 fin.
858 2875 888 2906 ὅ(
914 2874 1076 2915 exscripsit

216 2914 454 2955 Grocncwegcn
474 2916 506 2945 de
526 2913 597 2945 LL.
622 2915 720 2956 abrog.
745 2916 782 2945 acl
805 2916 824 2946 l.
844 2926 874 2957 3.
893 2915 933 2956 ff.
956 2917 989 2946 de
1015 2916 1073 2957 Ju-

217 2958 288 2987 risd.
313 2954 398 3001 Quod
421 2965 532 2995 nempe
559 2955 639 2985 hodie
657 2953 781 2995 potestas
800 2956 895 2998 gladii
922 2966 978 2987 non
1004 2958 1075 2987 meri

218 2997 337 3037 Imperia
355 2996 414 3034 fic,
436 3006 535 3026 veriam
557 3002 630 3035 pars
655 2997 808 3027 orclinariae
831 2996 1073 3038 Jurisflz‘c'twnis,

218 3044 302 3078 atque
329 3040 418 3069 etiam
444 3038 584 3067 mandata
614 3037 824 3077 Jurisclictione
851 3038 977 3080 transeat
994 3062 1003 3079 ,
1037 3038 1074 3073 ἐπ”

282 3158 291 3176 Ῑ

257 3149 316 3184 ()

257 3188 317 3224 (2)

341 3150 371 3177 Ῑιι
387 3150 415 3177 de
433 3148 602 3187 Handvesten
615 3159 668 3180 van
686 3151 836 3189 Enclruysen
855 3160 882 3188 p.
897 3160 933 3182 m.
955 3160 980 3186 3.
1001 3153 1036 3181 A.

340 3187 488 3224 ReJ'olmien
509 3198 562 3218 van
579 3189 750 3227 Corfideratie
773 3197 815 3220 ten
835 3191 893 3226 tyde
907 3199 960 3219 van
974 3191 1003 3219 de
1018 3190 1076 3219 Wiz

1077 3279 1080 3298 i

1097 1646 1177 1686 ,ejus
1192 1645 1264 1676 vice
1286 1643 1448 1686 fungitur,
1470 1644 1549 1686 quafi
1575 1644 1730 1676 mandans.

1103 1121 1132 1142 re
1149 1112 1303 1150 ‹vident-ur,
1328 1121 1363 1142 ut
1378 1110 1442 1151 ipse
1462 1110 1696 1152 Groenewegen
1723 1112 1806 1143 recte
1828 1113 1964 1145 animad-

1105 1153 1203 1183 vertit
1218 1152 1288 1184 adl.
1305 1153 1361 1184 ult.
1376 1152 1416 1193 ff.
1436 1153 1469 1184 de
1490 1151 1575 1193 Offic.
1600 1153 1660 1194 ejus
1674 1153 1722 1183 cuz·
1743 1154 1841 1184 mand.
1860 1152 1900 1194 est
1913 1154 1964 1195 ju-

1104 1194 1176 1224 riscl.
1221 1192 1270 1224 llli
1288 1193 1466 1233 Toparchae
1483 1203 1541 1225 nec
1555 1193 1713 1233 judicant,
1735 1202 1794 1224 nec
1812 1193 1863 1234 ipsi
1886 1195 1966 1234 judi—

1105 1242 1176 1264 care
1188 1232 1333 1274 possunt,
1357 1234 1405 1272 δε,
1430 1243 1502 1265 cum
1521 1243 1638 1274 agimus
1659 1234 1697 1264 de
1714 1234 1856 1266 mandata
1873 1235 1966 1275 Juris-

1105 1274 1263 1311 dictione,
1286 1275 1405 1315 agimus
1420 1274 1458 1304 de
1473 1284 1530 1312 eo,
1553 1275 1605 1313 qui
1625 1274 1709 1315 ipse,
1731 1273 1753 1306 fi
1768 1275 1868 1313 velit,
1892 1277 1969 1315 juris

1105 1315 1231 1347 dicundi
1248 1314 1356 1346 officio
1371 1314 1531 1356 fungitur,
1556 1314 1626 1353 sed,
1648 1315 1671 1347 fi
1692 1315 1794 1354 nolit,
1817 1316 1850 1347 in
1875 1317 1970 1351 alium

1107 1355 1357 1397 jurisdictionem
1369 1379 1378 1395 ,
1402 1355 1455 1388 fibi
1470 1356 1625 1397 propriam
1638 1378 1649 1394 ,
1672 1355 1836 1389 transferre
1855 1357 1967 1398 potest.

1108 1398 1244 1430 Summae
1275 1397 1372 1438 igitur
1396 1397 1612 1438 imprudentiae
1641 1396 1687 1429 est
1716 1397 1846 1437 dicere,
1883 1399 1970 1440 possb

1109 1448 1201 1480 quem
1218 1438 1311 1470 hodie
1331 1438 1474 1469 mandare
1490 1438 1739 1479 JurisdiCltionem
1750 1461 1760 1477 ,
1784 1438 1816 1470 id
1831 1438 1893 1479 est,
1918 1439 1970 1474 sun

1110 1480 1183 1511 vice
1206 1480 1301 1511 alium
1322 1478 1480 1518 sufficere,
1513 1479 1565 1520 qui
1583 1479 1635 1519 J'us.
1644 1479 1754 1519 -dicat,
1785 1480 1870 1521 quod
1891 1481 1969 1514 alio·

1110 1521 1183 1562 quin
1200 1519 1263 1563 ipse
1278 1520 1426 1552 mandans
1442 1520 1547 1552 fuisset
1563 1520 1711 1554 difturus.

1154 1561 1273 1594 Omnes
1289 1561 1492 1603 Magistratus
1509 1562 1539 1594 δι
1554 1561 1677 1602 judices
1696 1562 1790 1594 hodie
1799 1562 1869 1596 sunt
1908 1563 1971 1598 uafi

1111 1603 1296 1636 mandatarii
1314 1603 1556 1643 Jurisdifflonss,
1580 1601 1644 1644 ipse
1660 1603 1772 1636 Prince
1797 1615 1829 1644 s,
1849 1614 1890 1636 ve
1915 1604 1970 1647 qui

1810 1654 1822 1677 t
1845 1655 1884 1677 ue
1906 1655 1970 1678 ma·

1110 1685 1259 1718 nifestum
1276 1684 1339 1725 est,
1364 1686 1536 1717 mandatam
1556 1685 1609 1717 sibi
1627 1655 1876 1726 Jurisdiffioncffem
1895 1687 1972 1719 alte-

1109 1728 1137 1759 ri
1155 1727 1290 1760 mandari
1310 1736 1372 1759 non
1391 1726 1475 1768 poss'e
1495 1727 1517 1759 l.
1535 1727 1589 1758 ult.
1606 1732 1652 1767 pr.
1706 1751 1713 1758 .
1735 1727 1768 1759 de
1798 1726 1883 1769 Offic.
1908 1729 1972 1772 ejus·

1110 1771 1158 1800 cui
1180 1770 1278 1800 mand.
1303 1766 1343 1809 est
1356 1769 1464 1812 jurisd.
1489 1768 1530 1800 fic
1548 1777 1606 1800 nec
1621 1776 1663 1808 po
1692 1775 1749 1799 unt
1765 1767 1970 1809 Magistratus

1110 1811 1163 1842 vel
1184 1809 1326 1850 Judices,
1344 1809 1441 1842 electa
1459 1818 1568 1841 eorum
1581 1831 1591 1847 ,
1623 1809 1674 1850 qui
1699 1807 1753 1850 ipfi
1771 1809 1884 1842 officiis
1907 1809 1970 1843 suis

1110 1851 1305 1893 fungantur,
1328 1849 1389 1883 fide
1405 1851 1434 1883 ἃ
1457 1849 1615 1883 industria.
1660 1849 1721 1889 Et,
1747 1857 1781 1881 ut
1803 1849 1842 1882 de
1863 1851 1971 1883 crimi-

1109 1893 1201 1925 nibus
1213 1893 1347 1935 primum
1366 1892 1530 1929 exordiar,
1553 1898 1676 1924 tantum
1687 1890 1787 1931 abest,
1812 1898 1847 1923 ut
1863 1891 1907 1932 ii,
1937 1893 1971 1925 ui

1110 1934 1202 1975 iurati
1225 1934 1263 1965 de
1288 1934 1335 1966 his
1352 1933 1513 1973 judicant,
1537 1932 1605 1964 aliis
1629 1941 1693 1964 non
1716 1932 1824 1973 juratis
1845 1932 1906 1973 Juri
1945 1933 1971 1965 i-

1111 1976 1216 2007 ctione
1231 1974 1307 2007 sua*
1340 1974 1410 2006 ffint
1422 1974 1532 2006 cedere
1541 1981 1598 2012 ,ut
1614 1983 1654 2005 ne
1671 1973 1693 2005 ii
1710 1973 1834 2014 quidem
1852 1974 1882 2005 id
1899 1982 1972 2015 pos·

1110 2016 1191 2054 sint,
1211 2017 1265 2056 qui
1316 2014 1512 2047 ccusatorum
1532 2014 1689 2055 partibus,
1711 2023 1898 2056 quocunque
1913 2024 1970 2047 no·

1110 2057 1216 2095 mine,
1237 2056 1407 2097 funguntur
1419 2079 1429 2095 ,
1453 2064 1585 2096 quorum
1610 2064 1649 2086 ue
1668 2055 1745 2087 adeo
1765 2055 1905 2088 officium
1919 2057 1972 2089 ab·

1111 2097 1247 2130 solvitur
1264 2097 1337 2130 solis
1355 2097 1521 2129 criminum
1537 2105 1590 2137 per
1606 2096 1838 2136 equutionibus.
1885 2095 1974 2142 Qua-

1111 2149 1146 2171 re
1162 2138 1309 2178 jubentur
1325 2137 1371 2169 illi
1389 2137 1592 2170 Accusatores
1609 2137 1650 2168 ibi
1675 2137 1833 2176 habitare,
1857 2137 1908 2170 ubi
1927 2139 1972 2170 'u-

1113 2190 1147 2212 ra
1161 2179 1315 2220 Principis
1331 2185 1476 2217 tuentur,
1499 2178 1529 2210 &
1545 2178 1753 2219 prohibentur
1769 2179 1847 2210 alios
1863 2149 1973 2213 subiti-

1116 2230 1221 2259 tuere‚
1245 2229 1324 2261 quos
1342 2220 1441 2261 vulgo
1468 2219 1603 2251 vicarios
1627 2219 1690 2251 sive
1715 2219 1908 2252 Stadhouders
1922 2230 1938 2253 a

1115 2262 1276 2304 pellamus.
1315 2260 1361 2293 Ita
1377 2259 1741 2302 generaliterconssituit
1757 2260 1861 2302 Philip
1884 2270 1917 2294 us
1941 2261 1972 2298 1.

1114 2305 1146 2335 in
1162 2303 1191 2334 d.
1215 2302 1247 2343 ἓ.
1267 2307 1295 2337 8.
1320 2301 1424 2333 Εόἱᾶί
1442 2301 1480 2333 de
1502 2301 1633 2333 Crimin.
1657 2301 1728 2333 anni
1753 2309 1840 2342 1570.
1862 2270 1909 2334 {It
1928 2303 1975 2335 ita

1114 2344 1191 2375 olim
1209 2353 1272 2385 quo
1294 2353 1332 2375 ue
1347 2342 1429 2374 fuit:
1451 2352 1521 2374 nam
1539 2343 1583 2374 ait
1606 2341 1634 2384 ᾗ.
1652 2352 1703 2383 40.
1729 2341 1800 2374 LL.
1825 2351 1899 2383 quas
1922 2352 1975 2376 an-

1116 2394 1158 2417 no
1180 2394 1267 2422 1299.
1312 2384 1445 2416 ollandis
1459 2384 1488 2416 ὅ(
1504 2383 1606 2415 Frisiis
1624 2383 1710 2414 dedit
1721 2382 1853 2423 joannes
1867 2381 1890 2414 Ι.
1901 2383 1974 2425 (1).

1118 2426 1157 2459 In
1173 2426 1258 2466 onshn
1273 2435 1367 2466 vryen
1387 2424 1554 2467 Ambagte‚
1569 2425 1638 2456 daer
1650 2433 1703 2465 wy
1719 2423 1837 2455 Schouts
1853 2426 1974 2467 ambage

1117 2468 1248 2499 verleent
1271 2467 1401 2505 hebben,
1427 2468 1472 2497 die
1498 2466 1622 2504 Schout,
1653 2466 1698 2495 die
1721 2473 1783 2494 van
1799 2473 1850 2494 ons
1865 2464 1913 2504 is,
1937 2475 1976 2497 en.

1117 2519 1187 2551 mag
1209 2509 1342 2539 niemant
1363 2508 1450 2539 ander
1471 2507 1533 2538 hem
1555 2506 1664 2547 setten.
1707 2504 1882 2536 Secundum
1904 2506 1975 2540 haec

1118 2559 1242 2591 quoque
1259 2548 1394 2581 Ordines
1415 2546 1594 2580 Hollandiae
1606 2569 1615 2585 ,
1661 2552 1766 2576 etente
1786 2545 1976 2580 Maoistratu

1119 2591 1307 2629 Heusdano‚
1336 2589 1541 2620 decreverunt
1564 2595 1609 2627 ¹7-
1653 2586 1696 2618 ul.
1723 2588 1812 2617 1662.
1841 2570 1866 2627 ξ’
1870 2588 1914 2630 2)
1935 2596 1977 2621 ne

1120 2632 1190 2673 quis
1214 2630 1290 2663 effet
1314 2629 1496 2662 Heusdanus
1523 2625 1634 2668 Droft,
1661 2624 1804 2668 Castelein
1832 2638 1867 2659 en
1894 2628 1978 2677 Dyk-

1117 2673 1213 2715 grans
1218 2695 1227 2711 ,
1252 2670 1307 2704 nisi
1324 2670 1375 2711 qui
1394 2671 1424 2701 in
1441 2669 1527 2701 Urbe
1544 2667 1709 2700 Heusdana
1725 2668 1822 2700 fixum
1846 2669 1981 2704 domici--

1121 2715 1197 2746 lium
1217 2712 1363 2749 haberet,
1391 2717 1426 2742 ut
1450 2709 1492 2743 fic
1510 2719 1563 2750 per
1586 2708 1615 2740 se
1631 2709 1740 2740 officio
1764 2708 1820 2741 suo
1834 2709 1978 2753 fungere-

1119 2762 1180 2787 tur.
1224 2753 1316 2790 Scio,
1340 2760 1445 2782 carum
1468 2750 1717 2791 prohibitionum
1741 2748 1822 2791 saepe
1843 2751 1975 2793 gratiam

1119 2794 1181 2827 esse
1198 2793 1309 2825 factam
1321 2814 1331 2830 ,
1355 2792 1384 2823 &
1400 2791 1501 2823 adhuc
1518 2791 1583 2823 fieri
1595 2814 1604 2829 ‚
1629 2791 1692 2823 five
1713 2791 1831 2832 palam,
1851 2792 1926 2824 dato
1943 2793 1976 2826 in

1119 2836 1199 2867 hanc
1217 2843 1281 2866 rem
1298 2832 1485 2874 privilegio,
1508 2831 1570 2875 five
1586 2832 1685 2870 clam,
1709 2840 1763 2872 per
1779 2831 1874 2864 solam
1895 2833 1976 2866 dissi-

1118 2876 1321 2908 mulationcm
1334 2895 1345 2911 ,
1367 2872 1418 2904 sed
1438 2872 1521 2914 ipsos
1537 2873 1679 2913 Judices,
1702 2873 1754 2913 qui
1771 2872 1809 2904 de
1833 2873 1974 2906 crimini-

1117 2917 1174 2948 bus
1189 2915 1349 2956 judicant,
1374 2923 1508 2955 unquam
1524 2915 1640 2945 vicaria
1656 2923 1749 2954 opera
1773 2912 1863 2945 fuiss'e
1886 2914 1976 2954 usos,

1116 2958 1168 2989 vcl
1182 2959 1214 2988 in
1229 2965 1296 2987 eam
1314 2964 1380 2986 rem
1400 2955 1602 2997 privilegium
1619 2953 1810 2995 impetrasse,
1834 2964 1897 2988 non
1913 2964 1975 2988 rne-

1115 2998 1254 3030 minime
1275 2995 1390 3036 uspiam
1411 2996 1521 3036 legere.

1156 3038 1207 3071 Dc
1222 3037 1317 3070 caulis
1334 3037 1481 3069 civilibus
1507 3037 1571 3069 slve
1590 3036 1775 3078 pecuniariis
1792 3036 1872 3071 idem
1896 3044 1974 3109 pudto

1951 3088 1972 3110 1-

1116 3161 1143 3190 p.
1160 3154 1224 3187 786.
