2008 3436
146 122 215 164 ma
384 115 784 154 CORNELM

149 205 224 251 lifat,
249 205 277 235 ἃ(
290 228 298 242 ,
322 205 341 236 fi
361 204 549 237 constitisset
562 205 661 243 ‚nihil
681 203 751 234 inde
762 209 886 243 poterat
905 201 986 232 effici
1002 223 1012 239 ,

148 254 239 286 quani
257 245 434 287 magistrum
449 248 535 279 navis
548 271 555 284 ,
582 256 648 287 qua:
666 244 747 275 salva
763 243 871 275 inanfit
883 265 893 280 ,
916 241 1010 273 Gadi-

149 287 209 331 bus
225 286 317 318 fuisse
336 287 533 325 absolutum,
557 287 642 319 forte
664 286 753 322 ideo,
776 285 861 325 quod
877 283 940 324 ipse
957 284 1013 313 do-

148 332 183 358 io
202 328 255 374 yel
276 329 368 370 culpa
383 329 526 361 damnum
550 337 609 359 non
627 325 775 363 dedisset,
798 326 828 357 δε
846 324 987 365 quodibi
1003 346 1013 360 ‚

149 376 184 399 ut
199 378 267 408 jure
283 370 427 401 Romano
440 395 453 409 ,ι
472 371 582 401 damna
604 368 742 400 fortuita
758 367 885 406 quisque
901 365 950 397 sua
970 364 1015 395 fe-

148 419 220 445 rat,
247 421 324 450 nec,
349 420 382 443 ut
408 411 488 452 apud
514 420 590 441 nos.
613 419 672 450 pro
698 406 816 439 semisse
840 405 1016 437 communi-

144 459 271 496 centur.
318 453 377 485 Sed
394 452 464 491 fac,
483 452 607 491 judiees
625 450 664 481 ibi
684 458 843 490 perperam
857 446 1016 488 judicall'e,

148 492 227 533 quad
252 494 313 524 noc
332 495 368 525 ad
396 502 518 534 partes,
554 502 622 532 quae
649 491 699 522 liic
725 490 874 530 litigant,
908 489 936 519 ὃς
964 488 1015 518 da-

149 535 292 565 mnandae
304 536 353 566 vel
367 533 565 566 absolvendae
582 533 652 564 sunt
670 531 839 563 seeundum
850 530 949 570 Leges
964 538 1015 568 pa-

152 576 252 607 trias?
275 575 365 607 Niliil
389 576 482 616 igitur
499 574 716 610 adserebatur,
738 582 799 612 quo
820 571 850 602 se
866 572 1015 602 assecura-

152 624 238 648 toi·es
254 618 365 648 idonee
380 615 583 648 defenderent
601 618 629 646 ὁ(
649 615 816 646 liberarent
834 622 851 643 a
875 621 1016 643 contrac-

152 664 186 686 tu
204 681 213 695 ‚
237 659 287 689 cui
315 656 551 697 subscripserant
571 680 580 695 ,
605 657 634 688 Gt
657 655 751 687 etiam
774 664 791 685 a
811 653 873 685 fide
892 675 902 691 ,
925 662 1017 692 quam

150 698 257 737 postea
273 699 421 730 dederant
435 698 473 729 de
493 697 686 729 resarciendo
704 697 838 732 damno,
862 697 891 726 oz
911 693 1014 724 refun-

151 739 260 772 dendis
278 740 435 781 expensis,
462 748 500 770 ne
522 740 647 781 quidem
671 736 870 770 restitutione
889 736 920 766 in
936 735 1014 765 inte-

152 790 241 826 grum
266 790 376 828 contra
402 782 485 814 illam
510 779 744 821 promissionem
770 777 890 819 petita,
915 776 1017 808 multo

151 831 256 854 minus
270 830 444 864 impetrata.

195 864 255 895 Sed
281 865 364 896 aliud
393 872 478 902 erat,
502 863 586 905 quod
616 863 667 894 liic
692 862 840 894 Senatum
871 857 1017 891 nonnihil

153 905 304 937 turbabat.
350 907 480 938 Scilicet
500 906 538 937 de
563 904 786 936 assecuratione
813 902 941 933 navium
957 924 966 939 ‚
993 900 1022 930 &

154 955 318 993 quousque
329 957 380 978 eas
394 947 565 979 assecurare
580 947 693 984 liceat,
719 944 804 975 varie
823 951 949 974 cautum
966 940 1020 972 est.

153 987 290 1020 Ratione
318 989 468 1021 mercium
494 987 656 1029 distinguit
683 986 845 1025 Philippus
871 983 909 1015 ll.
932 983 963 1014 in

157 1033 188 1062 8.
217 1029 251 1061 T.
277 1030 349 1062 VII.
375 1030 446 1062 LL.
472 1030 601 1062 Nautic.
630 1031 719 1069 1563.
764 1026 824 1058 Sed
846 1025 928 1055 idem
953 1024 1020 1055 sim-

154 1070 284 1110 pliciter
299 1072 329 1103 in
344 1071 371 1113 §.
398 1082 448 1103 20.
474 1071 532 1103 Ed.
562 1080 650 1110 1570.
675 1078 771 1100 naves
788 1076 849 1097 non
868 1065 922 1096 nisi
941 1063 1021 1096 infra

155 1108 310 1145 semissem
335 1113 496 1144 assecurari
522 1111 701 1153 permittit,
725 1110 754 1140 ἃ
782 1108 823 1139 sic
844 1115 970 1146 quoque
992 1106 1018 1145 §-

155 1162 185 1193 4.
212 1152 261 1186 Μ.
283 1153 364 1185 infra
381 1153 495 1185 bessem
515 1162 593 1184 vero
614 1152 641 1193 ὃ.
672 1161 717 1182 10.
745 1149 786 1180 A.
824 1147 1021 1179 Rotterdani-

156 1195 308 1227 mensium
324 1195 426 1236 Leges
444 1203 567 1225 veteres
586 1193 613 1233 ᾗ.
637 1203 668 1233 4.
689 1190 884 1230 distinguunt
899 1188 1022 1218 ratione

156 1236 281 1268 itineris
302 1260 312 1275 ‚
353 1236 436 1277 quod
460 1235 693 1266 conficiendum
721 1231 775 1262 est.
822 1230 927 1268 Atque
953 1229 1022 1259 haee

157 1278 284 1318 quidem
311 1279 464 1308 rationem
495 1276 610 1307 habent
635 1271 849 1308 manifestam,
873 1270 893 1302 11
915 1278 1022 1300 curam

155 1319 280 1350 navium
311 1326 403 1358 agant
430 1316 483 1357 ipsi
513 1316 653 1354 domini,
677 1315 777 1355 palam
800 1322 883 1343 enim
912 1310 1023 1342 inutile

157 1359 203 1391 est
221 1384 230 1398 ,
257 1358 276 1391 si
293 1383 302 1396 ,
325 1358 457 1390 navibus
486 1358 615 1398 perditis
636 1379 647 1396 ,
680 1356 863 1386 tantundem
890 1352 1026 1383 dominis

157 1401 233 1433 esset
261 1399 379 1432 salvum
401 1409 440 1431 ex
468 1399 706 1432 assecuratione.
751 1395 848 1440 Quod
871 1394 892 1426 si
919 1402 1024 1424 autem

157 1445 180 1476 ii
208 1443 266 1475 sint
290 1442 416 1473 navium
453 1441 595 1477 domini,
620 1440 672 1480 qui
706 1438 759 1479 ipsi
783 1445 889 1467 earum
919 1443 1024 1466 curam

155 1495 221 1518 non
241 1492 355 1525 agunt,
382 1493 444 1514 non
462 1482 697 1518 animadverto,
725 1489 780 1510 tur
799 1478 836 1509 iis
853 1485 953 1508 totam
973 1485 1024 1506 na-

159 1536 232 1558 vem
252 1525 422 1558 assecurare
438 1533 501 1556 non
521 1524 624 1555 liceat.
671 1521 761 1553 Unde
784 1519 868 1550 forte
885 1519 914 1550 d.
939 1516 967 1558 §.
993 1526 1024 1556 4.

160 1569 201 1601 R.
227 1570 278 1608 qui
297 1567 424 1604 definit,
448 1574 611 1606 quousque
625 1573 719 1595 naves
730 1561 903 1593 assecurare
919 1560 1026 1596 liceat,

160 1618 224 1642 non
241 1609 382 1650 loquitur
401 1607 456 1639 nisi
478 1608 516 1638 de
535 1606 697 1637 navarcliis
722 1605 750 1635 dc
774 1601 1025 1635 exercitoribus,

160 1661 223 1682 van
245 1651 398 1690 Schippers
419 1660 454 1680 en
478 1649 615 1679 Reeissen.
660 1644 818 1690 Quoniam
847 1652 953 1674 autem
973 1651 1025 1681 pe-

160 1702 215 1725 nes
244 1691 416 1724 navarchos
435 1689 590 1731 potissima
616 1687 660 1720 est
681 1689 807 1718 naviuin
825 1694 920 1721 cui-a,
945 1684 975 1715 &
994 1682 1024 1713 lii

164 1734 336 1767 seeundum
354 1742 474 1771 mores,
499 1741 552 1771 qui
574 1739 656 1762 nunc
676 1728 933 1769 frequentantur,
956 1724 1026 1756 fere

161 1786 225 1809 non
250 1775 318 1807 sunt
348 1774 473 1805 naviuin
497 1772 636 1807 domini,
658 1780 761 1802 earum
778 1768 1027 1811 prohibitionum

162 1819 277 1858 exigua
290 1825 373 1848 nunc
391 1816 473 1847 ratio
492 1813 554 1852 est,
577 1816 607 1846 ἃ
623 1813 693 1844 inde
705 1811 772 1842 «effe
787 1819 922 1850 opinor,
944 1807 1028 1848 quod

163 1857 473 1891 Rotterdammenses
496 1857 525 1888 in
552 1855 644 1886 novis
670 1853 790 1894 legibus
807 1853 835 1892 ᾗ.
862 1859 913 1890 25.
935 1857 1030 1881 naves

165 1900 349 1940 simpliciter
364 1898 523 1930 assecurari
545 1895 750 1938 permiserint.

209 1942 268 1974 Sed
283 1941 335 1973 ubi
357 1950 421 1972 non
436 1939 481 1970 est
498 1938 650 1979 ejusmodi
677 1937 729 1968 lex
751 1944 853 1973 nova,
878 1931 1032 1974 sequimur

165 1983 328 2024 antiquas,
355 1983 384 2014 ὅ(
409 1991 471 2013 11011
488 1990 525 2012 ex
550 1981 694 2016 ratione,
719 1976 770 2009 sed
789 1986 828 2007 ex
845 1975 1033 2006 auum-itate

167 2025 264 2065 juris,
290 2024 309 2054 si
326 2033 361 2056 ea
379 2021 491 2063 praesto
508 2022 563 2059 sit,
584 2021 688 2051 causas
702 2018 878 2050 definimus.
924 2015 957 2046 ln
973 2015 1031 2046 bac

167 2065 272 2105 specie
287 2066 394 2102 navis,
421 2071 565 2103 tempore
579 2062 668 2094 facim
679 2058 928 2096 ass'ecurationis,
953 2056 1030 2088 aesti-

165 2115 249 2140 mata
273 2105 375 2137 fuerat
399 2112 489 2136 certo
515 2104 619 2144 pretio
635 2126 644 2140 ,
675 2104 704 2132 a&
731 2099 891 2131 constabat
910 2120 921 2136 ,
950 2098 1031 2129 lianc

167 2148 409 2180 aestimationem
426 2146 518 2186 longe
533 2144 688 2175 excedere
700 2141 813 2172 bessem
830 2140 920 2179 pretii
936 2162 946 2177 ,
968 2147 1031 2179 quo

166 2188 412 2221 valebat'navis.
494 2186 556 2217 uod
578 2184 774 2219 excedebat,
798 2181 1033 2213 reicindendum

168 2231 231 2262 esse
251 2229 376 2270 plurimi
395 2229 560 2260 Senatores
575 2226 800 2266 respondebant
817 2233 855 2254 ex
874 2226 902 2254 a.
928 2222 956 2263 §.
984 2231 1032 2253 10.

169 2272 212 2303 A.
238 2271 340 2303 addita
360 2279 398 2301 ex
416 2269 445 2310 §.
475 2278 500 2300 1.
524 2269 596 2299 ibid.
622 2266 770 2307 clausula,
794 2274 885 2305 quam
902 2272 1032 2300 vocant,

168 2315 320 2344 irritante.
364 2311 424 2343 Sed
447 2317 535 2341 erant
561 2311 592 2340 in
617 2309 731 2340 Senatu
747 2330 755 2345 ,
779 2306 830 2347 qui
857 2304 1032 2345 urgebant,

169 2352 431 2386 consuetudinem
442 2374 452 2390 ,
467 2353 548 2382 inter
560 2351 754 2382 Mercatores
773 2355 927 2388 receptam
939 2370 948 2385 ,
967 2344 1032 2377 sub-

168 2395 266 2436 egisse
283 2395 372 2426 illum
389 2393 419 2434 §.
446 2402 492 2424 10.
518 2390 645 2432 ejusque
661 2391 703 2421 rei
720 2397 936 2429 argumentum
958 2386 1032 2421 else,

168 2437 255 2476 quod
281 2435 493 2467 contractibus
517 2432 798 2468 assecurationum,
823 2436 856 2459 ut
878 2429 961 2470 typis
983 2428 1033 2459 de-

170 2478 278 2519 scripti
306 2475 600 2513 circumferuntur,
636 2473 715 2513 saepe
739 2471 867 2502 addatur
899 2470 1034 2501 clausula

168 2517 395 2558 manuscripta.
423 2526 483 2556 qua
503 2515 639 2555 legibus,
662 2515 699 2545 de
715 2512 939 2544 assecuratione
955 2512 1037 2548 latis,

169 2560 192 2593 fi
220 2559 294 2599 quid
319 2558 454 2599 pastioni
474 2557 599 2588 obstent
616 2578 625 2593 ‚
649 2563 752 2595 partes
770 2553 956 2585 renunciant
974 2574 983 2589 ‚
1007 2552 1036 2583 &

170 2601 255 2642 quod
270 2600 363 2631 etiam
376 2598 499 2638 Judiccs
522 2594 834 2629 Amsteruammcni‘cs
853 2596 882 2625 in
899 2594 1036 2633 judican-

171 2645 214 2674 do
231 2641 300 2672 illas
315 2640 435 2680 Leges,
458 2639 569 2679 quibus
590 2637 807 2668 renunciatum
825 2634 890 2671 cst,
916 2634 1036 2665 soleant

171 2684 350 2724 negligere,
374 2681 412 2712 de
428 2689 491 2721 quo
506 2688 629 2716 tamen,
653 2678 683 2708 in
709 2677 765 2707 bac
782 2684 868 2706 cei-te
889 2676 963 2712 lite,
989 2676 1034 2705 iii-

169 2726 215 2757 hil
234 2725 399 2765 quicquam
420 2720 590 2753 constabat.
635 2719 695 2751 Sed
715 2718 766 2747 ubi
783 2717 834 2748 lex
853 2716 897 2748 est
913 2715 1034 2757 perfec-

172 2775 227 2804 ta,
252 2765 282 2796 ἀ
308 2765 406 2796 nullas
427 2762 488 2794 esse
513 2762 601 2803 jubet
626 2759 803 2801 pactiones,
829 2767 897 2798 quae
925 2765 1036 2787 contra

170 2817 239 2839 eam
262 2804 361 2843 fiunt,
383 2804 462 2837 1111111
487 2804 591 2834 valere
621 2802 689 2833 illas
704 2802 737 2832 in
755 2799 946 2831 contrarium
964 2807 1034 2837 pro-

171 2848 337 2884 bationes,
363 2847 463 2886 Capite
483 2845 614 2886 proximo
634 2843 754 2884 plenius
776 2839 916 2881 exposui.
960 2840 1034 2870 Sen-

171 2889 270 2922 tentia
285 2888 380 2928 igitur
401 2887 505 2919 Curiae
524 2886 554 2917 in
574 2885 728 2925 plerisque
748 2882 878 2922 probata
900 2880 962 2912 fuit
986 2889 1032 2910 11.

129 2933 136 2939 '
171 2930 261 2962 Nov.
289 2932 377 2968 1726.
403 2928 453 2961 sed
468 2927 606 2959 correcta
621 2925 706 2966 quod
726 2925 764 2954 ad
779 2921 1034 2956 ass'ecurationeiii

170 2971 282 3008 navis,
304 2969 386 3002 fasta
414 2970 495 3000 ultra
519 2966 633 2999 bessem
660 2967 726 2997 veri
747 2965 867 3006 pretii,
890 2962 1035 2994 restituto

173 3020 292 3049 tamen,
319 3013 402 3051 quod
414 3010 450 3040 ad
469 3010 550 3041 illam
566 3010 689 3043 v'mooxm
704 3030 712 3041 ,
737 3005 869 3048 praziiiio
888 3002 1035 3035 assecura-

174 3052 279 3082 tionis.
303 3051 376 3093 (i)
416 3051 463 3082 An
492 3051 558 3081 lime
581 3048 736 3080 con-etue
768 3047 839 3079 latis
864 3045 1035 3077 conveniat

175 3092 357 3131 sententiae,
380 3101 472 3135 quam
493 3092 623 3124 Senatus
651 3090 735 3121 dixit
752 3098 803 3129 25.
829 3087 917 3119 Nox:
945 3096 1033 3128 ¹7¹²·

858 124 967 151 VAN

209 3197 269 3236 (1)
290 3197 425 3237 observat.
449 3197 565 3231 Tzcmulc.
589 3197 620 3228 T.
641 3199 691 3230 V1.
711 3209 737 3230 n.
761 3207 841 3235 1290.

1045 85 1646 152 BYNKERSHOEK

1055 203 1085 234 δε
1101 211 1192 242 quam
1213 203 1461 235 commemoravi
1475 203 1503 234 d.
1533 202 1602 243 Cap.
1624 201 1763 243 judicent
1775 225 1787 243 ‚
1805 200 1922 246 quibus

1054 245 1101 284 Jus
1116 243 1251 285 suffragii
1268 244 1322 276 est.

1059 328 1065 333 .
1099 284 1198 317 Navis
1222 294 1399 326 mercesque
1427 282 1628 316 Amsterdami
1654 284 1831 319 assecuratae
1848 286 1918 320 sunt

1058 337 1088 359 11]
1106 327 1173 357 haec
1188 326 1303 358 verba:
1325 336 1387 357 vem
1404 324 1591 365 Αῡζίίενάαηι
1612 336 1648 356 en
1662 327 1694 357 de
1711 329 1917 370 circumjacen-

1059 371 1120 406 cjen
1135 378 1197 398 van
1216 369 1283 398 dlen
1300 377 1376 398 naar
1392 369 1425 398 de
1446 366 1607 407 &munst-fic
1626 365 1807 407 W'estindien
1822 377 1848 401 le
1860 375 1915 402 moss
1936 396 1955 402 ,.
1999 382 2001 386 ’

1058 420 1116 452 gen
1136 419 1228 439 varen
1252 414 1285 448 op
1306 409 1362 440 alle
1383 408 1525 448 Plciatsen
1538 431 1547 446 ,
1573 406 1731 443 Evicmden
1745 433 1753 445 ,
1775 410 1895 452 Baayen

1060 450 1197 484 Rheerlen
1215 449 1248 489 of
1264 449 1410 480 Ri'vieren
1423 472 1433 486 ,
1453 458 1527 490 geen
1550 444 1771 491 uyfgesbndert,
1793 461 1829 482 en
1857 436 1918 484 vati

1059 496 1133 525 daar
1155 494 1254 522 wecter
1279 500 1354 522 naar
1368 489 1564 531 Amsterdanz.
1609 491 1710 524 Navis
1727 490 1809 523 salva
1826 493 1935 526 {idve-z

1059 536 1107 566 nit
1123 535 1154 566 in
1170 532 1367 570 Americain,
1394 532 1501 572 ibique
1518 533 1706 563 commercia
1716 541 1846 565 exercet
1855 533 1917 576 sua,
1932 533 1937 541 ’“

1062 578 1091 608 &
1113 576 1161 607 bis
1179 574 1274 605 etiam
1296 573 1423 615 appellit
1447 572 1484 603 ad
1517 572 1647 605 insulam
1668 573 1769 606 Sancti
1793 574 1936 616 jacobis

1061 627 1153 659 quam
1169 614 1303 656 Jamaica
1320 614 1496 656 appellant,
1518 614 1547 645 ὅ(
1565 624 1649 646 nunc
1666 613 1712 646 est
1723 616 1848 648 colonia
1858 617 1920 650 An-

1062 660 1208 700 grown,
1231 665 1270 686 eo
1295 664 1398 687 autem
1416 655 1535 696 appulit
1552 656 1590 686 ad
1608 656 1742 695 cibaria,
1765 657 1794 689 ὅ(
1808 657 1917 690 instru-
1947 689 1950 691 .

1058 708 1162 733 menta
1178 697 1318 740 quaedam
1337 697 1482 733 nautica,
1507 697 1618 736 quibus
1635 697 1811 738 indigebat,
1831 709 1918 732 corn-

1058 741 1201 782 paranda.
1247 738 1321 770 Inde
1335 737 1524 778 postremum
1543 738 1710 779 navigans,
1735 746 1769 771 ut
1786 739 1919 773 Arnster-

1059 784 1182 814 damuin
1207 780 1342 817 rediret,
1364 789 1426 810 non
1443 780 1551 820 procul
1568 778 1606 810 ab
1632 779 1688 810 hac
1705 779 1805 813 Insula
1818 782 1919 823 periit.

1060 824 1309 856 Alsecuratores.
1337 820 1375 851 ad
1389 820 1534 852 damnum
1548 820 1774 853 resarciendum
1787 831 1923 855 conven-

1065 866 1109 904 ti,
1140 872 1255 905 negant
1281 862 1312 894 se
1332 862 1452 899 teneri,
1488 862 1606 902 duplici
1623 863 1769 902 ratione;
1802 863 1922 904 altera,

1064 907 1146 948 quod
1174 905 1277 942 navis,
1304 912 1447 944 tempore
1466 901 1559 935 fastae
1585 903 1835 941 assecurationis.
1857 913 1922 938 non

1065 948 1198 988 amplius
1221 944 1362 986 jacuisset
1385 943 1590 976 Arnsterdami
1608 969 1617 984 ,
1652 944 1702 977 sed
1726 946 1756 977 in
1781 945 1923 978 Statione

992 981 1020 1023 ἓ·
1065 987 1263 1025 Texelienli‚
1284 987 1376 1027 idque
1393 985 1600 1018 instrumento
1616 985 1849 1019 assecurationis
1868 995 1938 1020 ex--
1975 1010 1979 1015 .

1065 1031 1196 1072 pressum
1216 1037 1278 1060 non
1301 1027 1360 1059 else
1374 1050 1382 1064 ‚
1407 1035 1442 1057 ut
1465 1028 1633 1068 oportebat
1652 1037 1690 1058 ex
1706 1028 1834 1060 Statuto
1849 1027 1937 1061 Am?

1065 1068 1291 1104 sterdaznmensi
1318 1078 1368 1106 29.
1391 1068 1456 1108 Jan.
1484 1072 1573 1102 1683.
1619 1068 1747 1107 Altera,
1771 1069 1853 1110 quod
1881 1079 1925 1102 as-

1065 1113 1113 1145 sec
1120 1119 1240 1144 uratum
1254 1110 1327 1141 esset
1342 1116 1375 1149 op
1391 1111 1424 1140 de
1437 1109 1599 1150 Spatansshe
1617 1108 1799 1151 erstindien
1807 1132 1818 1148 ,
1842 1109 1926 1142 Insu-

1066 1155 1126 1185 lam
1143 1161 1248 1184 autein
1259 1174 1267 1188 ‚
1294 1160 1390 1190 prope
1402 1159 1491 1189 quam
1507 1151 1700 1190 naufragium
1717 1160 1782 1184 erat
1795 1151 1925 1191 saelum,

1065 1204 1126 1226 non
1145 1192 1183 1225 ad
1202 1191 1360 1231 Hispanos
1376 1191 1550 1231 pertinere.
1576 1191 1627 1222 seu
1641 1192 1678 1222 ad
1694 1192 1822 1233 Anglos.
1841 1193 1927 1233 judi-

1066 1245 1119 1267 ces
1137 1230 1468 1269 Amsterdammenses,
1485 1232 1535 1263 vel
1549 1240 1726 1274 utramque,
1746 1234 1797 1264 vel
1813 1232 1939 1265 alteru-'

1068 1285 1146 1308 tram
1170 1275 1323 1306 rationem
1341 1273 1527 1313 probantes,
1549 1272 1771 1305 assecuratores
1789 1272 1927 1306 absolve-
1946 1300 1949 1303 ⁴

1066 1327 1157 1355 runt,
1182 1314 1326 1355 Delegati
1350 1313 1476 1355 quidem
1496 1314 1532 1344 ad
1551 1313 1656 1346 causas
1672 1314 1930 1348 assecurationum

1067 1363 1096 1390 6.
1129 1358 1212 1390 Dee.
1251 1359 1339 1393 1696.
1385 1355 1510 1386 Scabini
1536 1365 1613 1386 vero
1648 1365 1673 1387 1.
1708 1354 1795 1387 Nov.
1837 1359 1926 1398 1697.

1067 1399 1219 1432 damnatis
1236 1406 1361 1437 quoque
1377 1396 1532 1427 actoribus
1552 1396 1582 1428 in
1605 1396 1753 1437 expensas
1768 1397 1931 1437 utriusque

1068 1442 1195 1482 judicii,
1222 1438 1272 1469 sed
1289 1438 1385 1484 Cui-ia
1399 1446 1430 1476 5.
1455 1437 1544 1469 Febr.
1575 1447 1664 1480 1703·
1688 1443 1852 1479 utramque
1866 1438 1930 1472 sen-

1069 1483 1197 1514 tentiam
1217 1479 1358 1517 rescidit,
1384 1480 1413 1511 &
1433 1477 1671 1516 assecuratores,
1696 1487 1729 1510 ut
1753 1478 1931 1520 solverent,

1068 1523 1253 1560 damnavit,
1284 1521 1397 1552 additis
1422 1529 1548 1560 quoque
1576 1530 1716 1552 omnium
1738 1520 1932 1562 judiciorum

1068 1564 1226 1606 expensis,
1251 1571 1405 1605 tamquam
1422 1561 1452 1592 in
1468 1571 1501 1592 re
1517 1562 1643 1602 liquida.

1112 1606 1209 1652 Quod
1232 1606 1268 1636 ad
1291 1612 1354 1634 rem
1372 1602 1465 1643 ipsam
1489 1603 1622 1641 attinet,
1644 1602 1754 1642 justior
1776 1612 1841 1637 erat
1866 1604 1930 1638 Cu-

1067 1649 1121 1680 riae
1141 1671 1150 1686 ,
1202 1656 1271 1677 uam
1296 1643 1639 1676 Amsterdammensium
1663 1645 1814 1678 sententia
1829 1669 1839 1685 ‚
1864 1647 1932 1687 quis

1068 1693 1151 1721 enim
1193 1698 1269 1719 anus
1292 1685 1522 1723 adfirmaverit,
1546 1685 1730 1723 Texeliam,
1750 1697 1819 1729 quae
1843 1697 1931 1719 reve-

1068 1741 1100 1763 ra
1118 1730 1162 1762 est
1185 1728 1275 1761 statio
1302 1727 1448 1765 navium,
1472 1736 1539 1767 quae
1560 1726 1771 1760 Amstcrdamo
1793 1729 1931 1768 abeunt,

1071 1781 1123 1804 aut
1143 1781 1182 1802 eo
1199 1770 1347 1808 redeunt,
1367 1777 1430 1800 non
1448 1768 1563 1800 censeri
1579 1770 1666 1800 ander
1678 1770 1710 1800 de
1727 1771 1934 1812 circumjacen-

1073 1816 1134 1845 tien
1157 1822 1219 1844 van
1248 1809 1460 1850 Aiiisterdam‘.)
1486 1809 1566 1841 Illud
1581 1819 1686 1841 autem
1703 1810 1861 1843 Statutum
1879 1821 1929 1849 29.

1073 1856 1140 1896 jan.
1169 1858 1260 1888 1688.
1287 1852 1364 1884 nihil
1380 1851 1464 1882 aliud
1485 1851 1582 1888 dicit,
1606 1860 1696 1892 quam
1717 1852 1768 1892 qui
1792 1861 1885 1886 naves
1901 1853 1933 1885 &

1074 1905 1215 1933 merces,
1236 1895 1297 1934 jain
1323 1891 1496 1934 profectas,
1519 1892 1687 1924 assecurare
1708 1901 1813 1934 curat,
1837 1893 1935 1926 etiam

1076 1946 1185 1969 curare
1212 1943 1382 1977 oportere,
1405 1942 1440 1965 ut
1461 1934 1492 1964 id
1514 1933 1630 1974 ipsum.
1653 1934 1682 1965 ἀ
1710 1936 1834 1975 quando
1860 1943 1934 1976 pro-

1074 1978 1166 2010 fetlae
1182 1977 1254 2010 sint.
1283 1974 1491 2007 instrumento
1512 1974 1747 2007 assecurationis
1764 1975 1932 2015 inseratur,

1076 2020 1159 2061 quod
1178 2018 1269 2050 valde
1283 2017 1416 2049 alienum
1431 2014 1476 2046 est
1492 2015 1530 2046 ab
1549 2015 1606 2047 hac
1623 2015 1742 2057 specie,
1766 2017 1787 2048 fi
1809 2015 1862 2049 sub
1880 2025 1933 2057 ap-

1075 2061 1243 2103 pellatione
1258 2056 1458 2090 Amsterdami
1471 2057 1566 2089 etiam
1577 2056 1712 2090 Texelia
1729 2057 1936 2096 comprehen-

1075 2103 1176 2134 datur.
1223 2100 1310 2147 Quin
1331 2097 1429 2131 exstat
1447 2097 1530 2129 aliud
1547 2099 1705 2131 Statutum
1733 2098 1938 2132 Amstcrdam-

1077 2143 1182 2175 inense
1210 2153 1260 2184 23.
1280 2142 1346 2186 Jan.
1370 2142 1460 2176 1699.
1483 2140 1566 2180 quod
1590 2149 1696 2180 aperte
1720 2140 1831 2172 desinit
1850 2162 1861 2179 ‚
1883 2149 1936 2183 ap·
1960 2143 1963 2145 ’

1075 2185 1245 2226 pellatione
1270 2182 1402 2214 Urbium
1413 2202 1424 2218 ,
1447 2189 1485 2212 ex
1512 2181 1624 2221 quibus
1645 2191 1738 2213 naves
1756 2190 1936 2224 mercesque

1075 2225 1226 2267 prosestae
1246 2224 1334 2262 sunt,
1360 2222 1454 2253 etiam
1479 2231 1590 2262 portus
1614 2223 1643 2254 δε
1671 2221 1819 2255 stationes
1835 2222 1938 2255 conti-

1076 2268 1152 2298 neri.
1200 2266 1274 2297 Erat
1300 2264 1424 2304 quidem
1451 2261 1641 2303 postremum
1671 2264 1746 2296 illud
1779 2258 1941 2296 statutum

1076 2308 1133 2339 hac
1156 2306 1380 2339 assecuratione
1406 2304 1576 2345 posterius,
1600 2303 1649 2336 scd
1677 2315 1770 2346 quum
1787 2305 1866 2337 nihil
1887 2304 1940 2345 de·
1987 2295 2008 2336 ‚⁴

1076 2350 1191 2388 clai-et,
1214 2357 1304 2388 quam
1326 2347 1377 2387 jus
1393 2355 1580 2384 commune,
1605 2355 1712 2386 portus
1734 2355 1862 2387 nempe,
1887 2354 1937 2385 ur-

1075 2391 1166 2422 bibus
1188 2390 1402 2425 adliaerentcs,
1425 2387 1633 2428 appellatione
1664 2387 1784 2418 urbium
1808 2385 1936 2425 venire,

1077 2432 1172 2463 inii-oi·
1188 2430 1277 2462 fuisse
1294 2429 1435 2461 homines
1455 2429 1684 2469 Pragmaticos,
1706 2427 1756 2464 qui
1777 2427 1806 2458 in
1825 2426 1881 2458 hac
1902 2426 1938 2459 li-

1078 2481 1109 2504 te
1128 2470 1337 2505 testabantur.
1361 2470 1624 2506 asl'ecurationes,
1647 2467 1847 2499 Amsttrdami
1871 2466 1936 2500 fac-

1080 2522 1145 2552 tas,
1171 2514 1281 2553 utique
1300 2511 1361 2543 esse
1384 2511 1503 2549 nullas,
1528 2510 1549 2542 si
1571 2510 1608 2540 ii's
1629 2507 1776 2540 inscitum
1796 2517 1856 2540 non
1877 2508 1938 2548 sit,

1079 2564 1190 2587 navem
1208 2555 1267 2594 jain
1299 2553 1330 2584 in
1347 2552 1479 2583 Texelia
1505 2552 1624 2590 jacere,
1647 2551 1674 2580 Gt
1697 2550 1792 2590 inagis
1819 2551 1936 2590 miror,

1079 2596 1231 2627 Scabinos
1249 2591 1572 2629 Amsterdammenses,
1597 2599 1630 2622 ut
1648 2599 1709 2632 prae
1727 2590 1757 2622 se
1775 2589 1938 2631 ferebant,

1080 2638 1175 2668 etiam
1193 2637 1223 2667 in
1241 2636 1308 2667 aliis
1327 2634 1422 2665 caufis
1437 2633 1480 2663 ita
1494 2631 1649 2672 judicasse.

1119 2677 1261 2710 Secunda
1284 2675 1521 2710 assecuratorum
1554 2673 1634 2704 ratio
1659 2672 1737 2704 1111111
1761 2673 1858 2716 magis
1885 2682 1937 2706 va·

1079 2719 1154 2756 luit,
1178 2727 1247 2749 nam
1267 2717 1317 2757 qui
1336 2715 1414 2747 dicit
1435 2714 1595 2756 Spaanst·he
1614 2712 1816 2755 lVeflindc'm',
1840 2715 1934 2747 intel-

1079 2760 1149 2799 ligit
1166 2758 1342 2790 Annei-icam
1354 2781 1361 2793 ‚
1386 2756 1475 2795 cujus
1493 2757 1624 2788 maxima
1643 2766 1710 2796 pars
1725 2756 1761 2787 ad
1780 2755 1938 2796 Hispanos

1078 2800 1215 2841 pertinet
1229 2820 1240 2836 ,
1264 2798 1360 2830 insula
1379 2805 1482 2828 autem
1507 2797 1640 2836 Jamaica
1659 2797 1712 2829 sita
1731 2794 1775 2828 est
1791 2796 1820 2827 in
1837 2797 1938 2829 media
1984 2780 2008 2830 [⁷

1079 2841 1230 2872 Amcriea.
1262 2838 1388 2870 Paetum
1403 2847 1550 2885 quoque,
1573 2838 1676 2870 navim
1692 2837 1846 2878 adpellere
1865 2847 1937 2880 pos-
1988 2856 1994 2867 -.

1080 2882 1109 2913 se
1131 2883 1169 2912 aci
1193 2890 1288 2911 onmes
1314 2878 1423 2918 insidiis
1440 2901 1449 2916 ,
1474 2882 1535 2911 line
1565 2879 1627 2911 ulla
1651 2877 1846 2911 distinetione
1862 2902 1872 2917 ,
1896 2879 1937 2913 ad

1078 2922 1214 2963 Anglos,
1238 2930 1274 2952 an
1293 2922 1329 2951 ad
1347 2921 1425 2952 alios
1438 2922 1641 2961 pertinerent.
1685 2919 1795 2959 Aiebat
1811 2920 1939 2960 quidem
1984 2906 1995 2931 '²

1079 2964 1166 2995 turba
1183 2961 1242 2994 Xl.
1269 2961 1486 2993 Mercatoruin
1510 2959 1868 2999 Ainsterdamniensium,
1892 2971 1938 2994 as.

1079 3004 1273 3036 securatione
1290 3002 1368 3034 satta
1384 3009 1416 3042 op
1432 3005 1465 3034 cle
1483 3003 1644 3044 Spaansche
1665 2998 1844 3042 chsssli'na'ien
1858 3001 1936 3036 Hol-

1079 3045 1174 3077 landis
1192 3044 1345 3084 integrum
1364 3053 1427 3075 non
1444 3043 1504 3074 esl'e
1522 3045 1558 3075 ad
1576 3043 1740 3084 jamaicam
1756 3042 1935 3088 adpellere,
1980 3043 1996 3068 ’ἶ

1078 3087 1108 3119 &
1127 3086 1167 3117 ibi
1191 3086 1382 3118 commercia
1399 3085 1450 3117 sua
1464 3094 1608 3118 exercere
1618 3094 1629 3125 3
1658 3084 1742 3126 quod
1756 3082 1801 3115 est
1819 3083 1932 3118 verim.
1964 3112 1966 3123 ,,
1988 3077 1991 3081 ’

1830 3134 1935 3169 mum,
