2008 3436
178 114 220 155 78
443 103 844 141 coniverit

175 188 256 220 male
270 186 442 218 Pannonius
463 186 581 218 Avitus
597 184 755 226 quondam
774 183 956 225 legebatur,
981 192 1041 214 nec

175 238 255 269 opus
269 237 336 259 erat
353 228 383 259 id
398 232 520 259 mutare
535 228 565 260 in
590 228 778 259 Pannonium
802 226 956 262 Avitum,
989 224 1042 256 vel

171 270 384 310 Pomponium,
405 269 477 309 vel,
503 278 538 302 ut
555 269 697 302 Alciatus
717 268 756 298 L.
774 267 844 298 VII.
871 267 945 298 Par.
963 266 1040 307 Jur-

173 312 206 342 C.
228 316 275 343 16.
301 310 424 353 &post
445 320 517 343 eum
539 311 689 343 Muretus
719 310 757 340 L.
775 308 813 340 H.
844 307 940 349 Epist.
957 312 984 338 6.
1010 308 1042 339 in

171 352 211 384 P.
229 353 409 385 Antonium.
464 352 611 384 Pantonii
635 360 750 382 nomen
779 348 872 380 fuill'e
896 349 1043 381 usitatum

174 393 276 436 liquet
300 405 340 427 ex
363 394 569 435 inscriptione
600 393 620 424 l.
639 403 667 424 2.
691 393 723 424 C.
741 399 796 431 pro
820 392 883 421 Soc.
911 392 939 421 ἃ
963 390 1040 421 Pan-

174 437 264 467 tonia
280 438 375 469 etiam
395 432 440 468 est
463 435 543 476 apud
570 433 744 465 Gruterum
766 440 797 472 p.
822 429 1040 464 DCCXVHI.

172 476 229 508 nifi
246 478 276 509 ὅς
294 478 466 519 utrobique
487 476 634 506 mendum
652 473 713 506 effe
732 474 837 514 fingas.
1012 513 1017 518 Ι

219 519 339 551 Claudii
362 519 546 551 Hieroniani
566 524 681 547 nornen
712 516 792 556 apud
816 514 987 555 Ulpianum
1010 522 1041 544 in

173 559 194 591 l.
219 570 266 592 12.
291 561 319 602 §.
333 571 386 601 40.
404 561 453 598 ff.
478 561 512 589 de
530 557 686 597 Insir2vel
700 555 789 594 infir.
810 556 864 596 leg.
879 555 1040 585 variemu-

173 610 275 634 tatum
296 602 350 635 est.
396 598 578 634 Haloander
602 598 699 639 legit,
726 598 872 628 Claudius
891 595 1041 636 Hierony-

168 646 308 676 ·mz‘anus:
330 653 394 685 quo
417 642 545 673 nomine
570 640 702 671 Veteres
727 638 788 670 ess'e
810 636 882 669 usos
900 647 964 668 non
979 646 1041 682 me-

172 685 259 717 mini.
307 685 370 717 Alii
396 684 545 715 Editor-es
570 681 813 718 Hermonianas,
839 680 869 710 &
895 677 1044 718 Cujaclus

171 725 214 759 L.
237 726 259 758 Ι.
287 726 417 762 Observ.
448 725 480 755 C.
505 727 558 757 28.
594 722 830 754 Herminianus.
885 719 956 765 Ego
979 728 1044 749 non

171 767 306 800 dixerim
318 762 349 798 in
370 767 553 798 Hieroniani
574 764 702 795 nomine
720 763 887 805 quicquam
906 760 1042 791 essemu-

172 809 321 847 tandum,
356 815 387 839 at
411 808 432 840 fi
457 806 640 838 mutandum
659 803 754 844 esset,
780 813 841 836 non
867 803 1042 834 incommo-

171 851 246 881 dum
272 850 428 891 legeretur
454 848 691 882 Herennianum
713 846 743 877 in
771 843 867 877 Fastis
890 851 1041 891 memora-

173 900 224 923 tur
256 891 475 923 Herennianus
505 890 613 928 Consul
640 887 694 920 sub
722 887 771 918 M.
799 886 985 923 Antonine,
1013 884 1043 914 et

171 932 371 964 Herenniano
385 930 567 973 rescripliffe
592 931 738 971 leguntur
762 926 840 959 Divi
865 925 988 957 Fratres
1013 933 1042 955 a-

173 974 237 1016 pud
252 974 385 1006 eundem
405 974 574 1015 Ulpianum
592 972 624 1003 in
651 973 670 1001 l.
690 974 718 1001 6.
745 971 773 1015 §3
800 979 821 999 1.
840 969 888 1014 ff.
918 970 951 1013 cle
971 966 1042 1011 Ma·

175 1025 238 1046 ner.
261 1015 297 1050 ὅ)
313 1018 413 1047 honor.
439 1015 492 1056 qui
518 1013 737 1045 Herennianus
764 1021 795 1042 in
817 1018 954 1050 antiquis
972 1007 1045 1039 Edi-

175 1057 316 1089 tionibus
331 1065 458 1099 quoque
473 1063 606 1088 vocatur
624 1055 768 1085 Claudias
943 1091 948 1096 ¹

218 1098 390 1130 Florentiae
416 1100 448 1130 in
471 1099 491 1128 i.
511 1100 559 1129 26.
577 1096 626 1136 ff.
650 1099 683 1126 de
703 1095 797 1135 Oper.
817 1093 916 1124 libert.
940 1099 985 1122 ita
1002 1090 1043 1121 le-

175 1140 276 1181 gitur:
302 1140 442 1172 Medicus
466 1141 594 1170 libertas
610 1162 619 1173 ,
649 1139 724 1178 quod
739 1143 882 1176 putaret,
898 1132 926 1182 fi
943 1134 1046 1163 liberii

166 1183 221 1223 jai
237 1183 412 1213 medicinam
426 1192 482 1213 non
492 1183 629 1220 facerent
642 1203 650 1215 ,
673 1180 766 1209 inulta
777 1178 880 1218 plnres
896 1182 1044 1215 imperan—

176 1229 221 1256 tes
234 1222 295 1264 fibi
314 1226 509 1264 habiturum,
532 1220 721 1264 postulabat,
743 1227 777 1252 uc
792 1216 1046 1261 sequeremarfie,

779 1313 806 1348 C
857 1311 890 1346 A
938 1309 964 1345 P
1013 1308 1048 1343 U

471 1402 514 1438 L.
543 1414 574 1449 3.
603 1398 641 1437 ff.
668 1401 704 1437 Si
732 1411 811 1447 pars
836 1397 964 1435 haered.
993 1403 1064 1443 pet.

911 113 1018 139 VAN

204 1498 216 1501 ⁹
249 1499 313 1532 'um
332 1501 435 1542 agitur
447 1501 562 1541 dejure
577 1499 698 1532 ventris
714 1495 930 1531 conservando
941 1520 951 1536 ,
964 1504 1046 1536 quae-

283 1542 308 1573 ri
327 1541 408 1574 solet
427 1542 466 1573 de
482 1551 612 1574 numero
628 1541 794 1582 puerperii.
841 1538 883 1570 Et
908 1537 952 1569 ait
973 1537 1047 1582 Pau-

177 1587 226 1618 lus
253 1587 285 1618 in
317 1585 345 1614 d.
368 1584 387 1614 l.
404 1595 433 1625 3.
463 1594 528 1615 eam
555 1592 619 1614 rem
650 1592 713 1613 non
739 1581 800 1613 esse
820 1605 829 1620 ,
862 1588 933 1621 quae
953 1577 1048 1610 facile

177 1627 270 1669 poffit
287 1625 428 1663 definiri3
453 1624 525 1667 post
539 1624 599 1655 alia
619 1631 723 1655 autem
738 1623 780 1655 sic
798 1622 884 1654 infit:
922 1619 983 1652 Ubi
1005 1629 1048 1650 eo-

178 1672 243 1701 dem
262 1668 447 1710 gradasunc
471 1667 591 1705 ccelerz',
620 1675 675 1707 qno
690 1664 726 1699 ὃ)
739 1672 847 1696 venter
861 1686 869 1699 ,
894 1669 966 1693 tnnc
986 1669 1049 1702 quae

175 1713 272 1753 porcio
304 1712 337 1741 in
348 1710 488 1750 suspenso
513 1707 565 1748 effe
591 1709 694 1739 debeat
714 1731 724 1746 ,
754 1705 958 1748 quaefiernncg
986 1705 1049 1751 ideo

177 1755 251 1793 qaia
272 1762 330 1783 non
348 1752 603 1791 poterantscirn
636 1755 707 1790 quot
726 1750 805 1789 nas‘cz'
820 1745 961 1789 poffimt:
985 1747 1048 1793 ideo

177 1806 247 1827 nain
270 1794 367 1825 malla
389 1795 422 1824 de
446 1792 616 1835 hujusmodi
634 1802 665 1822 re
681 1797 742 1821 tarn
755 1791 845 1821 varia
862 1788 897 1823 &³
919 1789 1047 1819 incredz-

177 1838 251 1868 bilia
271 1837 438 1867 credantur
452 1859 460 1872 ‚
493 1833 656 1874 utfahnlis
675 1835 923 1863 aanmnerentar.
967 1828 1048 1861 Haec

178 1878 292 1915 verba,
319 1885 465 1918 tanquam
482 1876 544 1907 sine
570 1874 737 1915 scrupulo,
763 1874 800 1904 ab
820 1870 1048 1917 Interpretibus

176 1919 244 1951 fere
259 1918 354 1950 video
371 1917 561 1954 transmitti,
588 1915 637 1946 sed
664 1914 791 1946 Latinas
810 1924 898 1945 aures
914 1912 1048 1944 ostendit

177 1961 257 1993 illud
280 1959 397 2000 duplex
424 1961 508 1995 irteo,
531 1956 638 1989 nescio
663 1957 757 1987 etiam
789 1966 852 1997 quo
886 1953 992 1999 sensu,
1018 1953 1048 1984 δε

177 2002 336 2034 cumulata
358 2001 427 2031 haec
449 2000 572 2031 locutio
592 1999 653 2028 ideo
668 2007 757 2035 nain,
782 1997 857 2038 quid
877 1993 1046 2042 propriefi-

177 2043 208 2075 bi
226 2043 324 2081 velit,
348 2042 443 2072 ctiam
459 2051 522 2072 non
542 2039 697 2079 intelligo.
743 2039 843 2078 Sunt,
862 2047 913 2077 qui
927 2037 1046 2077 legunt,

177 2088 240 2116 ideo
265 2085 360 2125 qaod,
394 2082 445 2114 sed
473 2092 530 2114 nec
560 2081 603 2112 ita
626 2079 826 2121 defungimur
850 2078 1046 2110 difficultate.

178 2125 378 2158 Halo-ander:
405 2124 440 2158 ὅ)
458 2127 527 2164 qnia
547 2133 603 2153 non
621 2122 867 2162 poterantscire.
893 2144 899 2151 .
922 2144 928 2151 .
955 2143 961 2150 .
986 2120 1047 2150 ideo

177 2168 275 2199 nialla
290 2169 324 2203 <le
341 2167 511 2206 hujusmodi
525 2176 556 2195 re
575 2164 639 2198 &a
663 2164 782 2204 optima
809 2161 981 2206 sententia,
1018 2161 1048 2205 {Sc

177 2210 309 2241 omnino
327 2208 504 2249 probanda,
530 2206 551 2238 fi
571 2215 635 2236 non
652 2214 669 2235 a
688 2204 786 2235 Libro
806 2204 992 2235 Florentino
1002 2211 1046 2232 ni-

177 2252 276 2283 mium
302 2249 472 2281 recederet.
518 2248 622 2287 Magis:
647 2246 791 2283 accedet,
818 2244 855 2284 si,
881 2246 966 2285 quod
992 2243 1045 2273 du-

178 2293 251 2324 dum
277 2290 428 2330 fecimus,
462 2290 492 2321 &
521 2289 595 2320 dum
625 2287 692 2318 haec
713 2286 832 2325 scribo,
857 2286 951 2316 video
968 2294 1044 2333 quo-

177 2343 238 2375 que
256 2331 364 2363 feciii'e
381 2330 576 2364 Desiderium
594 2328 765 2360 Heraldum
790 2328 917 2368 Oaserv.
948 2325 983 2360 ὣ)
1005 2326 1046 2357 E·

177 2376 308 2406 mendat.
341 2374 411 2413 Cap.
431 2371 595 2406 XXXIX.
630 2379 687 2410 pro
711 2371 791 2407 ideo,
814 2370 898 2411 quod
928 2366 1046 2414 postre-

177 2425 263 2448 mum
278 2415 420 2446 occurrit
432 2438 442 2454 ,
467 2411 671 2444 rescribamus
687 2413 755 2442 adeo
767 2435 776 2449 ‚
800 2410 888 2442 sensu
914 2409 1044 2450 liquide.

177 2458 231 2490 Sin
249 2465 354 2488 autem
381 2466 445 2487 non
476 2453 575 2492 feras,
591 2467 628 2489 ,π
647 2463 718 2484 nam
736 2452 882 2494 postponi
901 2455 937 2487 τῷ
957 2453 1024 2482 adeo
1036 2473 1046 2488 ‚

177 2508 233 2541 per
250 2507 300 2529 inc
320 2497 396 2529 licet
421 2497 504 2538 legas
535 2504 682 2535 τωτηᾳῐιε,
704 2496 756 2527 vel
776 2504 844 2525 nain
864 2502 1047 2534 praeponas,

177 2547 213 2572 ut
231 2538 311 2580 saepe
328 2548 425 2569 voces
444 2545 647 2569 commutata:
663 2535 859 2577 summeque
876 2535 957 2565 enim
971 2540 1047 2571 tam,

179 2581 264 2623 quod
288 2579 338 2610 hic
356 2578 511 2611 Heraldus
527 2578 670 2618 reponit,
695 2577 770 2609 milii
797 2575 981 2618 probabitur
993 2585 1047 2606 un-

177 2631 292 2664 quam,
315 2619 539 2691 cumulatissfic
556 2619 673 2650 duabus
690 2618 824 2649 vocibus
838 2617 974 2657 ejusdem
984 2617 1048 2658 pla-

177 2673 218 2694 ne
253 2660 426 2703 potestatis.
503 2660 568 2691 llud
604 2661 792 2691 incredibilia
809 2662 976 2690 credantur
1005 2657 1050 2689 est

177 2713 304 2745 quoque
312 2702 535 2735 duriusculum.
548 2700 743 2733 Haloander:
754 2701 944 2733 incredibilia
955 2702 1048 2732 tradi-

179 2751 308 2777 derant.
336 2744 508 2782 Hei-aidus,
535 2745 722 2780 traduntur3
743 2753 802 2784 pro
821 2745 988 2774 credantur
1015 2752 1047 2772 u-

182 2787 268 2827 tique
290 2785 417 2818 facilius
437 2785 593 2826 legeretur
608 2785 761 2824 ferantur
782 2809 789 2820 ‚
812 2784 864 2816 sed
886 2784 969 2815 malo
989 2783 1047 2815 ser-

179 2834 270 2867 ¹vare,
295 2836 387 2868 quam
408 2834 530 2857 mutare
548 2825 656 2857 duram
681 2825 895 2857 locutionem:
921 2834 983 2856 non
1000 2834 1048 2855 eu-

179 2868 249 2899 dem
266 2868 385 2909 semper
402 2867 433 2899 in
452 2866 669 2907 Scriptoribus
689 2865 733 2898 est
746 2866 817 2908 styli
835 2866 1005 2897 accuratio.

222 2909 329 2950 Pergit
347 2908 478 2940 Paulus:
504 2909 588 2940 Nam
605 2909 754 2940 traditum
777 2907 842 2948 est,
865 2907 901 2941 &²
922 2915 1050 2948 quatuor

178 2952 297 2989 pariter
318 2951 434 2990 puellas
448 2960 467 2981 a
488 2950 724 2990 matrefamilias
745 2957 833 2982 natas
851 2948 919 2989 effe.
964 2950 1046 2979 Alio·

182 2991 255 3030 quin
270 2993 421 3023 tradidere
437 3002 493 3023 non
509 2992 588 3023 leves
607 2991 756 3023 statiores
774 3015 783 3030 ‚
806 2991 966 3032 quinquies
975 3000 1048 3031 qna-

181 3038 282 3062 ternos
303 3036 425 3064 enixam
450 3032 619 3073 Peloponefi
635 3057 645 3071 ,
691 3035 801 3064 multas
833 3032 963 3072 AQQWMT
991 3041 1049 3063 nno

181 3074 420 3112 uteroseplenos.
465 3074 549 3119 Quia
569 3074 604 3105 ad
621 3075 701 3106 hanc
724 3074 762 3106 L.
786 3073 978 3116 spicilegium
997 3074 1047 3104 da-

181 3122 271 3150 mus,
303 3123 366 3145 non
391 3115 660 3148 Commentarium
677 3140 686 3155 ‚
720 3115 757 3147 ad
781 3115 849 3146 liaec
868 3115 962 3145 verba
987 3115 1045 3153 lergi

182 3152 326 3193 possunt,
360 3163 430 3194 quae
457 3155 575 3195 scripsit
601 3156 709 3188 Guido
732 3156 914 3187 Panciroiw:
942 3156 980 3186 l..
1005 3147 1043 3187 H.

183 3194 314 3226 Variar.
338 3194 425 3227 Lea.
450 3196 482 3228 C.
501 3206 551 3236 ρῑ.
585 3197 718 3229 Carolus
738 3196 873 3230 Annibal
890 3196 1045 3229 habronis

1081 100 1692 138 BYNKERSHOEK

1085 191 1178 222 neque
1193 188 1264 223 opas
1275 182 1418 222 facerent
1430 205 1438 216 ,
1461 180 1490 211 δε
1503 190 1571 221 quae
1589 180 1769 222 sequuntur.
1815 180 1952 216 Absorda
1994 208 1997 218 ,

1086 222 1130 255 est
1157 223 1261 254 oratio
1285 223 1323 254 de
1347 222 1480 254 Medico
1504 222 1636 261 liberto,
1662 222 1715 263 qui
1739 223 1869 254 libertos
1881 224 1950 256 Me-

1085 265 1174 296 dicos
1196 264 1313 295 habet:
1348 273 1416 304 qum
1444 264 1526 294 ratio
1553 262 1596 295 est
1613 287 1622 302 ,
1655 263 1741 304 quod
1759 264 1788 295 in
1811 263 1952 305 vulgatis

1086 305 1190 338 Libris
1209 305 1328 347 legatur
1345 314 1408 336 non
1427 305 1566 336 Μαικία
1582 305 1725 343 liberius,
1748 304 1799 336 sed
1813 305 1950 339 Meaicus

1082 353 1232 388 patronas
1244 371 1251 384 ‚
1278 346 1363 387 quod
1381 353 1501 377 tantum
1522 346 1587 378 abit
1605 356 1622 378 a
1639 346 1737 378 Libro
1756 345 1952 387 Florentino,
2002 349 2004 355 “

1087 395 1140 427 ut,
1177 387 1300 420 servato
1327 387 1464 425 Medico,
1486 388 1611 419 mallem
1638 389 1777 419 libertam
1794 386 1952 420 exscinde-

1086 439 1137 468 re,
1172 439 1264 470 quam
1291 430 1334 460 ita
1360 429 1461 469 legere
1490 430 1540 461 vel
1562 429 1673 468 edere,
1700 430 1792 471 idque
1809 439 1849 461 cx
1868 427 1952 468 sola,

1086 472 1117 503 ni
1136 468 1250 510 fallor,
1278 470 1465 509 conjectura.
1492 470 1523 501 Si
1542 472 1661 502 lzbertos
1676 470 1879 503 rescribamus
1896 480 1953 512 pro

1086 514 1237 549 libertas,
1271 509 1410 543 sublistet
1440 513 1565 553 quidem
1591 511 1769 553 sententia,
1803 512 1854 544 sed
1882 512 1953 553 quia

1086 564 1163 586 mox
1188 552 1327 594 sequitur
1355 553 1544 592 libertisai,
1568 555 1757 585 inconcinna
1784 554 1814 585 &
1835 554 1953 594 ingrata

1086 596 1146 627 erit
1169 595 1235 626 haee
1257 594 1425 635 repetitio,
1459 595 1568 636 utique
1589 596 1714 637 indigna
1735 595 1862 626 auetore
1877 594 1954 634 suo,

1087 636 1233 677 Alpheno
1250 635 1344 667 Varo.
1393 635 1573 676 Caeterum,
1605 646 1676 677 quia
1701 637 1822 668 Liberii
1837 645 1953 668 nomen

1087 677 1168 716 apud
1184 674 1345 708 Romanos
1365 676 1543 717 usurpatum
1561 679 1642 718 legi,
1666 678 1733 710 fere
1749 677 1887 709 adducor
1898 685 1954 716 ‚ut

1088 718 1230 756 credam,
1264 727 1322 758 pro
1346 717 1488 749 Medicas
1513 720 1655 751 Libertas
1672 719 1868 751 scribendum
1893 717 1955 750 esse

1089 760 1230 791 Medicas
1250 760 1392 790 Liberius
1409 783 1417 797 ‚
1445 759 1478 790 T.
1503 761 1544 792 fic
1567 769 1690 792 mutato
1717 762 1749 793 in
1768 761 1792 793 l.
1816 760 1954 802 proclivi

1087 801 1180 833 vitio.
1205 800 1307 833 Simili
1330 801 1471 840 ratione,
1497 801 1547 833 sed
1567 802 1708 843 opposita
1723 802 1952 840 emendatione,

1086 843 1258 875 Publicium
1269 842 1470 873 Rirtzmarnm
1479 843 1636 875 Liberium
1648 869 1656 880 ,
1680 844 1764 884 quod
1783 853 1899 881 nornen
1908 842 1955 874 cst

1088 886 1118 916 in
1129 883 1338 925 Inscriptione
1349 884 1428 925 apud
1439 883 1610 917 Gruterum
1616 883 1954 926 pagCCLVHIMar-

1087 926 1220 967 quardus
1239 924 1379 964 Gudius,
1404 935 1521 966 nupera
1542 927 1711 967 Editione,
1736 934 1837 958 mutat
1847 927 1878 958 in
1895 927 1956 959 Pu·
1991 954 1994 956 ,

1088 968 1209 999 eliciam
1226 966 1427 998 Fortunatam
1444 967 1626 1006 Libertznn3
1653 979 1712 1001 nec
1736 968 1954 1010 repugnarim,

1090 1009 1111 1041 si
1135 1009 1173 1039 de
1198 1008 1376 1040 necestitate
1403 1010 1559 1041 mutandae
1580 1011 1724 1042 lectionis
1740 1009 1817 1041 nain
1835 1008 1954 1042 consta-

1089 1057 1155 1089 ret,
1181 1049 1442 1091 quemadmodum
1457 1060 1539 1082 nunc
1556 1061 1619 1083 non
1636 1051 1767 1084 constat.
1813 1050 1869 1083 Est
1885 1052 1956 1083 &a-

1090 1091 1156 1123 liud
1176 1091 1207 1123 in
1226 1091 1330 1122 verbis
1354 1093 1382 1122 d.
1404 1092 1423 1122 l.
1447 1097 1497 1122 26.
1522 1102 1590 1133 qua:
1609 1093 1852 1134 repraesentavi,
1871 1093 1957 1134 quod

1089 1133 1170 1163 male
1199 1132 1292 1164 habet
1321 1131 1510 1174 interpretes
1524 1157 1533 1172 ,
1566 1133 1617 1165 sed
1640 1144 1696 1166 cur
1712 1136 1791 1167 male
1808 1133 1957 1175 haberet,

1088 1174 1170 1205 ratio
1190 1184 1253 1205 non
1270 1173 1343 1204 fuit.
1389 1173 1432 1206 At
1449 1176 1521 1215 quia
1539 1175 1616 1206 illud
1636 1176 1672 1206 ad
1690 1177 1816 1208 nomina
1831 1176 1957 1218 propria
1984 1202 1987 1203 ν

1089 1224 1153 1246 non
1170 1216 1308 1256 pertinet
1320 1238 1329 1253 ‚
1357 1223 1479 1246 tantum
1496 1226 1560 1247 non
1577 1216 1738 1258 digrediar.

1099 1305 1134 1340 T
1237 1305 1360 1341 V111.

1089 1396 1180 1431 varie
1208 1395 1373 1431 emendata
1398 1393 1440 1436 ὅ)
1466 1398 1640 1443 explicata.

1092 1492 1310 1534 Differtatione
1321 1495 1372 1532 ,de
1387 1493 1523 1526 Numero
1534 1496 1711 1536 puerperii,
1729 1495 1782 1536 qui
1797 1503 1856 1536 pro
1871 1495 1958 1536 quin·

1093 1539 1176 1578 quies
1208 1543 1369 1576 quaternos
1387 1534 1633 1569 substituendum
1654 1536 1716 1568 css'e
1731 1539 1836 1578 quinos
1850 1544 1959 1578 quater

1092 1588 1132 1608 ex
1152 1577 1257 1608 Plinio
1282 1578 1319 1608 L.
1337 1577 1409 1610 VII.
1436 1578 1467 1609 C.
1487 1588 1518 1617 53.
1541 1578 1672 1620 aliisque
1685 1588 1749 1610 non
1765 1579 1961 1620 ineleganter.

1092 1619 1239 1657 monuit,
1264 1618 1314 1651 sed
1332 1619 1470 1651 monitus
1485 1619 1572 1651 forte
1587 1628 1660 1651 ante
1679 1629 1696 1650 a
1712 1619 1852 1651 Pamelio
1864 1620 1894 1652 &
1909 1620 1959 1662 Ju-

1091 1660 1146 1692 nio
1164 1661 1201 1691 ad
1224 1660 1448 1693 Tertullianum
1465 1662 1499 1693 de
1515 1661 1620 1693 Anim.
1640 1662 1671 1693 C.
1689 1660 1744 1693 VI.
1777 1662 1831 1704 qui
1858 1661 1888 1693 ὃς
1903 1661 1959 1703 ipfi

1091 1703 1136 1733 ita
1151 1702 1271 1743 legunt.

1133 1744 1281 1784 Sequitur
1289 1743 1370 1785 apud
1380 1745 1508 1777 Paulum
1521 1745 1575 1786 sed
1592 1744 1628 1780 fi?
1643 1747 1820 1785 tergeminos
1835 1746 1959 1777 Senato-

1090 1795 1139 1816 res
1149 1787 1260 1816 cinctos
1270 1789 1402 1818 vidimus
1412 1788 1567 1819 Horatios.
1585 1788 1684 1819 Valde
1692 1787 1904 1828 conspiratum
1915 1787 1962 1818 est

1091 1827 1122 1858 in
1142 1836 1253 1868 necem
1272 1827 1384 1859 horum
1397 1828 1575 1860 verborum.
1630 1829 1672 1860 Et
1691 1828 1833 1869 quznnvis
1849 1828 1959 1860 decan-

1093 1875 1193 1899 tatum
1221 1869 1251 1900 in
1279 1868 1420 1900 Historia
1448 1870 1588 1901 Romana
1606 1869 1642 1901 fit
1659 1869 1838 1911 exemplum
1858 1868 1959 1901 Hora-

1093 1910 1209 1941 tiorum
1230 1909 1525 1952 Curiatiorumquc‚
1561 1919 1664 1944 tamen
1683 1921 1746 1942 non
1767 1911 1885 1952 patitur
1907 1911 1959 1942 hic

1091 1951 1237 1983 Horatios
1258 1950 1322 1993 ipse
1343 1952 1500 1992 Cujacius.
1548 1952 1647 1994 Igitur
1675 1960 1818 1993 tanquam
1836 1951 1958 1984 Gloffe-

1090 2003 1140 2024 ma
1157 1993 1260 2032 delet,
1285 2002 1344 2034 pro
1360 1995 1471 2025 cinctos
1488 2003 1640 2035 reponens
1655 1995 1772 2025 Cincios
1784 2018 1793 2030 ‚
1818 1994 1890 2034 quia
1902 1991 1959 2024 sci-

1091 2035 1168 2065 licet
1194 2034 1309 2066 Paulus
1336 2035 1526 2076 tergeminos
1556 2034 1711 2067 Horatios
1747 2044 1802 2076 per
1831 2042 1958 2066 aetatem

1090 2076 1198 2107 videre
1215 2085 1279 2107 non
1297 2077 1424 2116 potuit,
1472 2086 1528 2107 uos
1546 2083 1648 2107 tamen
1676 2075 1705 2107 se
1729 2077 1781 2107 vel
1803 2074 1865 2107 fuae
1887 2084 1957 2107 reta-

1092 2117 1132 2149 tis
1149 2117 1291 2149 homines
1308 2118 1417 2149 vidill‘c
1434 2117 1594 2157 aalinnat,
1620 2118 1682 2148 lioc
1707 2117 1788 2149 enim
1809 2117 1957 2158 fignifica-

1090 2168 1123 2190 re
1141 2158 1275 2189 credidit
1296 2157 1374 2190 illud
1395 2162 1538 2190 vidimus.
1585 2158 1750 2198 Cujacium
1763 2166 1832 2196 ‚‘ut
1850 2158 1905 2198 lit,
1929 2168 1957 2190 a·

1091 2200 1127 2231 lii
1151 2199 1303 2241 gregatim
1330 2199 1450 2241 sequuti
1480 2199 1561 2232 sunt.
1608 2200 1711 2240 Atque
1730 2209 1765 2231 ca
1785 2197 1848 2240 ipsa
1865 2200 1958 2231 ratio-

1090 2251 1129 2272 ne
1146 2241 1308 2273 Salmasius
1328 2242 1457 2282 Observ.
1474 2245 1510 2271 aii
1524 2241 1589 2282 Jns
1606 2242 1663 2271 Aa
1695 2241 1730 2275 &³
1744 2242 1826 2272 Rom.
1837 2241 1869 2272 C.
1880 2240 1954 2273 XV.

1090 2283 1197 2322 eiectis
1227 2282 1388 2322 Horatiis,
1412 2287 1525 2315 cinctos
1548 2290 1649 2314 mutat
1667 2283 1697 2314 in
1717 2282 1905 2319 Quintilios,
1927 2282 1958 2314 δε

1090 2323 1259 2365 Menagius
1283 2324 1427 2357 Amcenit.
1447 2326 1523 2366 Jnr.
1541 2325 1608 2356 Civ.
1632 2325 1662 2355 C.
1680 2316 1809 2358 XRXI.
1846 2323 1958 2354 cinaos

1090 2366 1121 2396 in
1141 2366 1291 2411 Quantos:
1314 2367 1393 2399 alios
1417 2366 1479 2405 sic,
1510 2366 1572 2398 sine
1599 2366 1667 2396 ullo
1686 2367 1834 2403 notiore,
1860 2374 1958 2406 terge-

1090 2407 1193 2440 minos
1208 2415 1375 2449 patrantes.
1422 2408 1597 2445 Hei-aldus,
1621 2416 1677 2445 eo,
1703 2417 1794 2454 quem
1811 2406 1896 2446 dixi,
1914 2408 1960 2439 lo-

1092 2457 1132 2479 co
1151 2449 1296 2481 Horatios
1311 2449 1432 2487 servat,
1458 2448 1508 2480 sed
1534 2447 1655 2478 mavult
1677 2449 1739 2480 elle
1759 2449 1958 2486 Servatur-es,

1092 2490 1137 2521 rei
1156 2491 1306 2522 Romanae
1325 2490 1475 2521 videlicet
1488 2511 1497 2527 ,
1521 2498 1611 2530 quam
1629 2489 1786 2522 Senatores
1799 2514 1806 2526 .
1825 2490 1958 2521 mavult-

1091 2541 1151 2572 que
1174 2531 1304 2563 Paulum
1332 2540 1386 2562 eos
1415 2530 1524 2561 vidill'c
1547 2533 1643 2570 pieros
1663 2553 1672 2565 ,
1705 2541 1795 2573 quam
1823 2530 1958 2570 cimolos,

1091 2582 1103 2603 c
1114 2583 1154 2605 uo
1169 2573 1299 2604 nomine
1307 2582 1378 2603 eum
1388 2572 1546 2613 eleganter
1559 2572 1721 2604 Salmasius
1740 2572 1856 2605 derisit.
1877 2571 1958 2604 Prae-

1106 2622 1154 2646 ert
1177 2621 1280 2646 tamen
1298 2612 1452 2645 Heraldus
1470 2613 1548 2643 lianc
1565 2613 1832 2646 emendationem:
1857 2613 1959 2646 cantii

1093 2658 1244 2694 vidimus,
1269 2665 1327 2696 pro
1354 2664 1451 2685 omnes
1475 2658 1632 2689 novimas,
1657 2665 1753 2686 omncs
1774 2656 1903 2694 scimus,
1926 2656 1957 2688 &

1092 2699 1124 2730 in
1141 2698 1220 2729 hanc
1242 2706 1308 2728 rem
1325 2695 1488 2727 advocasse
1510 2695 1787 2737 poteratLibros,
1810 2696 1863 2738 qui
1887 2707 1958 2730 cun-

1093 2741 1152 2773 έῖος
1168 2739 1320 2772 exhibent
1329 2760 1339 2776 ,
1349 2737 1607 2778 quemadmodum
1618 2737 1647 2768 ἃ
1657 2738 1726 2769 MS.
1738 2747 1835 2769 meus.
1861 2737 1958 2784 Quod

1091 2790 1197 2814 autem
1217 2779 1373 2812 Heraldus
1391 2778 1543 2819 integram
1564 2778 1642 2808 lianc
1669 2778 1707 2809 de
1729 2778 1873 2811 Horatiis
1893 2778 1956 2811 sen-

1093 2823 1224 2854 tentiam
1243 2821 1317 2851 loco
1339 2819 1390 2850 hic
1408 2827 1538 2857 movet,
1552 2820 1581 2850 ὅ(
1598 2818 1634 2849 ad
1648 2818 1740 2851 finem
1758 2819 1851 2862 Legis
1863 2828 1957 2853 trans-

1093 2864 1177 2901 fert,
1200 2861 1277 2893 adeo
1293 2860 1355 2892 fine
1376 2860 1498 2891 ratione
1524 2859 1588 2898 est,
1613 2868 1647 2890 ut
1668 2859 1805 2892 refutare
1825 2860 1861 2892 fit
1880 2861 1955 2893 indi-

1093 2914 1198 2946 gnum.
1243 2901 1376 2934 Budaeus
1393 2910 1516 2941 quoque
1531 2900 1568 2931 ad
1592 2902 1620 2932 b.
1638 2901 1675 2933 L.
1701 2911 1740 2933 nc
1759 2900 1864 2933 obstet
1877 2910 1954 2934 tem-

1092 2946 1179 2987 poris
1196 2943 1276 2976 ratio
1288 2966 1297 2981 ,
1323 2942 1452 2974 Paulum
1469 2942 1626 2974 existimat
1643 2942 1752 2974 vidisse
1771 2943 1849 2975 alios
1865 2951 1955 2983 quos-

1091 2987 1159 3018 dam
1177 2984 1329 3017 Horatios
1352 2983 1561 3022 tergeminos,
1593 2993 1684 3024 quam
1708 2982 1798 3021 sunt,
1822 2991 1956 3024 quorum

1091 3028 1147 3060 sub
1163 3025 1277 3058 Tullio
1294 3022 1436 3055 Hostilio
1452 3024 1662 3055 meminerunt
1680 3024 1954 3063 I.ivius‚l.’linius,

1091 3069 1154 3100 alii.
1201 3067 1304 3107 Atque
1331 3074 1365 3095 ca
1392 3063 1453 3105 ipsa
1472 3063 1558 3096 forte
1576 3067 1699 3098 ratione
1718 3075 1775 3106 pro
1795 3065 1954 3104 Horatiis,

1093 3111 1240 3142 Oratores
1256 3105 1402 3138 [aditores
1429 3106 1553 3146 quidam
1577 3116 1617 3138 ex
1645 3107 1824 3147 conjectura
1848 3106 1957 3139 substi-

1091 3158 1227 3183 ruerunt.

1129 3196 1206 3227 Sanc
1232 3203 1294 3226 non
1319 3193 1409 3234 potui
1441 3192 1512 3226 [iltis
1535 3193 1662 3229 mirari,
1689 3192 1784 3224 Viros
1802 3193 1950 3234 undiqua-

1890 3243 1951 3274 que
