2008 3436
0 0 66 137 l·
578 107 584 113 .
835 69 992 119 (291)

1364 210 1510 219 Q

0 265 2 366 I
145 298 974 363 CONSPECTUS
1088 305 1674 368 CAPITUM.

443 413 839 456 LIBRI

21 527 99 561 CAP.
118 526 143 559 Ι.
265 526 377 568 efinitio
419 525 515 565 Belli,
562 526 676 569 ejusque
718 527 885 599 egplicatio.

754 578 769 599 a
794 594 801 601 .
829 579 840 601 1
873 581 884 602 1

99 609 142 643 ΙΙ.
171 612 215 643 Ut
232 610 337 643 bellum
351 608 393 649 fit
410 610 595 653 legitimum,
618 579 808 642 inditiionegm
828 581 886 643 17ξί-

165 653 190 684 li
205 662 263 684 non
279 653 376 683 videri
392 652 588 694 neceffizriam.
827 662 884 691 192

83 692 140 726 III.
167 693 215 726 De
237 694 326 726 Statu
342 694 410 725 belli
430 695 508 726 inter
531 692 647 735 Hostes.
827 704 884 735 195

85 734 144 767 IV.
169 735 330 778 Ecquando
348 741 397 767 res‘
416 733 537 777 bostium
555 737 690 777 mobiles,
717 736 753 772 &⁴
765 738 884 779 prceser-

165 779 220 809 tim
238 787 346 815 naves,
366 776 446 817 fiant
464 778 668 818 capientium?
831 787 886 819 197

100 818 142 851 V.
167 819 229 851 Res
254 820 389 857 mobiles,
416 818 453 853 ὅ)
473 820 634 861 prcesertim
653 830 765 860 naves,
791 831 830 852 an
854 820 889 855 ὃ)

168 870 308 903 quousque
330 863 526 901 recuperatori
546 861 676 893 cedant?
828 872 889 894 200

87 901 143 934 VI.
170 902 323 951 Quousque
345 903 522 934 extendatur
546 904 735 935 immobilium
747 902 887 945 poffiffi'o,

176 944 248 976 bello
266 942 383 986 quaefita
397 944 414 976 ‘?
827 955 887 977 202

72 984 144 1018 VII.
170 984 308 1027 Hostium
336 984 463 1017 actiones
491 985 528 1020 ἐξ
555 987 667 1017 credita
684 1009 694 1025 ,
726 996 786 1028 qicae
813 988 890 1028 apud

165 1037 216 1058 nos
232 1028 447 1065 inveniuntur,
469 1037 509 1058 an
526 1033 624 1058 exorto
644 1028 714 1059 bello
737 1027 812 1059 recte
831 1034 888 1069 pu-

167 1069 312 1100 blicentur
323 1068 340 1100 .9
826 1079 888 1110 204

54 1108 141 1142 VIII.
168 1110 222 1142 An
240 1107 345 1150 bostem
367 1110 456 1141 liceat
482 1111 608 1153 aggredi
635 1111 685 1142 vel
705 1111 838 1154 perstqui
856 1112 888 1143 in

169 1152 259 1183 amici
276 1153 422 1183 territorio
444 1153 492 1183 vel
505 1153 619 1194 portu?
825 1157 889 1185 206

80 1191 141 1226 IX.
167 1192 216 1225 De
238 1193 326 1224 Statu
344 1194 412 1224 belli
433 1195 512 1225 inter
531 1204 589 1225 non
600 1193 698 1236 hostes.
828 1200 888 1230 208

95 1234 142 1268 X.
167 1234 215 1267 De
231 1235 277 1266 bis
288 1258 297 1273 ‚
321 1245 381 1276 qiiae
398 1236 436 1266 ad
454 1237 613 1267 amicorum
628 1236 789 1278 nostrorum
800 1234 890 1277 hostes

166 1285 225 1307 non
245 1275 319 1307 reete
335 1277 530 1309 advehuntur.
829 1289 891 1312 210

79 1317 141 1351 XI.
170 1316 290 1359 Obleffis
320 1317 446 1349 Urbibus
463 1341 473 1356 ‚
509 1317 619 1360 Castris
637 1343 648 1359 ,
678 1320 824 1352 Portubus
851 1331 891 1352 an

168 1362 322 1401 quicquam
339 1359 427 1391 liceat
447 1361 589 1392 advehere
601 1362 618 1393 ,9
828 1373 889 1395 212

946 419 1366 462 PRJMJ.

968 532 1059 565 XIV.
1086 532 1134 565 De
1160 530 1282 573 hostium
1305 535 1406 573 rebus,
1436 534 1468 565 in
1496 534 1655 565 amicorum
1677 534 1803 564 navibus

1080 576 1213 615 repertis.
1741 584 1800 614 217

974 615 1050 648 XV.
1077 615 1130 647 An
1149 626 1212 655 res,
1239 618 1274 648 ab
1299 615 1423 658 hostibus
1442 623 1550 659 captae,
1582 618 1615 648 in
1642 627 1700 648 non
1717 614 1805 656 hostis

1080 659 1234 698 imperium
1255 659 1375 699 delatae,
1396 657 1575 700 postliminio
1588 657 1805 690 revertantur?

969 740 1061 773 XVI.
1087 740 1135 773 De
1151 741 1229 783 Jure
1240 741 1416 783 postliminii
1435 745 1532 775 varia.
1739 708 1802 735 219

1740 750 1804 772 220

947 781 1055 814 XVII.
1081 782 1130 814 De
1155 785 1314 825 piratica,
1347 784 1383 820 ἐξ
1404 795 1444 816 an
1475 784 1600 816 Barbari
1629 786 1662 816 in
1688 783 1804 824 Africa

1079 823 1142 864 sint
1155 826 1284 864 piratae?
1740 833 1802 855 222

934 865 1058 897 XVIII.
1084 866 1132 898 De
1150 866 1332 899 Praedatoria
1351 867 1490 900 Privata.
1739 874 1801 905 224

963 907 1061 939 XIX.
1085 907 1239 956 Quousque
1257 911 1429 941 exercitores
1454 911 1542 942 navis
1559 911 1736 951 praedatoriae
1762 912 1805 937 le·

1083 956 1211 981 neantur
1225 952 1258 982 de
1280 953 1383 982 damno
1402 952 1516 994 injuria
1536 951 1629 983 dato?
1741 951 1803 982 226

975 990 1056 1022 XX.
1084 991 1117 1021 Si
1134 993 1242 1030 navis,
1264 1002 1321 1023 non
1338 994 1376 1024 ad
1392 994 1580 1033 praedandum
1601 992 1716 1034 emiffa,
1727 999 1802 1034 pra-

1082 1033 1150 1063 dam
1173 1037 1270 1064 tamen
1290 1035 1417 1074 ceperit,
1429 1035 1467 1065 ad
1485 1044 1567 1075 quem
1583 1045 1617 1065 ea
1625 1035 1805 1075 pertineat?

1741 1082 1803 1112 228

964 1115 1060 1148 XXI.
1086 1116 1140 1148 An
1156 1127 1202 1148 res
1222 1116 1256 1147 ho
1285 1117 1344 1148 ium
1363 1117 1452 1148 liceat
1470 1127 1486 1148 a
1511 1117 1654 1149 eczirare?
1742 1128 1759 1149 2
1783 1129 1805 1151 0

950 1156 1061 1190 XXII.
1089 1158 1143 1189 An
1173 1114 1282 1189 liceatst
1292 1159 1416 1190 militem
1443 1116 1598 1191 conqlucere
1636 1161 1668 1190 in
1704 1128 1808 1191 amtzlce

1088 1201 1195 1231 Gentis
1214 1200 1350 1240 Populo?
1742 1210 1802 1243 231

933 1240 1061 1273 XXIII.
1084 1242 1139 1273 An
1166 1240 1295 1285 singulis
1326 1242 1426 1286 Belgii
1462 1242 1608 1275 Faederati
1631 1242 1804 1275 Provinciis

1077 1282 1180 1327 jussit
1201 1284 1270 1315 belli¹
1289 1284 1438 1326 gerendi?
1741 1295 1803 1328 232

933 1323 1060 1357 XXIV.
1086 1325 1135 1358 De
1166 1325 1357 1366 Repreffiiliis
1384 1326 1526 1357 nonnulla
1545 1351 1555 1367 ,
1581 1325 1618 1362 89⁹
1644 1337 1684 1358 an
1704 1337 1805 1359 earum

1083 1377 1189 1409 quoque
1209 1367 1261 1410 jus
1276 1365 1318 1406 fit
1330 1374 1421 1408 penes
1440 1366 1578 1411 fingnlas
1601 1367 1806 1402 Provincias?

67 1400 145 1434 XII.
171 1400 225 1432 An
246 1401 362 1448 licitum
379 1403 411 1432 ob
427 1402 568 1449 illicitum
588 1404 781 1444 publicetur?
828 1415 890 1446 214
1742 1421 1804 1453 235

50 1442 142 1476 XIII.
166 1441 399 1524 ssssercllsllcomm
420 1444 523 1483 bonis,
553 1445 586 1475 in
613 1443 736 1487 hostium
765 1448 891 1520 navgbliig
942 1450 1054 1484 XXV.
1081 1450 1184 1484 Variae
1205 1448 1437 1497 Quaestiiinculae.
1742 1456 1807 1495 236

367 1650 400 1696 L
456 1650 488 1691 I
535 1652 573 1692 B
631 1651 670 1692 R
726 1652 756 1692 I
864 1654 893 1694 S
947 1656 986 1695 E
1045 1656 1079 1696 C
1135 1656 1181 1696 U
1228 1656 1276 1697 N
1328 1658 1371 1698 D
1426 1658 1459 1698 I.

1073 1760 1163 1803 sensu
1180 1760 1360 1810 Principis?
1743 1764 1806 1802 264

21 1757 102 1793 CAp.
120 1756 146 1789 Ι.
259 1756 379 1788 omitum
389 1753 560 1797 potestatem
579 1757 612 1788 in
632 1757 734 1799 Belgio
757 1756 889 1790 Foedera-

170 1756 252 1840 C
296 1803 324 1829 to
351 1807 409 1830 non
439 1797 547 1839 ceffaffe
574 1797 631 1838 nifi
651 1797 714 1840 post
742 1803 791 1831 26.
819 1800 889 1842 Jul.

104 1882 146 1915 II.
170 1846 354 1921 EssIonfilio
372 1892 430 1913 non
438 1882 634 1930 fraudulento
652 1839 803 1914 nantillffii
816 1852 891 1916 ΙΞὲἕ

164 1925 291 1965 publiea
314 1924 460 1966 obligari,
483 1934 536 1955 nec
553 1930 643 1955 etiam
657 1933 826 1965 quemqnam
846 1936 890 1958 re-

169 1965 212 1997 ae
225 1967 348 2007 puniri,
379 1967 452 2007 quod
472 1967 644 1997 mandatum
666 1965 820 2007 Principis
838 1968 891 2008 sni

167 2007 336 2050 exsequutus
347 2005 398 2046 fit.
828 2018 888 2050 241

91 2050 149 2084 III.
174 2047 240 2125 gui
255 2049 330 2082 reae
349 2048 480 2091 Legatos
493 2050 626 2097 mittant.
757 2093 763 2098 Ι
829 2061 892 2111 243

91 2092 137 2124 IV
209 2102 228 2122 n
257 2090 384 2134 singulte
415 2090 584 2122 Provincice
618 2090 762 2123 Foederati
791 2092 892 2135 Belgti

174 2134 304 2176 Legatos
315 2131 421 2174 poffint
436 2134 551 2164 mittere
561 2155 571 2172 ‚
586 2133 634 2164 vel
651 2135 780 2174 accipere
791 2134 807 2166 .9
830 2143 890 2175 245

105 2174 147 2206 V.
173 2173 236 2221 Qui
254 2174 328 2206 reae
349 2174 463 2216 Legati
478 2176 648 2206 mittantur.
830 2185 890 2217 247

94 2216 152 2249 VJ.
178 2218 291 2259 Legati
309 2217 379 2257 quid
396 2226 491 2247 rerum
506 2217 575 2247 olim
598 2217 734 2258 egerint,
761 2216 797 2252 ἐξ
811 2227 890 2249 nunc

172 2263 268 2290 acram:
280 2280 291 2296 ,
313 2267 378 2288 cum
390 2257 506 2297 publice
526 2259 697 2290 audiuntur.
828 2264 889 2300 248

71 2299 144 2332 VII.
169 2284 223 2333 JTn
238 2300 362 2338 valeat,
387 2299 459 2339 quod
475 2298 611 2342 Legatus
635 2301 698 2342 egit
723 2305 825 2331 contra
844 2312 891 2332 ar—

171 2351 277 2374 canum
295 2341 465 2372 mandatum
477 2340 494 2372 2
830 2352 893 2383 250

13 2377 18 2384 ¹
53 2382 141 2416 VIII.
168 2383 222 2417 An
242 2383 352 2425 legatis
374 2383 477 2413 donum
500 2392 605 2414 munus
622 2384 754 2423 acczPere
777 2384 891 2416 liceat?

174 2425 210 2460 ξεῖ
228 2425 290 2456 alia
309 2424 435 2466 ejusdem
450 2425 628 2466 argumenti.
802 2441 808 2445 ·
831 2436 893 2466 252

85 2465 149 2500 IX.
173 2466 316 2515 Quaedam
340 2466 373 2496 de
391 2467 593 2507 praerogativa
615 2468 726 2499 ordinis
739 2468 818 2498 inter
837 2468 896 2499 Le-

172 2515 276 2551 gatos,
307 2506 343 2542 ὅ)
367 2508 446 2538 inter
464 2507 636 2548 Principem
663 2510 802 2540 minorem
819 2515 895 2550 prce-

163 2551 297 2592 sentem,
324 2548 495 2590 &majoris
505 2549 629 2589 absentis
642 2550 803 2592 Legatum.
832 2558 895 2591 254

101 2591 146 2624 X.
171 2591 220 2624 De
224 2592 376 2633 servanda
389 2589 449 2630 fide
461 2590 613 2631 pactorum
630 2593 812 2632 publicorum
824 2615 834 2632 ,
859 2592 896 2628 δέ’

175 2644 214 2665 an
230 2643 290 2674 quae
307 2642 403 2663 eorum
421 2633 518 2663 tacitae
536 2633 744 2672 excePtiones?
831 2637 894 2674 256

86 2673 150 2707 ΧΙ.
175 2673 229 2706 An
242 2674 396 2716 peregrini
416 2675 452 2704 ab
468 2673 721 2714 administratione
737 2674 891 2716 Reipubli-

175 2725 213 2746 coe
225 2715 290 2754 fint
307 2716 426 2746 arcendi
433 2715 450 2747 ‚9
831 2722 892 2758 258

74 2756 152 2790 XII.
179 2757 335 2822 Ingperium
355 2755 391 2791 &³
406 2756 582 2797 Jurisdiitz'o
594 2769 635 2790 an
645 2758 752 2801 poffint
773 2761 894 2792 manda-

174 2800 217 2831 ri.
836 2805 875 2834 26

57 2839 150 2876 XIII.
174 2839 230 2872 An
247 2841 280 2871 ob
295 2840 424 2871 debitum
448 2840 662 2881 Univerfitatis
670 2842 793 2886 singula
809 2813 898 2876 mem?

177 2883 230 2913 bra
244 2883 398 2913 ‘conveniri
416 2881 453 2917 ὅ)
472 2884 609 2915 damnari
620 2884 748 2926 poffint‘?

60 2922 153 2957 XIV.
179 2923 233 2955 An
245 2923 333 2954 liceat
352 2922 463 2962 Urbes,
487 2934 639 2968 earumque
654 2929 760 2958 moenia
771 2926 897 2970 exstrue-

177 2975 226 3005 re,
250 2964 390 3006 reficere,
411 2967 586 3008 extendere,
609 2970 722 3001 munire
743 2968 806 3008 fine
833 2979 898 3002 con-

984 1801 1062 1834 XV.
1086 1802 1135 1834 De
1153 1802 1293 1836 Dominio
1309 1804 1452 1836 eminenti
1471 1804 1613 1836 nonnulla
1628 1825 1636 1841 ‚
1662 1802 1699 1838 &²
1712 1804 1745 1834 de
1761 1812 1806 1834 re-

1075 1843 1232 1885 fundendo
1251 1848 1347 1886 pretio
1373 1856 1488 1886 eorum,
1514 1856 1572 1888 quae
1583 1846 1653 1888 jzlre
1680 1846 1744 1888 ejus
1758 1845 1807 1875 do-

1083 1888 1172 1918 minii
1187 1893 1375 1928 occupantur.
1745 1889 1809 1918 266

963 1926 1055 1959 XVI.
1084 1927 1129 1959 Ut
1138 1928 1233 1969 solius
1251 1929 1404 1970 Principis
1425 1927 1466 1971 esi
1491 1931 1618 1963 crimina
1637 1930 1808 1967 remittere,

1041 2006 1044 2009 v
1077 1967 1121 2008 fic
1141 1970 1203 2012 ejus
1211 1970 1305 2012 stilius
1325 1971 1376 2013 effe
1393 1974 1510 2010 videri,
1536 1973 1693 2004 criminum
1710 1972 1806 2012 impii-

1085 2013 1195 2042 nitates
1214 2013 1328 2053 publice
1345 2016 1529 2054 promittere.
1744 2016 1806 2047 268

1087 2053 1212 2094 Judices
1241 2061 1327 2086 extra
1353 2057 1534 2088 territorium
1546 2056 1637 2097 suum
1654 2065 1711 2087 non
1731 2053 1807 2086 recte

1086 2095 1210 2126 exilium
1229 2097 1357 2129 indicere
1369 2121 1379 2137 ,
1404 2096 1461 2136 nz'fi
1485 2108 1522 2130 ex
1533 2097 1695 2139 privilegio
1715 2096 1807 2129 Prin-

1085 2143 1168 2175 cipis.
1746 2148 1810 2179 270

950 2051 1061 2085 XVII.

934 2177 1060 2210 XVIII.
1084 2178 1138 2210 An
1147 2179 1199 2221 jus
1217 2180 1408 2223 Religionis,
1431 2187 1464 2213 ut
1478 2181 1546 2213 olim
1555 2181 1625 2222 fuit
1637 2204 1647 2220 ,
1669 2181 1714 2211 ita
1729 2189 1807 2211 nunc

1084 2230 1191 2262 qnoque
1203 2220 1245 2260 fit
1255 2228 1345 2263 penes
1357 2222 1494 2266 fingulas
1508 2221 1710 2255 Provincias?
1748 2231 1809 2262 272

955 2260 1052 2294 XIX.
1082 2263 1202 2303 Optimo
1218 2264 1286 2305 jure
1307 2265 1437 2297 Ordines
1455 2264 1626 2296 Hollandiae
1650 2263 1811 2306 13.Mart.
1858 2303 1859 2309 ἵ

1087 2308 1179 2346 1663.
1192 2305 1584 2348 Ecclefiastispraescripfiffi
1601 2315 1710 2337 novam
1723 2315 1808 2336 oran-

1084 2347 1115 2377 di
1127 2347 1295 2387 formulam
1312 2359 1376 2381 cum
1388 2355 1444 2389 pro
1454 2348 1508 2390 se,
1520 2355 1581 2380 tum
1593 2354 1645 2388 pro
1657 2347 1726 2378 aliis
1737 2346 1810 2379 Ma-

981 2428 1064 2461 XX.
1084 2387 1298 2471 fflllgifbpflgltcltio
1323 2431 1350 2473 §.
1389 2441 1422 2472 4.
1451 2431 1544 2463 Pacis
1570 2398 1811 2472 Monasterie2n}i5s

969 2511 1065 2544 XXI.
1089 2472 1420 2561 ffllaflillltmgrailoffffii
1441 2516 1568 2547 navibus
1588 2476 1812 2556 praestanda2ss

1084 2555 1279 2587 reverentia?
1301 2555 1337 2591 &³
1360 2567 1401 2588 an
1418 2558 1576 2595 damnum,
1609 2558 1681 2598 qaod
1706 2557 1738 2588 ob
1763 2568 1807 2589 re-

1088 2598 1254 2628 verentiam
1274 2608 1331 2629 non
1354 2597 1517 2640 praestitam
1543 2599 1708 2639 accipitur,
1734 2608 1808 2630 com-

1085 2648 1170 2670 mune
1184 2637 1243 2678 fit,
1268 2642 1351 2672 utin
1367 2642 1478 2683 jactu?
1747 2647 1808 2683 278

951 2678 1061 2711 XXII.
1089 2679 1190 2728 Varia
1205 2682 1238 2712 cle
1257 2683 1395 2722 tributis,
1418 2683 1614 2727 veetigalihus
1631 2682 1667 2717 ἐξ
1676 2683 1810 2723 publica-

1076 2731 1143 2755 .nis.
1748 2732 1812 2762 280

938 2761 1067 2795 XXIII.
1093 2764 1148 2796 An
1183 2765 1313 2798 Ordines
1343 2767 1505 2800 Generales
1529 2767 1603 2799 reae
1625 2765 1688 2807 sese
1714 2768 1811 2800 immi-

1080 2805 1189 2872 scelmg
1208 2807 1409 2847 controverfiis
1423 2808 1610 2852 fingularum
1632 2807 1812 2842 Provincia-

1093 2858 1171 2880 runi.
1747 2858 1811 2895 283

836 2890 897 2918 262
941 2887 1069 2920 XXIV.
1096 2889 1144 2921 De
1165 2892 1256 2922 modis
1272 2892 1451 2923 conciliandi
1466 2891 1661 2933 diffiniientes
1680 2891 1812 2926 Provin-

1091 2933 1163 2962 cias.

955 2971 1068 3005 XXV.
1093 2972 1197 3005 Varia
1214 2973 1447 3019 Qgiaestiiiizculoe.
1750 2941 1811 2977 285

1749 2982 1811 3019 287

1090 3207 1228 3250 002
1631 3198 1860 3255 COR-⁶
