2008 3436
0 0 12 84 ἐ

4 92 9 157 l

1 192 8 211 t

2 221 7 256 3

2 300 5 346 l

1 352 5 442 l

365 97 1488 144 F.C.coNRAD1PRAEFAT10.
1742 109 1811 149 299

91 199 143 238 De
174 200 267 237 Cultu
292 198 476 246 Religionis
501 195 683 242 Peregrina
705 191 791 238 apud
810 188 943 225 Veteres
961 187 1133 243 'Romanos
1150 188 1323 224 scribendi
1340 191 1476 225 causam
1493 190 1716 237 praebuerunt
1736 190 1814 227 infi-

41 251 125 298 gnia
141 249 179 286 ἃ
197 248 372 298 quantivis
392 246 495 294 pretii
521 252 750 281 monumenta
772 239 844 275 duo
862 247 995 274 veteris
1013 238 1080 272 aevi
1092 263 1106 282 ,
1133 238 1344 284 religionem
1359 240 1580 284 peregrinam
1596 241 1812 284 coe'rcentia,

42 303 165 336 Serum
192 301 429 335 Mincmwu
454 306 502 332 m:
527 296 830 330 Biccnimmus
864 297 1065 324 Tottnnnrs
1082 314 1092 330 ‚
1120 298 1166 322 ar
1190 287 1365 321 Emeruit
1390 288 1639 324 Dioctarntm
1658 301 1703 325 nr
1725 290 1810 326 MA-

41 359 192 385 xtmfflr
219 358 359 384 comm
385 347 629 382 Mnucflffioe.
683 341 737 376 Ita
753 350 840 375 vero
862 338 898 373 in
917 338 985 372 hoc
1008 345 1240 383 argumento,
1266 336 1338 371 imo
1357 347 1442 372 vero
1459 334 1497 371 ἃ
1521 336 1555 370 in
1580 339 1811 374 emendandis

41 408 147 446 atque
166 395 433 445 interpretandis
457 394 512 430 his
528 390 746 438 antiquitatis
762 387 916 435 reliquiis
941 385 1150 421 versandum
1179 384 1242 421 fibi
1262 384 1364 420 duxit
1382 383 1531 427 Noster,
1560 396 1617 429 ut,
1643 387 1811 433 quidquid

0 451 3 471 ³
42 448 207 484 scriberet
228 472 240 491 ,
276 456 344 481 non
373 443 416 480 ad
443 443 544 479 aliam
567 466 581 485 ,
615 450 717 487 quarn
742 436 1029 486 Jurisprudentiae
1053 434 1302 481 profeffionem
1332 433 1530 480 spefitaret3
1556 434 1660 481 idque
1676 436 1810 471 duabus

0 502 2 538 l
43 494 277 533 com'munivit
300 491 613 533 dissertationibus,
640 499 782 535 quarum
805 487 933 527 altera,
960 485 1080 520 cultum
1102 485 1269 531 religionis
1292 482 1415 530 semper
1434 483 1623 531 pertinmffii
1639 485 1683 519 ad
1700 497 1812 520 curam

0 548 1 552 ’
44 548 148 593 legum
172 544 213 586 ὅ)
233 543 392 590 JCtorum
411 540 586 582 ostendit3
612 539 715 573 altera
732 549 788 584 quo
805 537 867 571 loco
882 535 966 581 apud
983 533 1145 569 Romanos
1159 532 1294 580 fuerint
1319 534 1488 580 religiones
1505 535 1686 580 peregrinae
1702 533 1744 574 ξδ’
1767 546 1812 569 an

43 607 152 632 earum
169 593 264 641 causa
291 593 415 628 licuerit
435 592 539 634 coire,
566 587 745 635 disquirit3
771 586 828 622 sed
850 586 916 627 ita,
943 591 1000 626 ut,
1025 584 1170 618 minime
1195 594 1258 629 per
1277 590 1396 618 aetates
1412 593 1534 618 omnes
1550 584 1686 626 eundo,
1711 595 1813 630 quas-

43 645 122 680 dam
147 643 313 679 duntaxat
331 652 451 677 eorum
483 640 577 686 leges
605 647 788 682 moresque
814 632 1002 670 recenseat.
1058 633 1115 667 Ab
1146 632 1199 666 his
1217 632 1437 668 convertitur
1453 632 1496 667 ad
1515 631 1642 668 illustre
1659 632 1703 667 de
1726 634 1812 668 Bac-

44 693 242 729 chanalibus
262 690 424 727 tollendis
456 689 584 724 SCtum
610 685 655 735 Q.
681 686 822 721 Marcio
842 682 1003 727 Philippo
1026 678 1064 716 ἃ
1094 681 1152 727 Sp.
1172 680 1373 716 Posthumio
1391 681 1522 717 Albino
1547 681 1636 717 Coff.
1657 680 1812 718 suffitum:

45 741 136 790 quod
163 742 239 789 JAc.
270 740 502 780 Gnouovms,
541 737 658 772 Ram.
691 735 901 770 Fassaarrus
933 729 1051 776 &-]0.
1078 730 1256 766 CLERlcUs
1290 730 1500 774 ediderant,
1533 730 1578 766 de
1597 731 1809 777 interpreta-

46 792 142 828 tione
161 800 277 826 tamen
297 790 353 825 vel
371 787 587 824 restitutione
610 795 732 830 parurn
754 780 901 818 solliciti.
954 779 1102 814 Nullum
1132 779 1181 815 est
1199 781 1288 815 inter
1307 791 1394 815 aerea
1408 807 1418 823 ‚
1446 790 1521 826 quae
1539 779 1638 815 nobis
1663 791 1706 815 ex
1722 781 1813 816 anti-

46 851 113 888 qua
140 839 256 875 Roma
291 837 468 884 supersunt
484 863 493 879 ‚
528 834 699 881 fragmina
719 859 728 876 ‚
763 831 853 866 nulla
879 827 929 863 est
955 840 1071 864 earum
1090 829 1229 875 legum,
1265 837 1348 874 quas
1365 830 1450 865 CAR.
1467 827 1684 865 Sicomus&
1699 829 1811 866 Furit.

47 890 210 925 URsmus
236 888 467 933 vulgaverunt
493 884 527 920 in
546 883 743 930 publicum,
771 891 845 927 quae
865 878 992 913 SCtum
1015 878 1083 913 hoc
1100 878 1159 913 vel
1185 879 1360 913 vetustate
1393 880 1448 914 vel
1468 879 1642 925 dignitate
1658 879 1812 914 antecel-

48 939 107 974 lat.
158 937 390 983 Amplissimus
407 934 530 970 Praeses
555 931 714 978 sequutus
737 929 786 964 est
810 929 843 964 in
867 926 940 973 ipso
973 926 1174 962 exhibendo
1203 926 1477 963 GRONOVIANAM
1504 927 1718 972 editionem,
1745 929 1810 964 im-

48 987 193 1036 probata
210 987 413 1034 plerumque
435 982 582 1016 lfabrem
598 979 783 1025 scriptura,
809 987 884 1023 quae
897 975 1041 1012 subinde
1057 977 1186 1011 nullum
1205 976 1333 1011 habere
1355 977 1485 1012 sensum
1509 977 1705 1012 videbatur.
1731 978 1812 1013 Nu-

48 1048 114 1083 per
136 1047 220 1071 vero
248 1030 488 1069 literatislimus
515 1028 618 1063 Italus
637 1054 648 1072 ,
679 1028 800 1062 Scn’to
832 1026 980 1061 Mirm
1009 1026 1043 1060 in
1068 1025 1235 1071 praeclaro
1267 1024 1303 1061 ἃ
1334 1026 1469 1061 rarioris
1490 1024 1657 1062 dolitrinae
1680 1027 1769 1062 libro
1799 1055 1810 1071 ‚

48 1084 192 1132 Historia
211 1083 412 1129 diplomatica
433 1089 509 1126 pag.
542 1088 618 1121 125.
648 1076 691 1112 de
708 1087 802 1111 novo
821 1075 904 1111 illud
922 1075 1098 1122 adscripsit
1114 1100 1127 1118 ,
1152 1084 1190 1109 ut
1214 1074 1357 1110 videtur
1370 1102 1379 1117 ,
1414 1085 1434 1109 e
1459 1075 1614 1109 Fabretti
1632 1087 1737 1121 opere
1755 1077 1812 1112 In-

48 1133 288 1179 scriptionum,
318 1141 382 1166 nec
402 1127 470 1163 sine
500 1126 703 1174 quibusdam
723 1125 1045 1167 emendationibus,
1073 1135 1214 1171 quarum
1233 1132 1351 1160 tamen
1377 1135 1444 1158 non
1464 1122 1523 1160 nisi
1543 1126 1682 1159 unicam
1698 1137 1718 1159 a
1733 1125 1814 1160 No-

45 1179 325 1227 stri'co'njefflris
351 1177 524 1214 diversam
541 1176 685 1220 attulit,
711 1174 860 1222 legendo
885 1175 917 1209 in
945 1175 1001 1209 lin.
1029 1184 1085 1219 23.
1114 1183 1214 1220 parte
1231 1173 1354 1219 quinta
1377 1173 1481 1208 SCti:
1509 1174 1613 1208 ENno
1645 1175 1811 1210 Votcon:

45 1231 70 1269 i.
97 1241 128 1265 e.
154 1230 186 1265 in
205 1229 335 1276 vulgo,
359 1228 419 1264 ubi
444 1227 655 1261 Finazrrus
682 1223 791 1260 edidit
815 1223 896 1259 illud
921 1223 1115 1259 horridum:
1159 1224 1414 1265 INDQuoLToD:
1447 1222 1661 1258 vitiosissime
1677 1232 1715 1258 ut
1733 1224 1813 1258 No-

43 1279 112 1322 ster
130 1278 332 1325 pronuntiat
347 1303 358 1321 ‚
384 1275 424 1317 ἐξ
439 1277 517 1322 quod
531 1286 620 1310 nemo
636 1274 843 1309 intellexerit.
894 1272 974 1308 Post
992 1273 1114 1308 ultima
1131 1273 1257 1308 verba:
1295 1273 1338 1308 IN
1365 1283 1460 1308 Aeno
1488 1272 1691 1311 ΤΕυκΑΝος
1719 1283 1814 1319 quae·

45 1329 126 1365 dam
144 1327 314 1364 vetustate
336 1326 438 1362 exesa
459 1323 594 1372 punffls
612 1323 783 1358 indicavit
805 1321 1008 1358 Clariffimus
1034 1323 1180 1358 MArrm
1194 1347 1204 1366 ,
1228 1323 1307 1369 qui,
1335 1322 1368 1358 se
1387 1320 1478 1357 nulla
1493 1332 1567 1358 arte
1581 1348 1590 1366 ,
1617 1322 1708 1358 nulla
1726 1334 1812 1367 ope-

45 1390 85 1415 ra
105 1387 240 1414 tantum
261 1375 443 1413 vetustatis
461 1374 655 1410 thesaurum
668 1399 678 1416 ‚
712 1372 794 1408 SCti
819 1371 918 1419 hujus
944 1371 1166 1418 antiquiffimi
1183 1383 1267 1415 aera,
1291 1370 1537 1418 investigando
1556 1372 1683 1407 alicubi
1701 1373 1814 1407 ltaliae

45 1429 202 1464 locorum
235 1426 386 1472 reperire
413 1422 560 1471 potuiffe
577 1449 588 1466 ‚
624 1421 821 1468 profitetur.
881 1421 950 1456 Sed
979 1432 1042 1456 nos
1067 1421 1197 1456 amicus
1213 1420 1482 1465 eruditiffimus‚
1517 1420 1575 1456 cui
1593 1422 1724 1457 sacrum
1745 1421 1814 1457 hoc

47 1477 230 1513 cimelium
257 1475 293 1511 in
319 1473 442 1510 Museo
467 1471 582 1507 saneto
613 1471 649 1507 &
672 1470 862 1515 venerabili
878 1481 970 1507 nunc
989 1470 1187 1515 servatum,
1212 1472 1353 1518 propius
1370 1469 1512 1514 videre,
1539 1469 1576 1505 ἅ
1601 1471 1814 1517 contingere

45 1527 164 1562 datum
183 1525 232 1561 est
245 1551 255 1569 ,
284 1522 433 1560 fortunae
451 1521 515 1557 suae
534 1521 721 1567 participes
740 1520 809 1556 esse
831 1520 960 1562 voluit,
988 1520 1068 1556 dum
1090 1521 1241 1556 formam
1259 1521 1333 1567 ejus
1350 1519 1612 1566 litterarumque
1635 1519 1816 1566 figuras&

44 1576 210 1623 pleraque
233 1573 384 1620 antiquae
402 1570 437 1607 ἃ
455 1582 545 1607 verae
567 1570 723 1607 leetionis
742 1570 762 1605 'a
779 1569 951 1617 scripturis
973 1570 1078 1606 editis
1093 1569 1294 1606 discrimina
1316 1571 1499 1605 nobiscum
1522 1570 1696 1605 benevole
1715 1581 1812 1604 com-

44 1624 254 1661 municavit.
317 1621 485 1657 Dabimus
509 1621 627 1666 itaque
650 1631 814 1666 operam,
847 1627 884 1654 ut
904 1620 1083 1668 integrum
1107 1620 1235 1655 SCtum
1261 1621 1496 1655 MARCIANUM
1522 1631 1566 1654 ex
1583 1619 1727 1665 antiquo
1743 1629 1813 1654 aere

42 1675 326 1722 repraesentatum
349 1679 551 1716 compareat
568 1671 660 1705 inter
677 1668 885 1705 accessiones
912 1668 955 1704 ad
986 1680 1072 1716 opus
1097 1669 1372 1704 Bmssomnuu
1397 1668 1432 1704 de
1453 1668 1619 1703 Formulis.
1672 1671 1815 1704 Interea.

43 1735 150 1759 unum
172 1721 425 1763 delibabimus„
449 1719 555 1766 idque
573 1718 665 1754 haud
685 1717 896 1765 postremum
916 1717 1092 1765 specimen
1109 1746 1118 1761 ‚
1145 1718 1309 1764 quoniam
1334 1716 1380 1752 de
1405 1717 1808 1762 FABRETTlscl'iptura:

42 1773 307 1815 Innquotrom
334 1768 554 1805 mentionem
577 1768 774 1814 injecimus.
827 1767 968 1804 Cascum
986 1767 1079 1802 enim
1104 1767 1171 1803 hoc
1187 1767 1331 1802 omnino
1348 1765 1399 1801 est
1416 1795 1425 1810 ,
1451 1777 1517 1802 nec
1535 1766 1595 1801 nisi
1614 1778 1681 1801 una
1698 1767 1812 1802 Litte-

43 1833 82 1859 ra
98 1822 143 1857 D.
165 1829 385 1867 corruptum:
412 1818 586 1864 habetque
603 1817 865 1853 authenticum:
899 1818 1136 1859 Inoquotron
1151 1844 1161 1860 ,
1192 1818 1215 1852 i.
1237 1829 1267 1852 e.
1295 1818 1328 1851 in
1348 1817 1478 1852 occulto.
1528 1816 1671 1851 Scilicet
1692 1816 1812 1861 prohi-

42 1872 105 1908 bet
129 1871 258 1906 sctum
277 1881 286 1904 τ
314 1869 414 1904 Sacra
436 1869 474 1907 in,
491 1868 608 1903 occulto
624 1879 662 1902 ne
685 1865 971 1914 quisquamfeciſjb
987 1867 1106 1909 vellet,
1134 1878 1231 1912 neque
1249 1868 1282 1900 in
1294 1867 1441 1912 publico,
1467 1877 1565 1911 neque
1583 1867 1731 1912 privato,
1758 1877 1811 1900 ne-

45 1933 102 1968 que
121 1929 215 1956 extra
248 1919 366 1954 Urbem
381 1917 503 1965 sacra,
534 1916 819 1964 (Bacchanalia)
856 1918 1020 1962 quisquam
1037 1914 1155 1962 seczffe
1186 1916 1292 1950 vellet.
1346 1915 1466 1951 Nemo
1499 1915 1630 1957 nescit,
1658 1915 1811 1950 nefanda

45 1972 122 2006 haec
137 1971 229 2006 sacra
250 1968 427 2016 prohibita
445 1965 544 2002 fuisse
556 1993 566 2009 ‚
591 1977 661 2000 non
677 1967 722 2001 ob
740 1965 967 2012 Religionem
981 1992 990 2008 ‚
1015 1965 1239 2011 quantumvis
1261 1964 1503 2011 peregrinam,
1531 1963 1588 1998 sed
1605 1964 1651 1997 ob
1669 1963 1810 2006 scelera,

46 2020 121 2065 eius
146 2027 320 2065 praetextu
347 2027 410 2062 per
439 2016 595 2051 occultas
620 2015 795 2051 coitiones
829 2023 1028 2061 perpetrata
1046 2041 1056 2056 ‚
1089 2013 1212 2060 quibus
1239 2013 1470 2048 Bacchanalia
1487 2014 1657 2047 secretum
1674 2015 1809 2059 praebe·

46 2069 145 2104 bant.
194 2068 386 2113 Statimque
403 2065 438 2101 in
457 2065 550 2100 SCto
573 2064 723 2110 sequitur
744 2063 859 2099 forma
875 2089 885 2108 ‚
919 2074 1005 2110 qua,
1031 2063 1087 2110 qui
1106 2062 1168 2098 fibi
1186 2061 1361 2098 necessum
1379 2061 1448 2098 esse
1466 2061 1663 2099 Bacchanal
1682 2062 1813 2098 habere

48 2117 154 2160 dicit,
180 2117 354 2162 publicam
373 2113 629 2162 permistionem
646 2112 683 2149 &
700 2112 945 2150 aufioritatem
963 2112 1220 2159 impetrandam
1243 2113 1359 2148 habet.

95 2215 264 2264 Quintum
293 2213 493 2260 opusculum
520 2214 556 2248 de
587 2213 784 2261 Captatoriis
810 2211 1068 2261 institutionibus
1084 2239 1097 2258 ‚
1130 2225 1150 2248 a
1170 2213 1312 2250 nemine
1332 2224 1396 2258 pro
1421 2212 1595 2259 dignitate
1611 2210 1810 2257 argumenti

47 2276 93 2300 ex
109 2263 260 2309 professo
277 2262 314 2298 δε
335 2263 469 2309 integre
487 2262 725 2307 pertraCtatis,
765 2262 827 2298 nisi
855 2263 1129 2300 THOMASIANAM
1156 2263 1249 2298 forte
1275 2262 1549 2298 dissertationem
1567 2262 1730 2306 excipere
1747 2272 1807 2294 ve-

46 2315 114 2357 lis,
146 2325 165 2348 a
190 2311 312 2348 Nostri
340 2321 455 2346 tamen
478 2311 568 2346 curis
595 2312 673 2347 satis
704 2311 887 2348 distantem
908 2337 920 2354 ,
953 2323 1022 2347 non
1050 2313 1131 2348 alias
1152 2313 1386 2348 institutiones
1411 2312 1617 2358 captatorias
1642 2309 1811 2354 attingit,

47 2374 148 2411 quam
175 2373 252 2408 quae
279 2361 321 2396 ad
350 2361 466 2407 legum
499 2360 632 2396 tabulas
655 2361 834 2406 pertinent
853 2389 862 2405 ,
894 2360 932 2396 ὅτ.
963 2372 1046 2407 quas
1066 2361 1343 2408 Jurisprndentia
1364 2370 1522 2401 coercet,
1550 2358 1676 2392 omiffis
1692 2385 1701 2400 ‚
1726 2369 1833 2403 quas.

47 2421 162 2460 poetae
183 2411 249 2445 sale
271 2410 330 2444 suo
349 2408 540 2456 perfricant
555 2435 566 2451 ‚
591 2410 684 2445 mille
704 2419 922 2456 captatorum
940 2408 1135 2453 fraudibus,
1168 2423 1244 2458 quae
1267 2410 1377 2457 magis
1395 2422 1413 2445 a
1437 2411 1568 2444 secreto
1589 2408 1755 2454 cujusque
1772 2419 1809 2441 a-

47 2461 131 2497 nimi
150 2459 322 2505 pendent,
354 2469 456 2505 quam
480 2468 517 2494 ut
541 2458 600 2494 sub
624 2459 879 2506 legislationem
902 2459 1076 2506 publicam
1100 2459 1240 2495 cadant.
1293 2460 1415 2506 Itaque
1434 2459 1501 2493 Vir
1518 2456 1753 2501 Ampliffimus
1772 2457 1808 2490 in

46 2509 251 2546 illustrandis
274 2509 406 2554 legibus
435 2507 585 2550 duabus,
620 2509 640 2543 l.
668 2519 725 2553 70.
761 2506 802 2548 ἑὸ)
836 2509 856 2543 l.
884 2519 941 2553 71.
968 2510 1016 2543 D.
1043 2510 1080 2544 de
1105 2509 1230 2545 Haered.
1260 2508 1363 2555 instit.
1388 2507 1510 2556 quibus
1530 2507 1751 2542 PfflNmNus
1769 2504 1807 2539 δε

47 2560 185 2595 Plutus
203 2567 312 2604 agunt
331 2557 413 2591 data
436 2568 542 2602 opera
567 2556 612 2591 de
641 2557 842 2603 captator-iis
867 2556 1142 2595 institutionibus
1161 2587 1171 2602 ,
1198 2568 1303 2606 atque
1330 2558 1365 2593 in
1388 2556 1578 2592 earundem
1597 2555 1807 2591 sententiam

49 2607 264 2653 explicandis
288 2606 308 2640 I.
339 2610 394 2644 81.
421 2605 452 2654 §.
482 2618 511 2641 1.
539 2603 580 2645 δέ’
605 2606 626 2640 I.
657 2605 724 2651 29.'
741 2606 784 2640 D.
799 2606 877 2641 ·eod.
904 2607 958 2640 tit.
985 2607 1138 2654 itemque
1163 2610 1183 2643 l.
1199 2620 1252 2643 20.
1280 2606 1309 2655 ᾗ.
1337 2608 1394 2642 ult.
1423 2607 1467 2641 D.
1497 2606 1532 2640 de
1557 2605 1674 2640 condit.
1701 2602 1807 2649 instit.

49 2665 143 2692 totus
160 2655 330 2690 versatur:
358 2654 530 2699 ostendit,
557 2665 631 2702 quae
648 2667 740 2691 verae
757 2655 1044 2702 fintfjcaptatoriae
1060 2657 1294 2693 institutiones
1313 2682 1323 2700 ‚
1352 2667 1427 2702 quae
1450 2666 1539 2697 non,
1568 2656 1648 2689 licet
1669 2652 1736 2687 effe
1756 2651 1807 2685 vi-

50 2705 220 2746 deantur3
247 2715 322 2750 quae
343 2702 408 2738 sint
428 2704 632 2750 captatoriae
651 2705 827 2750 scripturae
847 2703 1023 2748 formulae,
1050 2705 1086 2742 ἃ
1104 2706 1398 2752 quemadmodum
1422 2706 1474 2739 his
1492 2704 1648 2739 conditio
1668 2703 1808 2736 hamata.

49 2753 130 2791 infit
139 2765 150 2797 ;
177 2752 470 2800 quemadmodum
491 2753 566 2788 haec
582 2763 653 2790 non
670 2753 748 2789 infit
767 2755 863 2797 alim,
890 2763 964 2789 utut
980 2756 1091 2802 prima
1106 2756 1222 2802 specie
1240 2752 1288 2793 ita
1311 2754 1422 2790 videri
1438 2752 1550 2799 poslit.

102 2850 238 2886 Claudit
255 2850 524 2896 pulcherrimum
547 2852 717 2889 senarium
728 2881 738 2898 ,
763 2853 857 2901 quod
875 2853 1000 2896 restat,
1027 2855 1228 2902 opusculum
1247 2855 1284 2889 de
1302 2854 1421 2899 legatis
1438 2851 1541 2886 Poenae
1560 2849 1693 2883 nomine.
1731 2848 1806 2884 Ha-

51 2901 181 2942 bebat,
215 2898 239 2933 st
265 2911 331 2946 qua
358 2899 423 2934 alia
439 2926 451 2943 ‚
486 2901 561 2936 haec
587 2902 707 2949 utique
741 2903 828 2950 juris
858 2903 1009 2939 Romani
1026 2904 1195 2950 particula
1212 2903 1394 2937 sollicitum
1411 2927 1421 2942 ‚
1448 2909 1484 2934 ut
1500 2899 1572 2945 ipse
1588 2897 1774 2942 profitetur
1791 2923 1806 2940 ,

52 2949 181 2985 Virum
206 2946 458 2993 Ampliffimum
475 2975 485 2991 ‚
517 2950 600 2985 inde
625 2963 645 2987 a
668 2953 789 2998 puerili
813 2961 928 2988 aetate.
982 2953 1161 2994 Videbat,
1190 2952 1305 2997 legata
1324 2960 1435 2994 poenae
1452 2947 1594 2982 nomine
1611 2946 1729 2982 relicta
1745 2947 1804 2981 da-

52 2995 183 3033 mnasse
203 3007 365 3032 veterum
383 2997 714 3043 Jurisprudentiam‚
741 3000 818 3044 sed,
844 3013 903 3036 cur
919 3001 1160 3040 damnaverit,
1186 2999 1356 3034 anemine
1374 3009 1438 3043 pro
1453 2996 1626 3041 dignitate
1642 3006 1804 3030 veterum

54 3047 218 3094 JCtorum
244 3045 400 3092 expediri
418 3070 432 3088 ,
462 3056 528 3081 nec
549 3049 726 3093 quomodo
750 3049 832 3086 illud
850 3061 928 3085 cum
950 3050 1086 3084 ratione
1103 3047 1140 3082 ἃ
1159 3048 1289 3092 reliqua
1305 3045 1581 3092 Jurisprudentia
1597 3044 1691 3080 reEte
1707 3057 1803 3080 com·

50 3095 138 3143 poni
157 3093 257 3140 poffit
271 3122 281 3137 ‚
306 3093 451 3129 ostendi.
477 3094 704 3133 Existimabat
718 3098 855 3146 itaque,
881 3099 1168 3137 Tmommsmm
1190 3096 1272 3141 quid
1290 3096 1465 3130 veteribus
1482 3096 1597 3141 legata
1611 3105 1722 3140 poenae
1738 3105 1801 3128 no-

51 3144 149 3179 mine
166 3143 321 3186 fuerint,
348 3154 418 3177 non
438 3144 516 3178 satis
534 3145 755 3189 intellexiffe,
779 3158 884 3194 atque
911 3146 1073 3192 exempla
1088 3144 1236 3179 attuliss'e
1263 3144 1397 3190 prorsus
1420 3144 1550 3186 aliena,
1576 3144 1727 3190 denique
1745 3155 1802 3177 ex-

53 3192 258 3249 ceptionem
273 3190 393 3229 feciffe
409 3191 465 3236 id,
491 3193 584 3239 quod
601 3194 672 3240 ipsa
693 3196 814 3242 regula
836 3195 951 3231 fuiffet
977 3195 1067 3241 apud
1085 3204 1243 3238 veteres,
1270 3196 1302 3228 in
1324 3192 1354 3242 ᾗ.
1382 3195 1440 3229 ult.
1467 3191 1578 3240 Instit.
1604 3193 1640 3229 de
1666 3194 1806 3239 legatis,
1836 3194 1841 3196 “

129 3265 133 3268 -
1083 3243 1108 3278 Ρ
1133 3253 1157 3290 Ρ
1186 3253 1204 3278 2
1773 3250 1812 3276 ut
