2008 3436
203 121 274 156 am

201 197 324 221 cretum
349 188 449 230 (28),
471 199 535 231 quo
565 189 700 222 Ordines
721 188 970 227 constituerunt,
994 187 1065 228 quia

201 240 267 262 non
295 229 434 269 constat,
459 230 617 270 Judicibus
639 230 836 262 Militaribus
863 229 958 261 ullam
982 229 1063 260 dela-

203 280 268 302 tam
292 271 354 303 effe
377 272 408 303 in
434 271 529 304 Cives
557 271 758 314 (Boi-gerlylce
793 268 1062 310 Stamlspeifinen)

200 312 447 352 jurisdictionem
461 336 472 352 ‚
494 314 634 354 placere,
656 323 725 353 qua:
740 312 840 352 Judex
857 312 1009 344 Militat-is
1026 319 1063 340 ea

200 355 234 385 in
255 363 289 384 re
311 353 452 394 fecerat,
482 361 540 394 pro
566 354 689 386 infectis
716 353 910 385 haberentur.
957 352 1061 397 Quam

201 394 323 426 causam
342 395 453 427 deinde
472 396 566 427 Curia
585 394 765 426 Hollandiae
783 393 960 434 judicavit(
975 392 1060 432 29),

199 445 265 467 11011
290 444 324 467 ut
350 437 523 468 ordinarius
550 436 675 476 =ludex,
703 434 754 466 sed
780 445 818 468 ex
843 445 882 466 eo
908 434 1062 466 Ordinum

200 475 290 508 Holl.
316 477 458 509 Decreto
484 486 532 508 11.
564 477 639 516 Apr.
669 479 758 515 1658.
782 476 958 518 specialiter
987 484 1062 505 con-

199 516 351 557 stitutus,
384 519 455 559 quia
474 541 484 557 ‚
517 525 551 548 ut
570 518 614 548 ait
639 517 669 548 d.
694 517 868 549 Decretum
887 541 896 556 ‚
928 516 957 547 id
984 524 1061 546 tune

201 560 352 600 temporis
375 561 416 590 ob
444 568 553 600 graves
577 559 714 589 rationes
735 559 816 599 apud
838 557 1060 598 Magistratum

201 599 475 633 Niervaartensem
492 599 660 630 commode
679 598 746 630 sieri
763 609 827 631 non
849 606 987 640 poterat.

243 641 297 672 Ait
315 641 441 682 quidem
463 641 494 671 id
511 639 682 671 Decretum
705 649 755 672 11.
778 640 852 682 Apr.
882 644 971 679 1658.
990 638 1062 680 quia

199 693 263 715 non
291 681 413 713 constat
431 704 442 720 ,
472 681 565 713 ullam
591 681 745 712 militibus
769 682 800 712 in
824 682 918 714 Cives
939 680 1059 720 jurisdi-

200 725 338 755 ctionem
359 722 420 753 effi:
443 722 617 755 concessam
635 745 646 760 ,
676 723 704 754 δί
732 723 859 763 pressius
889 723 1002 754 nullam
1028 723 1061 752 in

200 765 403 796 Provinssares
433 764 468 796 iis
493 771 675 804 competere
698 763 833 795 declarat
860 765 880 795 l.
917 774 942 795 1.
970 763 1002 794 C.
1027 764 1060 793 cie

203 804 290 846 Offic.
316 803 459 847 Illugistr.
485 806 573 836 mfls't.
593 805 622 836 ὥς
641 805 712 835 inde
727 805 863 843 dixeris,
883 805 978 836 Cives
995 805 1061 835 nul-

199 847 231 878 lo
249 845 320 877 casu
336 846 542 885 jurisdictioni
562 846 687 878 militari
705 845 766 877 effe
786 845 938 878 subditos.
969 844 1060 892 Quid

197 897 273 925 creso
286 912 294 924 ,
318 887 338 918 si
355 888 385 918 in
405 886 507 919 castris
528 887 742 928 deliquerint?
766 887 807 919 Et
828 895 904 919 tune
921 887 1061 919 subditos

199 928 278 967 csse,
301 928 372 960 inde
396 928 481 960 forte
513 927 656 960 effeceris
672 950 681 966 ‚
713 929 798 968 quod
826 928 923 960 castra
946 937 1061 962 novam

198 970 282 1010 quasi
299 969 532 1001 universitatem
558 968 763 1001 constituant.
807 970 859 1002 Sic
881 970 990 1011 utique
1009 969 1059 1009 Ju-

197 1012 243 1043 110
266 1010 383 1049 Claro,
407 1011 447 1043 sic
468 1011 536 1042 aliis
554 1011 634 1050 apud
658 1010 785 1042 Clarum
804 1011 930 1043 videtur
949 1011 989 1042 L.
1015 1010 1056 1042 V.

201 1053 334 1083 Scxzteizt.
369 1052 397 1094 §.
425 1051 513 1093 final.
547 1052 589 1092 9.
620 1057 671 1094 38.
701 1063 730 1084 71.
762 1063 792 1092 4.
825 1053 943 1084 Verum
972 1052 1003 1083 id
1027 1052 1056 1084 d.

198 1093 372 1125 Decretum
393 1103 456 1126 non
484 1086 643 1131 admfftit,
666 1093 696 1124 dt
715 1094 746 1124 in
773 1094 800 1135 ᾗ.
827 1098 875 1128 80.
901 1092 965 1125 LL.
991 1093 1057 1125 Mi-

196 1135 353 1173 ]itarium,
376 1145 449 1177 quas
478 1134 612 1167 Ordines
641 1133 809 1167 Gener-ales
835 1134 988 1166 dederunt
1009 1144 1056 1176 13.

197 1176 277 1217 Aug.
312 1180 401 1214 1690.
436 1177 466 1207 &
490 1186 520 1213 9.
543 1175 622 1215 Maj.
651 1184 740 1216 1705.
766 1176 858 1218 (30)
883 1175 1058 1216 specialiter

197 1216 405 1249 constitutum
433 1216 495 1255 est,
520 1217 648 1248 calones
665 1239 675 1254 ,
706 1218 736 1248 in
763 1218 869 1249 castris
902 1216 1058 1256 caloniam

197 1267 399 1297 exercentes,
422 1258 523 1298 Judici
551 1258 678 1289 militari
708 1257 870 1290 subessent.
917 1256 1056 1288 Frederi-

194 1310 251 1331 cus
277 1309 402 1340 quoque
424 1299 600 1337 Henricus,
625 1299 779 1330 Oranwius
804 1297 943 1339 Dynasta
973 1298 1005 1328 in
1028 1296 1057 1338 §.

200 1351 248 1373 12.
276 1341 377 1373 Edicti
414 1351 442 1381 7.
478 1340 558 1379 Maj.
593 1343 682 1379 1650.
711 1322 804 1381 (31)
827 1341 864 1370 ab
888 1338 1058 1371 Ordinibus

196 1381 406 1414 Generalibus
444 1381 577 1412 totidem
616 1381 718 1412 verbis
750 1380 876 1420 repetiti
910 1385 938 1415 8.
976 1379 1057 1411 Dec.

198 1427 289 1464 1665.
314 1423 409 1464 (32)
427 1421 610 1460 constituit,
636 1431 674 1452 ne
691 1422 760 1462 quis
784 1422 815 1453 in
840 1421 946 1453 castris
964 1421 1057 1453 alium

195 1464 375 1502 111-16116161,
399 1471 452 1495 aut
470 1464 501 1494 in
522 1463 570 1502 jus
591 1471 720 1494 vocaret
741 1463 782 1494 ob
802 1462 957 1494 actionem
978 1462 1057 1493 anti-

195 1515 286 1545 quam
306 1528 316 1543 ,
338 1512 392 1536 aut
415 1504 578 1541 debitum,
602 1512 693 1535 extra
714 1503 812 1535 castra
841 1503 1058 1541 conti-atium,

194 1547 246 1580 sed
263 1546 342 1585 hoe,
367 1546 396 1578 ὃ(
419 1545 536 1586 reliqua
560 1546 694 1584 ibidem,
719 1545 815 1586 magis
834 1545 981 1576 videntur
998 1543 1058 1575 esse

194 1587 358 1621 referenda
382 1588 418 1619 ad
443 1587 526 1619 solos
548 1586 676 1619 milites.
722 1586 816 1618 Anno
836 1594 940 1618 tamen
965 1589 1057 1627 1638.

194 1629 318 1670 Judices
344 1629 503 1661 Militares
533 1626 775 1660 Maastrichtani
793 1652 803 1667 ,
836 1637 876 1658 ex
903 1627 1058 1659 Ordinum

193 1670 396 1702 Generalium
414 1669 618 1707 auctoritate,
638 1669 789 1709 quosdam
805 1668 921 1701 Laicos
939 1669 969 1700 ἂ
984 1667 1056 1700 Cle·

193 1713 297 1749 rieos,
321 1712 375 1753 qui
401 1710 553 1753 prodendi
578 1710 686 1751 oppidi
707 1710 870 1742 consilium
890 1718 1056 1751 ceperant,

193 1754 232 1785 ad
250 1752 427 1794 supremum
446 1751 633 1793 supplicium
651 1751 834 1783 damnarunt
849 1751 938 1793 (33).
964 1751 1056 1789 Scio,

195 1804 259 1835 quo
289 1795 399 1826 colore
429 1794 460 1826 in
488 1803 523 1825 ea
549 1791 637 1824 causa
659 1793 802 1825 militaris
825 1792 998 1833 jurisdictio
1022 1792 1058 1824 fit

193 1835 338 1875 defensa,
363 1835 414 1867 sed
430 1843 493 1866 tam
511 1834 549 1866 de
564 1834 800 1874 jurisdictione,
823 1843 915 1875 quam
934 1834 972 1865 de
994 1833 1058 1874 ipsa

191 1886 304 1919 poena,
327 1879 358 1908 in
383 1876 528 1908 Clerieos
552 1876 691 1909 exercita
706 1899 716 1915 ,
748 1875 841 1910 satius
866 1874 911 1907 est
934 1883 1054 1914 tacere,

194 1927 285 1961 quam
302 1927 409 1960 parum
427 1917 544 1949 dicere.

235 1959 332 2002 Quod
350 1960 446 2000 igitur
463 1959 617 1998 dicimus,

192 2004 371 2034 vertitatem
402 1999 594 2032 constituere
610 2023 621 2039 ,
642 2000 726 2041 quod
752 2001 788 2031 ad
812 1999 896 2032 solos
920 1999 1056 2037 milites,

191 2052 325 2084 eosque,
350 2042 402 2083 qui
423 2051 480 2083 pro
499 2041 655 2074 militibus
680 2041 852 2080 habentur,
875 2050 985 2072 verum
1000 2038 1056 2071 cst.

192 2084 320 2116 Milites
334 2084 364 2115 in
383 2083 498 2115 Castris
518 2092 687 2115 commune
712 2083 860 2114 delistum
877 2082 1057 2122 delinquen-

191 2134 261 2164 tes,
284 2125 378 2164 etjam
402 2124 446 2155 ibi
465 2125 656 2165 puniuntur,
681 2124 712 2156 ὃς
737 2123 828 2156 valde
844 2123 957 2155 inutile
979 2122 1055 2154 esset

190 2175 245 2198 eos
279 2165 316 2197 ad
350 2164 487 2197 Civilem
515 2165 655 2205 judicem
684 2165 854 2196 remittere.
906 2163 1054 2205 Idemque

191 2207 318 2239 obtinet
343 2206 375 2238 in
397 2205 520 2243 Class'e,
544 2215 677 2247 namque
699 2206 729 2237 ὅ(
756 2207 786 2237 111
811 2215 848 2236 611
863 2227 874 2243 ,
906 2213 956 2236 tan
983 2214 1054 2236 uam

190 2247 393 2280 universitate
417 2247 546 2288 quadam
560 2270 569 2285 ‚
594 2247 724 2279 Senatus
747 2246 901 2278 Militaris
918 2246 948 2278 &
967 2254 979 2278 l
1002 2256 1053 2278 au-

191 2291 274 2323 ticus
290 2289 329 2321 de
346 2297 537 2329 quocunque
555 2288 687 2319 crimine
703 2288 832 2327 judicat.
877 2288 1055 2320 Secundum

191 2332 260 2364 haec
277 2330 401 2372 Judices
415 2330 575 2362 Militares
589 2339 670 2361 anno
690 2332 779 2369 1665.
796 2329 827 2361 in
843 2328 964 2368 Classe,
984 2338 1055 2370 quae

190 2373 293 2405 adhuc
309 2372 341 2403 in
370 2370 540 2402 Hollandia
562 2370 700 2402 haerebat
725 2370 890 2411 (nondum
915 2371 998 2402 enim
1023 2370 1056 2401 in

190 2424 277 2446 mare
305 2412 517 2453 excurrerat)
547 2412 640 2443 etiam
674 2412 712 2443 de
740 2411 856 2442 delicto
893 2411 1055 2442 communi

188 2457 237 2497 jus
264 2455 411 2486 dixerunt
438 2453 540 2496 (34).
573 2453 603 2485 Si
626 2460 714 2486 extra
741 2452 874 2484 Class'ern
902 2452 1054 2493 ejusmodi

189 2497 339 2529 delictum
362 2494 438 2526 esset
471 2493 667 2527 commiss'um
685 2518 694 2534 ,
719 2493 923 2535 Magistratus
950 2494 990 2525 de
1015 2503 1054 2524 eo

190 2538 276 2571 reete
292 2537 465 2578 judicaret,
491 2536 583 2576 idque
602 2535 701 2576 ipsum
720 2533 783 2574 est,
808 2536 892 2576 quod
913 2535 957 2566 ait
972 2534 1001 2576 δ.
1023 2545 1053 2576 3.

190 2579 315 2611 Formae
343 2578 493 2609 Admiral.
529 2586 577 2618 13.
601 2577 683 2618 Aug.
716 2586 804 2617 1597-
830 2576 923 2619 (35)
947 2578 998 2608 dat
1021 2578 1055 2607 de

190 2619 350 2657 Deliften,
372 2620 472 2649 butten
499 2619 697 2658 Scaeepshoort
723 2618 859 2660 gepleegt
876 2641 889 2657 ,
921 2628 957 2650 en
991 2620 1056 2650 niet

642 1958 749 1990 Castra
765 1967 879 1990 novam
895 1957 977 2000 quasi
994 1956 1059 1989 uni-

229 2733 307 2771 (28)
329 2731 475 2770 Resolutz'en
495 2740 548 2760 van
564 2731 734 2769 Canfideratie
750 2738 792 2759 ten
805 2731 864 2768 tyde
879 2740 933 2760 van
949 2731 979 2761 de
994 2731 1054 2761 We

189 2782 218 2811 p.
235 2777 300 2809 436.
322 2773 391 2800 Bort
409 2770 530 2799 Traaaat
550 2769 689 2798 Crimineel
710 2769 763 2798 Tit.
780 2771 802 2797 1.
823 2779 849 2798 n.
866 2778 911 2805 50.

229 2812 304 2848 (29)
326 2810 438 2838 Formnl.
454 2808 479 2837 d.
498 2807 530 2838 T.
547 2809 582 2836 11.
604 2808 634 2836 C.
652 2812 697 2838 26.
718 2817 745 2844 p.
762 2811 827 2842 463.

229 2850 308 2886 (30)
328 2848 424 2883 Vulgo
443 2847 492 2875 den
511 2846 731 2884 Articul-Brief.

226 2887 306 2925 (31)
328 2887 403 2915 Plac.
425 2885 510 2914 Orcld.
531 2885 653 2914 General.
676 2885 747 2915 Tom.
764 2885 800 2913 II.
821 2892 849 2920 p.
864 2887 929 2913 216.

226 2927 308 2963 (32)
328 2926 456 2954 Aitzema
475 2922 577 2961 Hister.
598 2923 635 2952 L.
650 2924 741 2952 XLV.
762 2932 789 2960 p.
807 2924 888 2957 1388.

228 2966 306 3000 (33)
326 2964 404 2992 Idem
426 2962 520 2991 ibidem
541 2962 575 2991 L.
590 2963 698 2991 XVIII.
719 2971 746 2999 p.
766 2967 904 2995 131-133.

229 3005 310 3041 (34)
331 3002 411 3031 Idem
432 3001 527 3029 ibidem
546 3001 581 3029 L.
597 3001 688 3029 XLV.
708 3009 736 3038 p.
753 3007 819 3035 934.

225 3044 304 3077 (35)
326 3040 402 3069 Plac.
424 3040 459 3068 11.
482 3047 507 3073 5.
529 3041 555 3069 8.
579 3047 603 3068 1.
627 3047 651 3068 1.

227 3079 307 3116 (36)
329 3080 459 3108 Aitzema
480 3075 584 3114 Hister.
604 3077 640 3107 L.
656 3077 747 3107 XLV.
762 3085 790 3114 p.
806 3083 872 3111 932.
897 3081 965 3110 933.
987 3081 1053 3109 934.

189 3126 255 3153 942·
274 3121 339 3152 946.
365 3119 498 3152 949<96L
1018 3150 1024 3156 .

225 3156 305 3191 (37)
327 3155 404 3183 Idem
421 3154 516 3182 ibidem
537 3153 630 3182 LVI.
645 3163 672 3191 p.
689 3161 755 3188 207.
773 3152 799 3181 &
814 3155 878 3182 208.
907 3150 1056 3191 Κψίηιτιη

183 3201 236 3224 van
253 3192 422 3229 Corfideratie
442 3197 485 3221 ten
503 3193 562 3230 tyde
577 3201 630 3222 van
646 3193 676 3222 de
692 3192 751 3222 Wis
769 3200 797 3230 p.
813 3199 877 3227 225.

438 108 1021 146 CORNEL11vAn
1095 82 1748 142 BYNKERSHOEK7

1106 185 1238 227 ‹tvesende
1267 186 1413 224 militair,
1437 184 1566 228 geflraft
1587 186 1684 218 zallen
1713 196 1814 228 mogen
1841 191 1957 224 werden
1990 190 1994 208 '¹

1105 228 1140 268 by
1154 229 1186 258 de
1204 225 1426 269 Illagistreten‚
1452 229 1485 259 in
1503 228 1628 259 welkers
1645 228 1809 269 jurisrz'iciie
1828 231 1860 260 cle
1879 233 1956 267 κείω

1104 274 1333 310 geperpetreert,
1359 268 1392 308 of
1412 269 1445 299 cle
1462 269 1679 310 delinquentem
1697 270 1845 310 gevonderz
1863 273 1956 306 zallen

1103 311 1234 341 werden.
1280 309 1428 350 Ignavia,
1446 310 1477 341 in
1494 310 1570 341 mari
1594 309 1774 348 commissa,
1795 309 1816 341 si
1842 314 1957 348 reversa
1992 322 1996 333 s

1104 360 1184 381 nave
1199 351 1250 383 1116
1266 350 1424 382 accusatio
1439 351 1493 382 fiat
1505 374 1515 389 ,
1539 350 1700 391 quaesitum
1718 351 1781 390 cst,
1806 353 1840 384 ad
1856 354 1957 387 Admi-

1104 392 1261 423 ralitatem
1278 416 1288 432 ,
1321 402 1358 424 an
1385 392 1422 422 ad
1445 391 1597 431 judicium
1621 392 1754 424 militare
1781 394 1957 433 pertineat?

1103 432 1165 464 Sed
1190 442 1272 464 anno
1303 437 1393 474 1665.
1417 433 1536 474 placuit
1553 455 1564 471 ,
1595 432 1632 464 ad
1659 432 1807 472 judicium
1829 436 1957 470 militare
2000 463 2003 470 .

1103 474 1261 514 pertinere
1281 473 1389 516 (36).

1146 514 1206 546 Sed
1230 514 1292 545 1106
1316 525 1378 547 11011
1409 516 1500 548 aliter
1524 524 1633 547 verum
1658 514 1720 554 est,
1746 525 1837 556 quam
1859 517 1880 549 fi
1895 519 1956 561 rei,
2002 510 2004 514 ’

1103 563 1267 595 antequam
1292 565 1546 596 reverterentur,
1576 558 1671 588 etiarn
1696 557 1815 597 judicio
1834 558 1957 594 militari

1103 596 1221 628 fuerint
1238 596 1373 636 subditi,
1397 599 1481 639 quod
1508 599 1539 630 in
1559 598 1712 630 militibus
1734 599 1874 638 obtinet,
1897 610 1957 637 non
2002 611 2005 634 ς

1103 638 1136 668 111
1152 638 1295 679 paganis,
1319 640 1371 678 qui
1388 649 1515 681 peregre
1533 640 1642 671 officio
1662 639 1750 670 civili
1766 639 1864 672 functi
1883 641 1957 678 sunt.

1105 678 1186 710 Cum
1198 702 1207 717 ,
1234 679 1287 719 qui
1305 680 1385 711 male
1406 690 1470 711 rem
1486 680 1601 721 gessisse
1623 680 1807 712 dicebantur
1826 682 1855 713 in
1868 682 1956 719 Brasi-

1104 720 1166 757 lia,
1188 720 1269 760 apud
1294 719 1494 753 Confiliarios
1519 722 1672 753 Ordinum
1699 720 1971 766 (361161111111111111-’

1104 761 1282 792 dicarentur
1300 785 1309 800 ‚
1344 763 1503 803 petierunt
1534 763 1668 795 Ordines
1702 761 1892 803 Generales,
1922 775 1959 800 ut·

1103 802 1393 843 Middelburgenses
1417 803 1528 835 Civem
1548 804 1710 844 quemdam
1735 803 1841 844 suum,
1864 807 1958 847 quiin

1104 842 1228 875 Brasilia
1254 844 1360 876 officio
1379 844 1468 876 civili
1491 844 1616 878 funCtus
1633 854 1716 884 erat,
1741 846 1877 886 ejusdem
1901 848 1958 882 cri-¹

1103 884 1195 916 minis
1209 884 1413 917 accusandum
1426 909 1435 924 ,
1461 885 1731 924 transmitterent,
1756 886 1892 928 praestita
1908 899 1956 922 22.

1106 925 1177 971 061.
1201 929 1292 965 1625.
1316 926 1354 957 de
1370 936 1433 958 non
1459 928 1695 968 praejudicando
1715 929 1873 961 cautione.
1896 928 1958 963 Ne-

1104 976 1268 1008 quicquam
1278 990 1288 1005 ,
1311 977 1346 999 ut
1363 975 1465 999 tamen
1480 969 1726 1010 interrogaretur
1740 978 1851 1001 contra
1865 970 1960 1012 alios,

1103 1007 1354 1048 transmiserunt,
1380 1009 1576 1051 iisdemque,
1606 1010 1696 1042 finita
1720 1010 1893 1051 quaestione
1913 1021 1958 1044 re-v

1100 1049 1187 1080 mitti
1213 1049 1441 1090 postulantibus
1456 1074 1466 1090 ,
1497 1051 1690 1083 remiserunt.
1721 1052 1786 1094 (37
1799 1052 1827 1093 ).
1850 1051 1966 1092 Rursus

1101 1099 1174 1121 cum
1192 1091 1314 1131 aliquot
1333 1092 1470 1123 militum
1492 1092 1637 1124 Praefetti
1651 1117 1659 1132 ‚
1685 1093 1715 1126 <St
1733 1095 1797 1125 duo
1817 1092 1962 1136 politici,

1102 1139 1137 1161 ut
1152 1141 1292 1170 vocant,
1315 1133 1368 1173 qui
1389 1133 1420 1164 in
1438 1133 1544 1164 eadem
1560 1134 1684 1166 Brasilia
1701 1135 1811 1166 contra
1829 1134 1963 1169 Ordines

1102 1171 1271 1204 Gener-ales
1295 1173 1458 1214 deliquisse
1482 1175 1683 1215 dicebantur,
1709 1177 1738 1207 in
1755 1174 1962 1210 Hollandiam

1101 1212 1197 1258 essent
1219 1214 1353 1251 reversi,
1374 1215 1509 1247 Ordines
1535 1216 1660 1256 quidem
1686 1215 1874 1255 Generales,
1894 1226 1962 1259 per-

1101 1255 1302 1286 mittentibus
1321 1255 1487 1287 l-lollandis
1506 1280 1515 1294 ‚
1540 1257 1663 1297 Judices
1686 1258 1846 1299 delegatos
1869 1258 1961 1290 dede-

1100 1303 1192 1332 runt,
1217 1295 1268 1327 sed
1314 1296 1376 1327 uod
1397 1297 1433 1327 ad
1463 1297 1643 1335 Politicos,
1673 1299 1806 1330 Ordines
1829 1298 1962 1332 111011311-

1100 1335 1181 1382 diae,
1202 1335 1282 1368 secu.
1292 1305 1368 1368 (dum
1389 1337 1440 1374 id,
1461 1345 1497 1368 ut
1522 1338 1629 1378 ajunt,
1655 1339 1739 1379 quod
1766 1339 1860 1370 Curia
1883 1339 1979 1372 Hor--

1100 1377 1211 1409 landiae
1234 1388 1284 1409 21.
1308 1377 1369 1417 Jul.
1397 1382 1485 1418 1648.
1512 1379 1543 1410 in
1567 1379 1655 1416 simili
1681 1379 1771 1412 causa
1797 1379 1960 1421 responde-

1101 1426 1171 1458 rat,
1196 1423 1243 1450 16.
1268 1420 1353 1460 Sept.
1382 1422 1472 1460 1654.
1496 1419 1593 1461 (38)
1617 1420 1826 1452 decreverunt
1845 1443 1855 1458 ‚
1884 1423 1959 1454 alte-

1100 1470 1169 1492 rum
1190 1469 1228 1493 ex
1250 1461 1319 1499 1113,
1344 1461 1397 1501 qui
1424 1460 1597 1494 Hellandus
1622 1470 1708 1499 erat,
1732 1463 1810 1503 apud
1834 1461 1961 1498 Curiam

1101 1501 1283 1536 Hollandiae
1301 1501 1363 1533 effe
1387 1501 1614 1541 accusandum,
1639 1504 1668 1535 &
1688 1503 1776 1536 simul
1790 1504 1959 1544 petendum

1101 1543 1138 1574 ab
1165 1543 1336 1575 Ordinibus
1359 1541 1571 1584 Groninganis
1589 1568 1598 1583 ,
1624 1545 1798 1576 concedere
1823 1546 1959 1587 vellent,

1101 1592 1136 1615 ut
1160 1585 1257 1622 alter,
1282 1584 1334 1626 qui
1364 1583 1587 1630 Groninganus
1610 1594 1698 1623 erat,
1725 1586 1755 1618 &
1778 1596 1851 1618 curn
1877 1596 1960 1619 cete·
1994 1614 2003 1617 -

1100 1626 1142 1657 ris
1171 1625 1201 1657 in
1230 1625 1401 1658 Hollandia
1423 1625 1620 1658 detinebatur
1636 1651 1645 1666 ,
1670 1627 1712 1658 ob
1734 1626 1962 1667 continentiam

1101 1666 1200 1699 causae
1216 1667 1311 1699 61111111
1330 1677 1347 1698 a
1364 1667 1459 1699 Curia
1475 1666 1657 1700 Hollandiae
1673 1668 1873 1708 judicaretur.
1900 1664 1960 1702 Sed

1101 1718 1196 1749 quum
1213 1708 1355 1749 plurimae
1376 1707 1553 1740 Provinciae
1572 1710 1667 1741 etiam
1686 1710 1716 1742 in
1737 1709 1891 1742 Politicos
1906 1709 1962 1744 fibi
1986 1718 1990 1722 ·

1099 1749 1345 1790 jurisdictionem
1362 1754 1566 1790 arrogarent,
1583 1750 1717 1782 Ordines
1735 1749 1914 1784 Hollandiae
1932 1761 1958 1785 1.
1986 1774 1989 1775 ν

1101 1791 1171 1822 Oct.
1200 1794 1290 1831 1654.
1315 1790 1414 1832 (39)
1443 1791 1678 1831 decreverunt,
1701 1790 1793 1824 Curia
1823 1791 1960 1825 Hollan·

1099 1832 1158 1864 diae
1178 1833 1306 1873 prolixo
1323 1831 1483 1870 Responso
1501 1841 1682 1872 excuteret,
1707 1842 1744 1865 an
1761 1842 1825 1865 non
1840 1833 1883 1873 ii,
1904 1834 1959 1875 qui

1101 1881 1213 1905 contra
1238 1873 1373 1906 Ordines
1407 1872 1578 1906 Generalcs
1609 1874 1831 1915 deliquerunt,
1863 1875 1960 1908 etiam

1100 1916 1132 1946 in
1162 1924 1270 1947 eorum
1303 1915 1465 1946 territorio
1482 1937 1493 1953 ,
1524 1915 1556 1946 in
1584 1915 1727 1956 Belgium
1756 1914 1959 1950 Foederatum

1099 1956 1211 1988 reversi
1227 1980 1236 1996 ‚
1272 1956 1451 1988 reciderent
1487 1956 1518 1987 in
1545 1956 1791 1996 jurisdictionem
1824 1956 1962 1997 ejusdem

1098 1997 1214 2038 judicis
1232 2020 1242 2035 ,
1274 2007 1366 2038 quem
1392 2005 1463 2029 ante
1494 1997 1648 2029 habebant
1667 1997 1684 2029 ‘?
1715 1998 1759 2030 Et
1788 1996 1958 2031 secundum

1100 2038 1333 2070 Hollandorum
1355 2037 1539 2070 sententiam
1557 2037 1654 2070 exstat
1676 2038 1833 2079 prolixum
1853 2037 1959 2071 Curiae

1099 2078 1292 2121 Responsum
1322 2084 1352 2114 8.
1384 2079 1454 2111 061.
1490 2082 1579 2119 1654.
1614 2079 1719 2120 (40).
1743 2080 1862 2120 optime
1887 2078 1958 2112 sane

1099 2120 1312 2162 conscriptum
1335 2143 1345 2159 ,
1370 2130 1428 2152 nee
1456 2119 1510 2151 nisi
1532 2119 1658 2151 frivolis
1687 2120 1861 2152 rationibus
1883 2130 1960 2153 con·

1098 2170 1145 2194 tra
1157 2161 1329 2203 disputavit
1337 2162 1433 2194 nubes
1446 2160 1713 2202 Pragmaticorum
1733 2171 1757 2193 1.
1768 2161 1854 2203 Sept.
1869 2165 1959 2204 1654.

1097 2204 1161 2244 (41
1176 2203 1203 2245 ).
1229 2203 1310 2245 Quat
1336 2212 1431 2244 porro
1451 2202 1483 2233 in
1511 2203 1568 2233 hac
1592 2201 1682 2233 causa
1700 2202 1794 2234 variis
1813 2205 1960 2244 tempori-

1097 2245 1155 2276 bus
1175 2245 1240 2278 aCta
1259 2244 1344 2286 gesta
1360 2243 1447 2281 sunt,
1472 2243 1545 2274 alibi
1563 2243 1696 2274 relatum
1716 2242 1761 2274 est
1781 2242 1847 2284 (42
1856 2244 1885 2285 ).

1139 2285 1289 2317 Ceterum
1321 2285 1455 2317 Ordines
1482 2283 1664 2316 Hollandiae
1689 2284 1818 2316 eandem
1834 2307 1845 2323 ‚
1867 2294 1958 2326 quam

1098 2327 1179 2366 dixi,
1203 2327 1388 2360 sententiam
1404 2325 1500 2356 etiam
1518 2325 1665 2366 deinceps
1680 2325 1838 2358 mordicus
1851 2325 1959 2358 defen-

1098 2368 1229 2407 derunt,
1251 2377 1320 2399 nam
1345 2367 1403 2399 alia
1429 2365 1612 2405 occasione,
1635 2375 1724 2407 quam
1743 2376 1805 2398 non
1822 2376 1959 2399 comme—

1098 2419 1210 2448 moro,
1234 2419 1263 2450 3.
1290 2408 1361 2441 oct.
1391 2411 1481 2448 1656.
1504 2407 1709 2439 decreverunt
1728 2407 1835 2449 (43),
1861 2407 1890 2439 &
1910 2417 1961 2439 eo-

1097 2451 1167 2482 dem
1192 2450 1242 2481 die
1258 2450 1443 2488 edixerunt,
1467 2448 1564 2490 (44)
1584 2448 1762 2481 Hollandos
1778 2458 1808 2479 m
1826 2447 1959 2480 Hollan-

1097 2493 1148 2524 dia
1167 2491 1354 2523 delictorum
1383 2491 1413 2522 in
1442 2490 1552 2521 officio
1573 2513 1582 2529 ‚
1612 2489 1695 2531 quod
1721 2489 1758 2519 ab
1789 2488 1959 2522 Ordinibus

1099 2533 1308 2566 Generalibus
1335 2532 1468 2570 habent,
1493 2539 1603 2562 contra
1630 2529 1763 2574 Ordines
1790 2527 1962 2563 Generalcs

1098 2573 1332 2608 commissorum
1343 2598 1352 2612 ‚
1368 2574 1522 2604 duntaxat
1537 2569 1669 2603 accusari
1683 2569 1770 2609 posse
1778 2570 1858 2615 apud
1872 2569 1960 2604 suum

1098 2616 1239 2658 judicem
1265 2614 1510 2651 Hollandicum,
1531 2612 1626 2653 idque
1642 2609 1760 2642 etiamsi
1777 2620 1810 2643 m
1826 2610 1960 2684 Hoglan-

1897 2662 1957 2686 iarn

1135 2729 1148 2767 (
1158 2730 1213 2767 38)
1236 2728 1381 2766 Resolutien
1393 2736 1447 2756 van
1461 2724 1631 2763 Confideratie
1647 2730 1690 2753 ten
1705 2725 1765 2762 tyde
1778 2733 1832 2753 vcm
1855 2724 1885 2754 de
1898 2724 1959 2755 Wit

1095 2777 1123 2806 p.
1143 2777 1208 2803 214.
1225 2767 1250 2795 &
1266 2774 1329 2801 215.
1350 2766 1376 2795 &
1396 2765 1469 2793 Beuo
1482 2763 1579 2803 Jurid.
1601 2762 1669 2802 Casu
1685 2771 1730 2799 40.
1752 2765 1780 2791 in
1793 2761 1844 2800 fin.

1135 2806 1212 2843 (39)
1234 2805 1335 2833 Ibidem
1354 2813 1382 2841 p.
1400 2811 1464 2837 219.

1133 2844 1210 2881 (40)
1231 2843 1331 2871 Ibidem
1351 2851 1379 2878 p.
1401 2849 1465 2875 219.
1494 2840 1519 2869 ἀ
1544 2840 1616 2868 Bello
1633 2839 1730 2879 Jurid.
1753 2838 1817 2877 Casu
1839 2847 1886 2875 4ο.
1909 2840 1958 2869 ubi

1096 2888 1188 2912 tamen
1207 2889 1351 2918 perperam
1367 2879 1466 2915 legitur
1486 2882 1513 2909 8.
1527 2878 1596 2915 Sept.
1619 2887 1671 2915 pro
1687 2881 1714 2908 8.
1729 2878 1787 2907 Ot2.

1133 2919 1214 2957 (41)
1234 2919 1302 2947 Bell.
1318 2917 1416 2957 Jurid.
1437 2916 1503 2955 Casu
1518 2926 1563 2952 40.
1586 2917 1678 2945 Princ.

1133 2958 1213 2994 (42)
1236 2957 1363 2985 Aitzema
1383 2954 1486 2992 Hister.
1507 2956 1541 2984 L.
1556 2956 1692 2984 XXXIV.
1713 2955 1957 2992 p.187.188.251.

1096 2997 1122 3026 ὄι
1138 3004 1203 3031 252.
1226 2993 1262 3029 &²
1282 2995 1312 3023 L.
1329 2995 1450 3024 XXXV.
1473 3003 1500 3030 p.
1518 3001 1661 3029 420-443-

1134 3034 1214 3071 (43)
1234 3031 1384 3071 Resolutien
1397 3042 1450 3062 van
1466 3032 1637 3069 Constderatie
1651 3039 1694 3059 ten
1715 3030 1773 3067 tyde
1787 3038 1840 3058 van
1857 3030 1887 3059 de
1901 3030 1958 3059 W:

1097 3082 1124 3112 p.
1139 3076 1204 3106 276.
1226 3071 1251 3099 δι
1272 3071 1347 3100 Flac.
1365 3073 1401 3100 11.
1423 3072 1542 3107 Appeml.
1564 3080 1590 3107 p.
1607 3074 1691 3106 2461.

1136 3110 1217 3147 (44)
1237 3111 1270 3138 In
1287 3110 1321 3138 de
1339 3110 1482 3139 voorschr.
1507 3108 1590 3146 Resol.
1607 3110 1673 3145 φρ.
1693 3111 1758 3142 276.
1780 3106 1804 3134 ἃ
1826 3106 1900 3136 Plac.
1921 3104 1955 3135 Ῑῐ.

1099 3158 1124 3185 5.
1143 3156 1168 3183 5.
1188 3157 1211 3176 1.
1230 3156 1255 3176 2.
1277 3147 1302 3176 ἃ
1324 3148 1391 3177 Bell.
1409 3147 1506 3188 Jurid.
1528 3147 1593 3184 Casu
1610 3155 1654 3182 37.
1679 3147 1707 3174 in
1725 3143 1777 3182 fin.
1801 3143 1826 3173 ἃ
1848 3143 1957 3176 infat-

1097 3189 1210 3224 ragine,
1230 3194 1290 3223 qua:
1308 3186 1425 3221 dicitur,
1446 3183 1621 3223 a’lnstruczie.
