2008 3436
139 123 208 166 256
387 112 959 151 CORNELIivAN

741 239 1105 277 CAPUT

1014 103 1619 145 nYNKERSHOEK

1206 237 1295 274 Vi.

137 361 193 398 Ad
220 361 367 398 eandem
404 362 422 397 Ι.
457 361 511 396 his
547 360 686 397 verbis:
720 355 815 406 ,Quod
839 355 871 402 fi
902 353 1078 400 separatim
1111 351 1251 396 tabuiis,
1282 357 1338 385 aut
1366 349 1556 391 heronffius,
1595 354 1653 382 aut
1679 347 1713 382 in
1740 347 1806 382 alia
1835 359 1916 396 cupa

181 421 299 468 clusum
335 423 582 467 zmiuscujusque
620 422 766 454 triticum
791 413 936 461 suffr,
972 416 1021 446 ita
1058 417 1091 444 ut
1119 407 1290 456 internosci
1313 408 1431 455 pqffet,
1459 409 1532 454 quid
1557 407 1707 452 cujusque
1732 404 1829 451 effet,
1855 419 1913 442 uon

179 479 314 528 potuisse
339 492 393 515 nos
415 481 682 526 permutationem
699 473 836 521 facere,
854 471 916 519 sed
942 477 1011 505 tum
1037 468 1121 516 pqffi:
1147 480 1238 510 eum,
1264 467 1355 512 cujus
1382 467 1528 500 triticum
1543 464 1685 511 fuzſjet,
1712 461 1791 509 quod
1815 470 1914 498 nauta

175 542 324 590 solviffiet
335 570 345 586 ,
371 543 549 577 vindicare.

227 682 268 702 on
293 680 356 702 tam
381 671 419 702 de
445 667 533 701 sensu
548 689 559 705 ‚
593 674 686 707 quam
713 662 751 694 de
778 660 905 706 verbis,
936 668 1005 700 quae

136 743 164 754 Δ
247 711 506 752 praeseripsimus,
531 708 701 740 laboratur.
746 704 808 735 Pro
819 702 1004 746 separatim,

136 756 221 792 quod
247 753 418 784 Florentiae
441 751 505 789 est,
540 757 649 781 omnes
670 745 738 777 fere
755 753 879 776 veteres
894 742 1006 787 Edito-

136 793 184 828 res
203 790 610 835 habentfhparazum,quod
628 787 759 819 omnino
777 784 922 827 praestat,
935 791 1008 824 quia

136 837 262 877 clusum,
295 834 380 876 quod
407 833 547 874 sequitur
563 856 572 871 ,
606 830 643 861 ad
670 828 784 859 zabulus
809 827 912 868 minus
937 832 1008 864 apte

135 879 282 910 referenr.
331 876 410 908 Uter
435 884 473 906 ue
505 874 600 905 etiam
624 871 694 903 MS.
716 877 803 900 meus
820 877 879 909 pro
898 866 1008 896 meroni-

137 923 186 951 imr
196 942 207 957 ,
229 919 356 959 dempta
375 917 411 948 ad
428 912 744 957 piratione,exhii>et
759 910 910 946 mnibus,
924 905 1010 952 quod

140 963 169 993 ἀ
193 960 238 991 est
266 960 298 991 in
320 959 448 1000 antiqua
470 957 621 989 Editione
650 952 731 994 apud
761 950 1010 983 Chevallomum

141 1012 231 1043 1523.
259 1000 420 1032 Robertus
444 998 643 1039 Stephanus,
658 994 823 1038 peroriiiius.
870 989 1009 1021 Haloan-

136 1044 191 1075 der
211 1044 238 1074 ἕξ
255 1041 468 1073 Vintimillius
491 1039 668 1070 centonibus.
713 1034 823 1067 Editio
849 1031 930 1073 apud
948 1029 1009 1076 fra-

140 1094 203 1116 tres
219 1083 431 1115 Sennetonios
453 1090 542 1121 1549.
570 1080 600 1111 ὅ(
615 1076 874 1121 Boudoza-1593'.
898 1073 1011 1102 herom-

139 1128 209 1164 hus,
234 1134 275 1156 ex
291 1123 512 1156 emendatione
529 1120 651 1153 scilicet
671 1117 802 1160 Budaei,
820 1123 911 1154 cujus
936 1114 965 1144 ὅς
983 1121 1012 1142 a-

136 1168 196 1199 lias
219 1165 455 1198 emendationes
479 1161 599 1203 antiqui
626 1158 774 1191 Editor-es
795 1155 866 1196 ipsis
891 1153 1012 1201 leglbus

137 1206 344 1241 intruserunt.
398 1206 522 1237 Berones
552 1201 685 1235 Budaeus
719 1198 832 1230 Annon.
855 1201 945 1236 prior.
974 1193 1013 1225 ad

132 1250 173 1292 ff.
198 1251 230 1281 in
257 1249 285 1280 h.
310 1249 332 1280 l.
363 1248 589 1288 interpretatur
605 1242 706 1284 succos
723 1263 734 1279 ,
765 1236 849 1285 ‘quast
859 1243 978 1282 perones
994 1244 1012 1265 a

134 1299 210 1334 pera
231 1290 330 1322 dictos.
377 1289 505 1327 Miror,
528 1295 593 1318 non
610 1282 693 1321 effe,
718 1290 772 1322 qux
791 1279 904 1319 legerit
918 1282 1013 1316 petro-

274 1341 345 1364 nam
372 1329 558 1371 pet-ronibus
587 1333 706 1357 merces
735 1318 983 1353 involvebantur
1002 1338 1013 1354 ,

137 1382 177 1407 ut
213 1373 362 1406 observat
385 1371 508 1402 Voffius
534 1368 571 1400 ad
612 1365 728 1397 Melam
764 1362 805 1393 L.
828 1358 894 1405 ΠΙ...
926 1359 959 1389 C.
983 1367 1011 1398 7.

138 1415 214 1457 very:
239 1421 268 1450 8.
294 1412 345 1445 sed
362 1412 429 1443 haec
449 1410 556 1442 omnia
572 1407 690 1439 nullius
712 1402 784 1435 sunt
799 1408 906 1442 pretii.
953 1399 1013 1446 Re-

139 1458 190 1490 ete
207 1455 356 1496 Cujacius
390 1453 430 1484 L.
452 1451 524 1483 VII.
557 1448 679 1489 Observ.
706 1446 737 1477 C.
757 1453 810 1491 ⁵39.
834 1440 977 1487 defendit
988 1450 1014 1471 e-

139 1500 276 1535 rom‘bus,
303 1495 377 1534 vel,
409 1493 494 1535 quod
521 1490 646 1528 malim,
676 1488 834 1531 aeronzbus,
856 1481 1015 1529 quae-lpsa

141 1550 209 1571 vox
224 1539 362 1570 aeronibus
380 1535 550 1567 exhibetur
567 1532 620 1563 hic
635 1531 718 1562 inter
732 1536 832 1558 varlas
848 1524 1016 1557 Lectrones

139 1580 211 1623 post
221 1577 450 1616 Haloandrum,
463 1576 494 1608 ὅ(
504 1575 546 1608 fic
556 1572 642 1605 forte
653 1570 732 1611 legit
740 1566 918 1605 Aoeuffius,
930 1574 1015 1604 cum,

140 1620 292 1664 quicquid
311 1620 365 1652 hie
389 1618 480 1650 verbi
503 1616 567 1654 cst,
590 1613 727 1654 accipiat
740 1619 799 1651 pro
816 1609 905 1658 <eucig
921 1605 1017 1645 vafis,

138 1664 220 1696 mala
241 1671 344 1694 tamen
369 1658 643 1701 interpretatione.
702 1652 777 1685 AEro
797 1652 855 1697 ..ἰπὶ-
872 1661 904 1677 τε
922 1651 1016 1687 αἴρειν,

139 1705 185 1737 est
202 1703 280 1736 vafis
298 1702 411 1745 spartei
431 1710 548 1743 genus,
573 1695 731 1740 portando
756 1691 835 1740 quid
847 1691 1017 1737 idoneum,

140 1754 178 1778 ut
197 1745 322 1778 Voffius
341 1744 370 1775 &
384 1741 559 1775 Meu-tinius
579 1740 612 1772 in
636 1735 854 1783 Etymolpgzczs‘
866 1731 928 1764 suls
947 1740 1019 1778 pro-

141 1788 265 1819 barunt.
312 1785 439 1816 Vellem
464 1783 561 1815 modo
580 1804 590 1821 ,
625 1788 666 1811 ne
682 1776 806 1810 Vossius
827 1788 850 1803 τι
870 1773 1019 1820 berombus

143 1830 175 1861 in
198 1829 227 1861 h.
242 1829 262 1859 l.
290 1826 424 1866 Cujacio
440 1823 616 1862 tribuisset,
663 1819 726 1851 uod
741 1817 860 1864 deaeo
879 1815 1017 1846 tribuen-

141 1871 216 1902 dum
253 1877 329 1901 erat.
376 1866 428 1898 De
455 1865 614 1898 aeronibus
653 1861 713 1893 atis
744 1859 827 1891 drxrt
847 1855 1019 1889 Turnebus

145 1911 276 1953 Advers.
296 1910 337 1942 L.
360 1906 488 1941 XXIV.
518 1907 549 1938 C.
572 1916 600 1937 2.
627 1904 658 1936 &
681 1902 721 1934 L.
741 1898 884 1934 XXVII.
913 1899 944 1930 C.
968 1906 1015 1942 ¹.0·

146 1954 177 1985 δί
198 1953 238 1984 L.
255 1950 371 1984 XXX.
403 1950 436 1981 C.
454 1957 485 1989 5.
514 1950 548 1979 in
559 1953 609 1988 pr.
655 1942 762 1976 Graeci
780 1951 884 1972 aerones
902 1940 954 1971 hic
973 1947 1017 1969 m-

146 2001 358 2035 terpretantur
379 1992 534 2032 cophinos,
565 1996 601 2019 ut
625 1986 734 2019 auctor
756 1982 802 2015 est
821 1981 969 2022 Cujacius
988 1980 1017 2026 d:

147 2035 186 2068 L.
208 2034 279 2065 Vll.
305 2032 429 2073 Observ.
457 2032 488 2063 C.
512 2041 563 2073 39.
589 2038 660 2061 nam
684 2027 716 2058 in
733 2024 872 2058 Bafilicis
888 2022 1020 2054 Fabrot1

149 2076 228 2108 nihil
244 2075 339 2106 hodie
355 2074 503 2105 habemus
526 2071 683 2111 reliquum
697 2068 735 2099 ad
758 2067 785 2097 h.
812 2066 831 2097 i.
848 2074 900 2107 31.
927 2063 1020 2104 cophi-

149 2119 181 2148 m'
202 2126 306 2148 autem
335 2113 405 2146 sunt
431 2115 547 2152 corbes,
577 2111 706 2153 propria
724 2107 904 2153 Judaeorum
922 2104 1021 2146 supel-

153 2159 205 2190 lex
224 2157 305 2197 apud
322 2155 504 2196 juvenalem
533 2155 632 2194 Sutyr.
653 2151 708 2183 III.
742 2150 818 2189 vers.
842 2156 887 2188 14.
914 2147 944 2179 ὃ(
969 2146 1021 2176 Sa-

151 2206 208 2241 tyr.
227 2198 283 2230 Vl.
302 2196 391 2237 werf.
416 2205 490 2236 541.
523 2195 554 2227 &
580 2201 683 2225 nautae
704 2189 850 2231 cophinis
864 2188 1024 2220 frumenta

151 2239 396 2314 tffansvehebant
413 2260 425 2276 ,
454 2245 490 2268 ut
513 2234 640 2268 memini
665 2243 716 2265 me
742 2233 846 2273 legere
870 2231 904 2262 in
920 2227 1022 2270 Hesy-

153 2292 171 2314 c
186 2291 238 2314 no.

196 2323 258 2355 Pro
278 2328 352 2363 cupu
371 2320 442 2353 sunt
460 2321 514 2361 qui
533 2317 698 2351 ediderunt
717 2321 831 2356 cuppa,
855 2312 906 2345 sed
914 2322 949 2344 ea
957 2320 1025 2343 vox

153 2373 291 2405 utroque
311 2362 409 2395 modo
427 2360 591 2399 scribitur,
617 2358 712 2390 etiam
730 2357 761 2388 in
775 2354 936 2388 Pandeffls
952 2352 976 2385 F
979 2353 1025 2384 lo-

156 2405 300 2437 rentinis.
343 2403 403 2436 Sed
427 2403 500 2444 quia
527 2400 641 2434 tabulae
670 2399 722 2430 vel
738 2406 858 2430 aerones
872 2405 937 2427 non
955 2393 1026 2425 sunt

156 2456 253 2487 genus
280 2455 389 2486 cupae,
422 2453 479 2475 cur
494 2444 557 2482 ait,
582 2447 634 2473 aut
650 2442 683 2472 iu
703 2448 787 2471 ALIA
803 2445 876 2479 cupa
893 2435 1028 2477 clusum?

157 2488 190 2520 Si
214 2493 363 2518 accurate
388 2485 554 2525 loquamur
572 2507 582 2522 ‚
613 2481 779 2514 dicendum
794 2504 803 2519 ‚
837 2480 867 2511 &
883 2476 970 2510 forte
986 2477 1028 2508 le-

157 2529 291 2570 gendum
309 2526 404 2564 esset,
431 2526 462 2557 in
478 2525 578 2567 aliqua
594 2533 694 2565 cupa,
715 2530 747 2553 at
762 2530 839 2552 vero
857 2516 1027 2551 moroiisu-

157 2580 227 2602 mus
239 2593 248 2608 ,
274 2568 296 2600 fi
315 2577 332 2598 a
351 2567 565 2608 Scriptoribus
593 2566 754 2606 exigamus
769 2563 895 2603 culpam
914 2558 1026 2592 leviffi-

160 2620 252 2642 marn.
299 2609 361 2640 Pro
385 2608 449 2639 anti
475 2616 517 2638 uo
538 2607 645 2647 clusum
670 2603 772 2636 rursus
798 2603 850 2635 alii
875 2600 1002 2643 clausum
1017 2621 1029 2638 ,

158 2652 211 2683 alii
230 2650 371 2690 inclusum
400 2648 449 2679 edi
474 2655 576 2679 erunt.
623 2645 719 2690 Quod
743 2653 831 2686 aeque
852 2644 894 2675 im
919 2642 999 2674 robo
1017 2664 1026 2680 ‚

163 2702 256 2734 quam
275 2700 334 2732 pro
353 2688 530 2728 internosci,
573 2688 635 2719 uod
654 2685 809 2725 sequitur,
833 2683 888 2716 sub
919 2683 1030 2722 iniere,

164 2736 243 2765 iuter
258 2742 309 2764 nos
317 2731 402 2772 sciri.
449 2724 530 2775 Quae
587 2728 669 2760 ectio
686 2725 871 2758 Haloandro
886 2723 1031 2755 adscribi-

164 2784 233 2814 tur,
269 2773 321 2806 sed
345 2772 400 2804 ille
424 2771 541 2810 ed1dit,
577 2778 611 2801 ut
628 2770 659 2801 in
675 2767 774 2799 Libro
791 2766 943 2799 Mediceo
962 2762 1033 2795 scri-

160 2823 251 2856 ptum
270 2814 332 2853 est3
356 2812 494 2846 refertur
506 2812 659 2846 duntaxat
675 2818 711 2841 ea
728 2807 839 2842 Lectio
849 2830 861 2848 ,
886 2813 1035 2847 tanquam

138 1335 224 1365 uibus
232 1356 241 1372 ,

1048 654 1154 702 varia,
1178 653 1249 696 post
1278 651 1449 686 editionem
1477 654 1662 687 Haloandri.
1707 651 1799 685 Nihil
1823 652 1919 685 etiam

1049 695 1196 735 interest,
1221 696 1324 736 legas»,
1348 697 1417 736 quid
1434 705 1472 727 an
1486 698 1557 738 quod
1573 696 1725 736 cujusque
1736 694 1834 732 essct,
1854 703 1919 725 mo-

1049 738 1091 769 do
1121 738 1308 769 alterutrum
1335 735 1438 769 serves
1455 760 1465 776 ,
1502 747 1572 769 nam
1597 746 1661 768 non
1690 737 1814 776 patior,
1841 735 1920 766 inte-

1051 789 1137 821 gram
1152 788 1219 811 eam
1235 786 1351 808 vocem
1367 777 1467 810 abesse
1479 802 1488 817 ‚
1513 787 1548 809 ut
1572 776 1655 809 abest
1668 787 1685 809 a
1702 777 1773 809 MS.
1799 786 1870 808 meo
1887 775 1922 808 fi-

1052 830 1091 852 ne
1108 819 1234 852 Gloffis.
1279 819 1385 860 Magis
1406 819 1510 850 turbat
1537 819 1590 850 illa
1610 817 1777 859 loquutio,
1802 828 1857 848 nm
1872 823 1923 857 po-

1053 860 1132 907 tuiffe
1151 871 1200 892 uus
1211 861 1454 901 permutationem
1466 861 1583 901 facere.
1626 859 1746 901 Atquin
1767 867 1872 900 egerat
1884 860 1923 889 ‘tie

1053 903 1200 942 Saufeio,
1232 902 1265 933 in
1293 902 1384 932 tertia
1409 902 1558 943 persona,
1592 901 1666 943 quid
1693 900 1790 941 igitur
1806 899 1857 931 hic
1875 909 1925 931 tius

1054 945 1084 975 in
1107 953 1206 985 prima
1223 942 1240 974 ἶ)
1272 942 1301 973 &
1329 942 1403 983 quid
1427 953 1574 975 numerus
1596 941 1760 984 plurium?
1792 950 1863 972 nam
1887 940 1925 972 ad

1053 993 1244 1031 mercatores
1261 982 1370 1014 referri
1390 994 1453 1016 non
1473 984 1595 1025 potest,
1643 984 1694 1015 uin
1712 982 1732 1015 fi
1748 981 1850 1023 posset
1863 1005 1872 1021 ‚
1890 991 1924 1012 u-

1055 1034 1143 1067 trque
1160 1034 1262 1071 minus
1283 1033 1395 1070 verum
1420 1025 1496 1056 esset
1513 1049 1522 1064 ‚
1547 1036 1601 1056 cos
1617 993 1810 1057 prumentum
1825 1021 1925 1062 suum,

1055 1076 1199 1108 quamws
1219 1066 1351 1104 tabulis,
1378 1067 1536 1098 aeronibus
1554 1067 1604 1098 vel
1623 1066 1712 1107 cupis
1733 1063 1926 1106 separatum,

1054 1116 1232 1153 permutare
1246 1117 1309 1138 non
1330 1107 1434 1147 poss'e,
1468 1109 1543 1139 licet
1561 1108 1643 1138 enim
1662 1106 1809 1138 omnibus
1827 1105 1867 1136 de
1882 1114 1927 1137 re-

1055 1151 1113 1180 bus
1138 1150 1200 1179 suls
1223 1147 1357 1179 statuere
1382 1158 1421 1181 ex
1445 1150 1539 1180 animi
1561 1147 1606 1180 sui
1629 1147 1792 1180 sententia.
1837 1146 1928 1178 Adeo

1055 1191 1103 1236 hae
1125 1190 1264 1220 rationes
1279 1189 1455 1221 Antonium
1470 1189 1494 1220 F
1497 1190 1603 1220 abi-um
1613 1189 1797 1228 turbarunt,
1822 1195 1856 1220 ut
1865 1188 1929 1220 Ra-

1056 1236 1126 1261 tion.
1157 1230 1194 1261 ad
1227 1230 1252 1260 l).
1278 1230 1298 1260 l.
1330 1239 1389 1270 pro
1413 1241 1463 1261 uos
1488 1229 1680 1270 rescripserit
1709 1237 1852 1268 nautam,
1875 1229 1930 1262 vel

1055 1281 1139 1309 eum,
1159 1279 1271 1311 nempe
1287 1269 1368 1301 Saus
1365 1271 1458 1311 ejum.
1504 1272 1564 1302 Sed
1581 1280 1675 1312 apage
1694 1270 1854 1302 infelicem
1869 1270 1929 1302 cri-

1057 1313 1173 1359 ticam!
1192 1311 1256 1358 Nor
1275 1311 1356 1343 dixit
1374 1314 1403 1344 &
1425 1313 1579 1354 Sizufejum
1596 1310 1932 1352 intellexit,frequen-

1058 1353 1170 1385 t1ss1ma
1193 1362 1277 1384 emm
1304 1351 1349 1384 est
1374 1354 1529 1394 ejusmodi
1561 1351 1764 1394 personarum
1799 1353 1931 1386 ennam.

1057 1394 1134 1427 Hoc
1152 1401 1257 1440 autem
1272 1394 1398 1440 voluit:
1423 1395 1467 1426 'us
1484 1403 1587 1427 nautae
1607 1405 1670 1426 non
1686 1393 1801 1433 fuiss'e,
1825 1392 1932 1426 distin-

1058 1436 1110 1468 cto
1135 1445 1380 1482 uniuscujusque
1421 1444 1568 1468 rumento
1585 1460 1594 1475 ‚
1620 1443 1657 1467 ut
1672 1441 1874 1477 permutaret,
1899 1433 1933 1468 id

1059 1477 1125 1524 est,
1147 1477 1238 1508 alteri
1263 1476 1406 1509 redderet
1429 1478 1558 1509 alterius
1576 1477 1791 1516 frumentum,
1817 1476 1880 1508 hoc
1900 1485 1932 1507 e-

1059 1528 1126 1551 nim
1154 1518 1199 1550 est
1221 1524 1386 1559 permutare
1405 1542 1417 1557 ,
1447 1527 1483 1550 ut
1506 1519 1539 1551 in
1564 1518 1656 1550 fimili
1680 1519 1783 1560 specie
1799 1527 1836 1549 ea
1849 1527 1934 1550 voce

1059 1569 1186 1602 quoque
1213 1559 1282 1592 usus
1307 1558 1351 1591 est
1376 1560 1531 1602 Ulpianus
1548 1560 1579 1592 in
1603 1560 1622 1592 l.
1647 1570 1693 1603 13.
1719 1559 1747 1602 §.
1761 1563 1792 1591 6.
1808 1558 1849 1601 ff.
1874 1559 1934 1592 Lo-

1059 1608 1117 1633 cat.
1140 1602 1271 1633 conduct.
1295 1599 1405 1633 Gloss'a
1422 1601 1460 1633 ad
1474 1601 1607 1634 verbum
1620 1612 1670 1634 nos
1683 1610 1847 1644 perperam
1855 1610 1934 1643 quo-

1059 1653 1120 1685 que
1138 1643 1222 1675 hunc
1240 1643 1348 1675 locum
1365 1642 1549 1684 explicavit.

1103 1685 1204 1731 igitur
1222 1684 1244 1716 fi
1258 1683 1453 1716 frumentum
1475 1685 1506 1717 in
1524 1694 1605 1717 nave
1620 1695 1686 1719 non
1703 1683 1804 1717 fuerit
1817 1695 1835 1718 a
1853 1694 1936 1718 mer⁴

1061 1726 1222 1772 &moribus
1236 1724 1403 1772 confusum
1416 1749 1426 1765 ,
1451 1725 1502 1757 sed
1518 1725 1683 1767 separatim
1699 1726 1842 1760 habiturn
1852 1751 1863 1767 ,
1887 1727 1934 1760 in·

1062 1768 1220 1810 terpofitis
1246 1766 1360 1798 tabuhs
1380 1791 1389 1806 ,
1421 1775 1475 1799 aut
1498 1768 1654 1800 aeronibus
1677 1777 1717 1800 cu
1741 1768 1810 1800 isve
1833 1769 1936 1801 inclu-

1061 1809 1148 1849 sum,
1180 1809 1320 1851 pellucet
1346 1807 1417 1839 inde
1439 1810 1558 1840 animus
1577 1833 1587 1848 ‚
1619 1809 1708 1841 volui
1737 1819 1754 1840 e
1778 1818 1936 1851 quemque

1062 1850 1114 1884 sua
1129 1860 1228 1897 grana
1246 1849 1301 1882 fibi
1326 1847 1466 1890 servare,
1490 1859 1591 1892 neque
1611 1851 1689 1882 adeo
1703 1850 1841 1891 potuisse
1857 1860 1934 1882 nau-

1062 1901 1126 1939 tam
1145 1892 1230 1938 T1t11
1246 1890 1442 1923 frumentum
1466 1892 1590 1924 Maevio
1615 1892 1753 1931 tradere,
1779 1892 1832 1924 vel
1852 1892 1937 1924 Mae-

1061 1944 1107 1967 vu
1132 1933 1238 1966 Titio.
1285 1931 1383 1977 Quod
1405 1932 1426 1965 fi
1448 1940 1550 1965 tamen
1569 1932 1702 1973 fecerit,
1727 1933 1811 1965 reete
1826 1932 1934 1973 addit,

1056 1974 1130 2018 poffe
1147 1985 1210 2007 eum
1225 1997 1237 2014 ‚
1265 1977 1347 2018 cujus
1363 1973 1469 2015 fuzfflt
1488 1976 1620 2006 triticum
1633 1999 1643 2014 ‚
1675 1976 1747 2016 quod
1762 1980 1855 2006 nauta
1864 1974 1927 2015 sbi-

1061 2017 1166 2064 viffet,
1190 2017 1353 2062 vindicare.
1399 2015 1481 2048 Cum
1497 2016 1600 2056 enim,
1624 2016 1706 2048 faita
1724 2014 1934 2057 separatione,

1063 2068 1195 2100 qulsque
1212 2058 1312 2089 tritici
1328 2055 1373 2089 sui
1389 2055 1535 2089 manserit
1551 2057 1717 2096 dominus,
1738 2055 1934 2098 consequens

1064 2100 1130 2139 est,
1170 2100 1192 2132 fi
1217 2099 1360 2144 triticum
1387 2108 1490 2130 meum
1514 2100 1551 2130 ad
1575 2107 1607 2130 te
1631 2098 1831 2139 pervenerit,
1855 2096 1934 2130 mihi

1064 2140 1210 2174 adversus
1228 2148 1259 2171 te
1275 2149 1318 2171 rei
1338 2140 1584 2172 vindicationem
1612 2140 1682 2172 effe.
1728 2139 1788 2172 Sed
1806 2149 1844 2171 an
1859 2147 1932 2170 nau-

1066 2192 1098 2215 ta
1115 2183 1156 2214 im
1183 2191 1241 2213 une
1259 2180 1360 2221 feret,
1384 2181 1406 2214 fi
1426 2181 1680 2222 permutaverit?
1704 2186 1770 2213 n'on
1789 2180 1889 2220 feret,
1912 2178 1935 2213 fi

1067 2224 1133 2256 Glo
1161 2233 1208 2255 am
1232 2223 1336 2254 audias
1355 2247 1365 2262 ‚
1397 2232 1468 2254 nam
1492 2223 1536 2253 ait
1553 2246 1563 2262 ,
1594 2223 1626 2254 in
1646 2222 1703 2254 hac
1722 2221 1825 2264 specie
1839 2222 1935 2254 etiam

1067 2274 1178 2298 contra
1202 2272 1327 2296 nautam
1349 2264 1398 2306 agi
1422 2262 1509 2305 posse
1527 2264 1623 2295 locati
1645 2263 1815 2302 conducti,
1837 2263 1867 2295 δι
1888 2270 1934 2293 re-

1068 2308 1116 2340 δῖε
1143 2307 1187 2339 ait
1202 2330 1211 2346 ‚
1243 2306 1314 2347 quia
1335 2305 1402 2337 haec
1427 2305 1509 2336 attio
1528 2305 1622 2336 etiam
1640 2305 1765 2346 culpam
1780 2307 1910 2345 coercet
1923 2325 1936 2342 ,

1069 2350 1099 2381 &
1114 2349 1151 2381 ad
1171 2347 1335 2380 minimum
1360 2345 1453 2387 culpa
1475 2345 1520 2377 est
1536 2346 1663 2377 alterius
1681 2355 1747 2377 rem
1768 2344 1858 2376 alteri
1874 2352 1936 2375 tra-

1069 2391 1159 2430 dere,
1191 2398 1226 2422 ut
1250 2396 1286 2420 ut
1312 2389 1435 2429 ignarus
1461 2387 1631 2418 tradiderit.
1676 2385 1768 2418 Unde
1782 2385 1938 2425 Ulpianus

1069 2433 1102 2465 in
1121 2434 1149 2464 d.
1175 2431 1195 2463 l.
1221 2441 1268 2473 13.
1291 2429 1320 2470 §.
1338 2432 1370 2460 6.
1388 2428 1429 2469 ff.
1461 2428 1566 2460 Locat.
1584 2426 1712 2459 condutt.
1760 2427 1794 2459 Si
1807 2425 1936 2467 pallium

1063 2474 1144 2515 fullo
1155 2471 1393 2514 permutaverit,
1416 2469 1452 2504 &2⁹
1471 2470 1526 2500 aiii
1549 2469 1669 2499 alterius
1685 2469 1815 2506 dederit,
1838 2477 1874 2498 ex
1898 2466 1938 2498 lo-

1071 2521 1134 2547 cato
1152 2514 1262 2546 actione
1282 2512 1445 2549 tenebitur,
1469 2509 1582 2548 etiamst
1595 2511 1727 2551 'ignarus
1739 2509 1863 2550 fecerit.
1902 2507 1935 2540 Si

1070 2564 1164 2589 nauta
1192 2563 1303 2597 gnarus
1316 2575 1326 2591 ,
1358 2559 1452 2593 atque
1473 2552 1516 2582 ita
1540 2551 1617 2582 dolo
1633 2550 1717 2582 malo
1733 2558 1853 2582 merces
1869 2557 1934 2590 per-

1070 2596 1262 2634 mutaverit,
1294 2603 1360 2626 non
1383 2601 1503 2624 tantum
1530 2591 1626 2623 locati
1644 2599 1807 2633 competet
1823 2589 1860 2622 ad
1880 2589 1909 2621 id
1925 2612 1936 2628 ‚

1072 2638 1157 2681 quod
1176 2634 1320 2674 interest,
1344 2633 1414 2673 sed,
1438 2633 1468 2665 ni
1485 2631 1598 2672 fallor,
1620 2633 1715 2664 etiam
1734 2631 1817 2664 aftio
1835 2629 1938 2662 oneris

1074 2679 1171 2712 aversi
1186 2679 1218 2710 in
1233 2677 1363 2718 duplum
1375 2698 1385 2714 ,
1411 2675 1519 2716 utique
1535 2674 1556 2706 si
1580 2674 1663 2705 reste
1678 2672 1834 2715 disputavi
1849 2670 1938 2712 supra

1077 2723 1110 2754 C.
1134 2720 1187 2752 ΙΙΙ.
1234 2718 1354 2749 Verum
1381 2726 1419 2748 an
1448 2716 1516 2747 haec
1542 2713 1701 2747 subsistant
1726 2715 1756 2747 &
1787 2710 1939 2754 componi

1074 2769 1189 2804 queant
1214 2769 1286 2791 cum
1299 2758 1375 2804 .his,
1406 2767 1476 2799 quae
1493 2757 1525 2790 in
1543 2756 1723 2790 continenti
1740 2753 1910 2797 sequuntur
1925 2773 1939 2792 ,

1074 2812 1172 2847 porro
1189 2799 1405 2843 despiciamus.

1856 3181 1937 3215 CA-
