2008 3436
244 117 686 161 OBSERVATIONUM
719 115 854 165 JURIS
885 114 1097 152 ROMANI
1146 116 1233 152 LIB.
1259 117 1306 154 ΙΙ.

68 208 97 240 ἃ
118 207 147 238 in
166 205 272 237 servos
288 203 392 242 fures,
416 201 511 234 etiam
525 198 702 242 capitaliter
724 199 752 229 d.
763 197 782 228 l.
797 205 844 236 ις.
867 195 933 243 .s0.¹'·

68 256 100 280 te
123 250 152 280 dt
176 248 205 279 in
230 253 436 287 quoscunque
458 243 604 281 viliores,
627 248 875 285 omiiesverqui
903 248 934 270 in

65 290 207 321 facinore
231 284 409 329 deprehensi
426 284 513 324 sunt,
537 292 626 321 nam,
652 289 686 313 ut
702 282 764 312 lioc
779 281 932 328 dicamus,

65 338 282 373 argumentum
297 327 413 370 praebct
441 328 471 357 d.
505 326 524 356 l.
544 334 591 364 15.
611 323 651 371 ff.
675 325 711 370 ¹cle
735 323 829 370 Concl3
850 324 931 372 caus.

66 378 117 404 iiiii
152 372 207 404 nifi
233 379 333 404 tamen
360 369 390 400 ὅς
416 367 456 399 ibi
481 367 596 398 vitium
624 369 784 406 scripturae
811 366 866 403 lit,
901 364 931 396 ec

68 415 178 451 Urbis.
203 423 266 444 non
287 411 424 450 Vigilum
441 408 608 449 Praefhtlzis
627 414 773 448 oporteat
798 406 879 447 legi,
895 413 931 436 ut

64 457 159 488 video
173 455 273 493 legere
289 451 400 483 Virum
420 450 502 482 Clar.
523 449 696 481 Cei-ardum
716 447 847 487 Nomii,
866 447 929 479 An-

64 496 247 529 tecell'oreiii
263 493 343 535 juris
358 493 390 524 in
405 492 573 524 Academia
592 491 696 522 vicina
713 490 837 536 Prolqob.
850 488 928 530 Jur.

63 540 130 571 Cio.
155 538 194 569 L.
219 535 255 568 11.
290 536 320 566 C.
340 545 370 574 5.
422 533 481 566 Sed
506 533 593 564 dabit
616 532 677 564 hoc
698 532 845 563 amicitiae
873 540 928 562 iio-

62 580 148 617 sti·a:‚
180 588 214 610 ut
238 577 313 609 milii
338 577 431 608 liceat
449 574 646 613 existimare,
671 572 763 604 fuill'e
782 572 929 612 quasdam

59 622 137 654 furti
160 619 277 662 species
292 643 301 658 ‚
335 628 403 659 qua:
426 617 521 649 etiam
542 616 578 647 ad
596 614 766 647 Praefcctos
786 614 929 656 vigilum

60 662 278 705 pertinuerint.
325 659 493 692 Extrahas
511 666 633 695 autem,
661 666 737 698 quas
751 657 838 695 dixi,
864 665 928 701 non

58 713 138 747 puto
162 704 199 735 ii<
222 702 390 745 quicquam
414 699 533 732 licuisse
556 700 586 730 in
612 698 717 735 fures3
743 698 817 739 quid
844 706 928 728 euim

59 746 97 778 ad
121 744 289 777 Praefcctos
314 743 454 785 vigilum
469 766 480 781 ,
504 741 524 774 ii
549 740 696 772 fui-entur
719 740 799 771 citra
824 739 926 770 tui-ba-

59 789 178 819 tionem
203 785 318 827 quietis
340 784 494 826 pubiicae,
518 782 696 814 clanculum
721 780 806 812 soi-te
823 782 852 812 δε
869 789 928 811 nec

58 827 240 861 manifeste:
266 824 639 858 imo&abati-ocioribus
655 823 865 863 repelluntur,
892 829 927 866 iit

57 870 97 902 de
120 870 229 901 officio
254 866 395 900 Praefecti
421 866 579 908 Vigilum,
606 873 751 904 tanquam
775 873 815 894 ex
840 862 925 893 codi-

58 912 159 949 cillis,
188 910 299 941 Paulus
323 907 441 948 scripiit
465 909 496 939 in
525 910 554 938 d.
577 909 597 936 l.
614 915 645 946 3.
680 905 706 944 ᾗ.
737 914 746 935 ι
784 905 822 935 ad
846 903 925 948 Prte-

57 952 160 984 sectos
171 951 247 984 Urbi
262 960 316 981 cos
329 949 472 990 abiegnus
480 971 488 986 ,
506 948 594 988 cujus
602 947 640 977 dc
649 946 722 985 hoc,
735 945 814 976 utde
824 954 925 990 omni-

57 995 115 1026 bus
123 992 321 1028 criminibus,
332 997 396 1020 erat
409 988 592 1029 jurisdictio.
606 987 850 1027 Igiturjulianus
863 986 924 1024 liie,

57 1037 88 1068 ni
109 1033 291 1066 emendetur
307 1055 316 1069 ,
347 1030 548 1071 accipiendus
572 1029 633 1060 erit
658 1029 696 1060 de
720 1027 839 1069 specie,
866 1036 927 1067 qua

57 1074 225 1109 Praefectus
241 1072 380 1113 vigilum
398 1071 429 1103 in
446 1071 532 1103 fures
549 1072 631 1102 recte
646 1069 923 1101 :iiiiiiiaidvertebae

98 1116 172 1154 Ait,
209 1114 425 1155 existimandus
447 1112 489 1154 est
513 1112 626 1153 elegill'e
648 1114 729 1142 viam
749 1134 758 1148 ,
781 1121 840 1157 qm}
862 1120 925 1141 rem

50 1159 291 1201 persequeretur.
374 1155 425 1186 uid
451 1155 513 1186 hoc
540 1154 582 1186 rei
602 1152 671 1185 est?
696 1162 733 1184 ari
751 1153 898 1184 dominus
913 1175 923 1191 ,

76 1200 106 1232 ui
130 1198 233 1231 furem
255 1197 383 1230 deducit
406 1197 443 1228 ad
467 1195 653 1229 Praefeciiim
675 1195 726 1225 vel
750 1194 847 1225 Urbis
871 1193 923 1224 vel

85 1242 212 1284 igilum,
238 1240 291 1272 vel
306 1240 337 1271 in
353 1238 523 1271 Provincia
537 1238 575 1269 ad
591 1235 770 1275 Praelidem,
795 1235 922 1267 creden-

51 1284 109 1316 dus
127 1282 171 1314 e‘l
188 1282 271 1313 viam
287 1280 430 1322 elegisse,
457 1290 517 1322 qua
533 1289 598 1311 rem
613 1277 876 1320 persequeretur?
901 1276 922 1308 fi

52 1325 114 1357 hoe
130 1323 266 1362 sederet,
292 1323 402 1364 utique
425 1321 522 1363 magis
546 1329 612 1353 erat
626 1320 831 1351 commodum
845 1320 921 1350 con-

50 1366 189 1398 dictione
211 1364 332 1396 furtiva
354 1363 509 1405 experiri,
534 1372 631 1404 eaque
656 1360 720 1393 sola
744 1361 773 1393 &
788 1361 856 1402 jure
869 1369 920 1406 oi·-

50 1407 173 1439 dinatio
195 1415 260 1437 rem
285 1414 446 1447 repetere,
471 1413 563 1446 quam
586 1411 677 1435 extra
698 1403 840 1434 ordinem
856 1401 919 1433 adi-

49 1458 85 1481 re
108 1446 310 1489 Magistratus
333 1447 484 1487 majores,
509 1444 704 1477 subscribere
727 1445 758 1476 in
783 1445 918 1482 crimen,

51 1490 83 1523 &
106 1489 239 1530 reliquas
262 1489 404 1530 ambages
425 1487 561 1528 iudicii,
592 1486 675 1529 quafi
698 1485 840 1528 publici,
864 1494 918 1516 ex-

92 1531 159 1563 dire
179 1533 200 1563 l.
219 1542 250 1574 3.
265 1530 306 1572 ff.
331 1532 365 1562 de
388 1530 514 1562 Privat.
537 1529 592 1560 del¹
617 1529 638 1560 l.
655 1529 712 1560 uli.
726 1528 765 1569 ff.
785 1530 818 1559 de
828 1526 918 1559 Furi.

77 1582 164 1605 arum
179 1573 276 1615 igitur
293 1571 395 1612 abest,
429 1571 505 1613 quin
522 1570 689 1612 legendum
707 1568 866 1610 censeam,
891 1580 918 1601 e-

49 1614 254 1656 xistimandus
279 1613 321 1652 eli
342 1614 455 1655 elegiffe
470 1615 553 1645 viam
567 1623 627 1654 qua
648 1621 749 1644 REUM
764 1612 919 1654 perseque-

48 1666 137 1690 retur
157 1681 166 1695 ,
189 1657 251 1689 hoc
272 1655 333 1696 est,
365 1657 467 1695 viam,
492 1665 554 1697 qua
576 1655 639 1686 hoc
653 1654 737 1696 egit,
763 1654 847 1686 utin
868 1652 918 1701 fu-

47 1707 116 1732 rem
131 1699 237 1741 potius
251 1699 377 1740 gravius
394 1697 600 1737 decernatur,
655 1705 725 1728 uam
742 1703 778 1727 ut
795 1695 875 1728 lucri
891 1696 921 1728 &

47 1740 210 1773 commodi
233 1739 277 1773 siu
300 1739 452 1772 habeatur
476 1739 568 1770 ratio.
651 1747 696 1769 aec
712 1761 722 1777 ‚
747 1746 812 1769 non
835 1737 918 1778 alia,

47 1783 101 1814 via
115 1790 203 1824 patet
218 1782 265 1822 ei,
290 1782 344 1824 qui
366 1791 448 1813 reum
469 1779 716 1823 persequendum
741 1777 916 1819 existimat,

45 1822 74 1856 is
89 1824 173 1856 enim
189 1831 266 1855 tunc
282 1823 456 1862 adeundus,
482 1822 535 1863 qui
553 1820 643 1863 supra
657 1821 828 1853 Praetorem
838 1829 917 1861 erat,

48 1865 80 1898 ἃ
92 1865 143 1897 cui
160 1865 208 1906 jus
223 1864 273 1897 fas
286 1866 318 1899 in
340 1863 539 1897 facinorosos
563 1863 706 1895 homines
722 1862 916 1894 animadver-

48 1913 124 1938 tere.
169 1907 201 1939 Si
223 1917 270 1938 res
290 1906 540 1951 persequenda„
555 1904 614 1936 alia
644 1905 753 1946 utique
779 1903 918 1946 suppetit

48 1948 117 1988 via,
141 1948 244 1980 minus
267 1948 434 1990 impedita,
460 1956 558 1988 magis
580 1945 757 1978 commoda.
789 1946 849 1978 Sed
863 1955 916 1977 ve-

47 1997 86 2020 ro
109 1990 162 2032 qui
183 1989 288 2022 furem
311 2000 350 2022 eo
374 1989 470 2021 modo
483 1988 590 2027 ducit,
616 1988 714 2029 rapit,
739 1987 771 2019 id
787 1997 917 2029 operam

49 2029 136 2070 dare,
162 2038 196 2063 ut
219 2042 301 2064 reum
323 2030 541 2074 persequatur,
567 2038 735 2071 poenasque
757 2039 829 2061 eum
846 2039 915 2061 coi·-

92 2081 125 2103 re
146 2072 218 2107 dare
239 2074 338 2114 velit,
364 2082 412 2105 res
427 2072 472 2105 est
487 2082 508 2103 0
531 2071 607 2113 pido
620 2070 790 2103 manifesta.
816 2070 914 2103 Scho-

47 2079 150 2145 ffistes
172 2114 374 2148 Basilicorum
402 2114 434 2146 id
463 2115 496 2156 ip
512 2122 564 2145 um
587 2122 737 2154 perquam
760 2121 913 2155 opportu-

48 2162 89 2185 ne
107 2155 252 2196 exprelfit
274 2157 312 2188 ad
332 2158 360 2189 b,
382 2157 402 2188 l,
426 2160 506 2185 Δοκεῖ
524 2156 565 2186 τῆν
584 2155 707 2189 numam
730 2159 765 2187 τὲ
785 2157 915 2189 odiam&

46 2195 99 2224 ἀντὶ
125 2201 156 2225 τέ
176 2197 259 2226 >iii->is
281 2198 296 2230 ²³2
315 2201 348 2228 -ιὲ
371 2200 507 2236 aevvm-ni}
527 2197 652 2235 ou'peiax,
675 2195 718 2225 xa}
739 2198 774 2228 ἐκ
795 2197 914 2227 ammi„

47 2237 81 2264 ‘m‘
111 2243 204 2269 ταῦτα.
229 2239 299 2268 δοκεῖ
322 2240 376 2278 γῦς
397 2241 428 2270 ὦς
452 2239 519 2278 ὑπὲξ
542 2242 576 2268 τὲ
598 2240 679 2268 niuis
701 2239 793 2277 κέςέεζ
818 2239 860 2270 τῆι
879 2241 915 2268 τὲἵ

46 2279 192 2312 naida-ne
213 2281 315 2310 alamon
335 2281 538 2316 &musidae-75.
583 2280 635 2312 Sic
651 2288 744 2312 verto
768 2280 866 2322 (nam
883 2280 915 2311 in

47 2317 169 2361 Cujacii
200 2321 342 2356 versione
371 2322 481 2354 lacuna
510 2321 599 2364 est):
631 2322 767 2354 Videtur
800 2330 916 2363 poenam

45 2365 178 2403 corporis
199 2366 266 2395 vice
285 2364 370 2404 dupli
390 2363 440 2394 vel
461 2364 624 2404 quadrupli
644 2364 753 2405 eligere
767 2388 778 2403 ,
801 2364 837 2399 &²
860 2365 915 2395 illa

44 2412 104 2435 non
121 2411 222 2444 petere
237 2429 248 2443 ,
263 2406 353 2445 furis
372 2407 450 2437 enim
462 2405 647 2445 supplicium
657 2407 714 2446 suo
729 2408 913 2446 quodammo-

46 2446 82 2477 do
109 2447 384 2489 lucrapermutare
412 2448 547 2479 videtur.
602 2447 644 2479 Et
667 2449 712 2480 ita
735 2457 784 2479 res
808 2447 838 2480 se
860 2448 912 2480 ha-

659 2539 1017 2575 CAPUT

1360 118 1463 157 CAP.
1491 113 1596 158 Vm.
1621 120 1682 158 IX.
1804 132 1850 167 51

978 195 1052 242 bet;
1076 196 1131 237 qui
1155 203 1268 242 con-tra
1297 195 1401 230 furem
1432 201 1496 241 agit
1520 202 1744 242 criminaliter,
1769 199 1801 234 id
1824 211 1855 234 aa

976 245 1042 279 git,
1074 245 1109 268 ut
1142 236 1172 269 sc
1204 239 1360 280 supplicio
1384 239 1463 272 furis
1487 243 1591 282 pascat
1607 268 1617 283 ,
1642 245 1784 286 adeoque
1805 253 1854 275 rea

976 287 1069 320 cepta
1092 280 1242 320 pecunia,
1267 281 1332 312 sive
1365 282 1499 323 amplius
1523 284 1658 325 aliquid,
1684 286 1748 318 five
1771 284 1854 318 nihil

976 321 1110 362 amplius
1133 321 1164 352 in
1189 330 1261 353 euin
1291 322 1392 362 Judex
1422 323 1640 364 constituerit,
1666 326 1786 360 sublata
1809 323 1855 360 est

975 362 1054 394 furti
1080 361 1231 403 qiiaestio,
1256 363 1319 394 hoc
1344 363 1411 406 ipso
1434 373 1529 407 puta,
1555 367 1641 407 quod
1664 367 1716 399 fur
1738 368 1783 400 est
1799 369 1852 400 de-

975 404 1086 436 ductus
1109 404 1141 435 in
1166 405 1342 446 pei-iculum
1366 407 1493 447 majoris
1516 417 1638 448 poenae,
1663 417 1698 440 ut
1713 419 1790 441 mox
1807 409 1852 442 se-

975 445 1092 492 quitur.
1140 445 1248 492 Quare
1263 471 1272 486 ,
1306 454 1342 478 ut
1366 448 1451 488 dixi,
1476 449 1643 490 legendum
1667 445 1854 490 videbatur,

975 496 1027 528 qui
1053 487 1156 518 furem
1181 488 1225 520 ita
1247 488 1395 530 deduxit,
1421 491 1506 522 viam
1520 490 1569 522 ele
1593 490 1666 531 iss'e,
1692 500 1754 531 qua
1768 503 1855 524 reum

973 526 1229 570 persequeretur:
1255 530 1309 562 nifi
1324 530 1411 563 forte
1435 542 1546 564 verum
1570 500 1626 572 sit,
1651 532 1765 574 Juliani
1781 543 1851 566 vei·-

970 571 1012 601 ba
1035 570 1136 616 accipi
1162 570 1250 612 polle
1272 582 1344 603 cum
1370 575 1427 605 liae
1450 573 1608 616 emphasi,
1630 584 1720 614 eum,
1745 575 1799 617 qui
1824 576 1849 607 i-

974 620 1005 643 ta
1027 619 1112 652 agit,
1137 614 1221 644 viam
1245 613 1372 655 elegill'e
1388 616 1507 655 videri,
1533 625 1593 656 qua
1615 616 1769 648 duntaxat
1784 626 1853 649 rein

973 660 1150 694 repeteret,
1176 652 1275 686 solam
1299 655 1421 689 scilicet
1444 667 1508 689 rem
1522 657 1697 697 furtivam,
1722 667 1787 689 non
1804 667 1851 690 et-

972 695 1032 740 iain
1056 704 1182 735 poenam
1205 697 1436 738 pecuniariam,
1461 699 1534 740 quia
1556 699 1622 739 ejus
1646 699 1721 731 loco
1745 698 1850 740 estju-

971 736 1089 767 dicium
1113 739 1417 780 exuam-dinarium,
1444 741 1474 773 ὅ(
1498 741 1638 773 vindicta
1661 748 1774 773 contra
1796 741 1849 773 fu-

971 787 1037 808 rem
1060 779 1209 825 exercita.
1255 780 1360 822 Atque
1383 782 1461 814 adeo
1486 792 1522 814 ea
1544 782 1732 814 deductione
1747 783 1851 815 domi-

971 828 1046 850 num
1078 829 1122 850 rci
1153 820 1282 853 furtivae
1315 824 1506 856 renunciasse
1538 824 1639 856 videri
1671 824 1769 866 duplo
1793 825 1849 857 vel

971 860 1172 907 quadruplo)
1206 863 1279 903 quia
1296 887 1305 902 ,
1336 874 1409 896 cum
1432 866 1469 898 ad
1498 875 1624 908 poenam
1647 867 1849 908 corporalem

971 909 1057 947 egit,
1083 904 1187 934 rui-lus
1210 913 1301 944 agere
1324 906 1361 937 ad
1384 916 1508 948 poenam
1533 907 1744 949 pecuniariam
1768 908 1849 940 inci-

971 942 1042 988 Vile*
1066 941 1110 973 est
1129 954 1138 982 3
1171 943 1209 975 de
1240 954 1275 976 ea
1298 947 1381 978 enim
1406 949 1596 981 transactum
1619 949 1719 981 videri
1741 949 1849 991 potest

971 992 1010 1014 eo
1035 982 1119 1024 ipso,
1144 986 1231 1030 quod
1254 985 1357 1019 fui-ein
1380 989 1412 1021 in
1436 990 1612 1031 periculum
1636 991 1763 1031 majoris
1779 1001 1847 1033 poe-

969 1034 1016 1056 naz
1036 1025 1214 1071 deduiterit.
1263 1027 1411 1069 Denique
1442 1039 1478 1062 ut
1515 1032 1641 1073 pactum
1678 1031 1747 1073 ipso
1779 1033 1849 1074 jure

970 1065 1058 1110 tollit
1082 1066 1237 1112 actionem
1261 1068 1340 1100 furti
1363 1072 1381 1100 l.
1401 1080 1436 1111 17
1471 1072 1501 1113 §.
1524 1083 1551 1104 1.
1568 1073 1608 1114 ff.
1631 1076 1665 1104 (Ie
1681 1074 1768 1106 Pici.
1793 1074 1849 1106 hic

968 1108 1093 1153 paetum
1116 1107 1187 1155 elle⁸
1201 1109 1301 1141 videri
1336 1113 1491 1153 tacitum,
1522 1122 1557 1145 ut
1581 1114 1726 1147 instituta
1750 1116 1847 1148 aelio-

968 1158 1008 1180 ne
1032 1150 1207 1195 criminali,
1242 1152 1348 1184 civilis
1378 1155 1577 1195 remittatur,
1610 1164 1705 1198 atque
1734 1158 1765 1189 id
1795 1167 1850 1199 pa-

968 1190 1053 1222 ctum
1084 1190 1179 1222 iiiesle
1211 1192 1257 1224 illi
1291 1193 1492 1236 deduetioni,
1518 1207 1588 1238 quae
1613 1197 1649 1229 fit
1672 1198 1709 1229 ad
1733 1199 1846 1240 praefe-

966 1232 1051 1263 ctum
1089 1232 1128 1263 V.
1162 1232 1377 1279 Pijaesidemve.
1434 1237 1531 1270 Aliud
1564 1237 1632 1279 est,
1664 1238 1686 1271 fi
1719 1249 1782 1271 non
1806 1240 1846 1272 ad

966 1283 1091 1319 poenam
1113 1272 1220 1320 *fuerit
1249 1276 1353 1309 actum
1384 1278 1435 1310 sed
1466 1278 1531 1312 sola
1563 1281 1767 1313 condictione
1790 1281 1845 1314 vel

966 1315 1184 1361 vindicatione
1213 1316 1251 1348 ad
1280 1328 1346 1351 rem
1379 1323 1647 1363 recuperandam3
1673 1321 1788 1355 salvam
1812 1333 1844 1355 e-

963 1365 1029 1402 nim
1061 1365 1137 1403 tunc
1169 1357 1231 1405 esse
1259 1358 1339 1393 furti
1370 1363 1526 1395 actionem
1551 1374 1640 1406 aeque
1662 1364 1781 1404 claret,
1806 1374 1845 1397 ac

963 1407 1030 1438 ejus
1053 1407 1098 1429 rei
1122 1406 1205 1431 ratio
1228 1409 1269 1432 ex
1291 1402 1310 1432 l.
1328 1414 1381 1444 54.
1406 1404 1425 1446 §
1454 1415 1482 1446 3.
1500 1406 1541 1447 ff.
1568 1409 1603 1438 de
1624 1406 1715 1440 Furi.

1005 1443 1081 1482 Ait,
1102 1443 1175 1483 &Ji
1190 1450 1341 1489 negotium
1355 1451 1395 1481 ibi
1418 1454 1617 1484 terminatum
1635 1477 1643 1490 ‚
1667 1451 1703 1488 &³
1718 1454 1845 1484 damna-

964 1490 992 1517 to
1008 1486 1087 1526 fure
1107 1494 1224 1535 recepta
1238 1488 1280 1530 est
1293 1493 1576 1534 pecuniasublata,
1591 1494 1774 1536 insimplum
1792 1496 1843 1526 vi-

963 1529 1150 1568 decursum
1168 1531 1287 1573 quaeflz'o
1300 1533 1438 1575 sublata.
1485 1535 1534 1568 Ita
1543 1537 1643 1578 vulgo
1659 1537 1727 1569 haec
1744 1537 1842 1569 inter-

962 1578 1170 1617 punguntur,
1203 1572 1255 1605 sed
1271 1598 1280 1613 ,
1313 1576 1344 1608 ni
1368 1575 1490 1618 fallor,
1514 1578 1659 1620 peffime3
1683 1588 1786 1621 neque
1809 1588 1844 1610 e-

962 1621 1046 1658 nim,
1070 1612 1092 1644 fi
1108 1621 1198 1660 eittra
1212 1616 1356 1649 ordinem
1380 1617 1480 1652 fuerit
1502 1620 1624 1659 actum,
1649 1621 1681 1652 in
1696 1620 1844 1661 simplum

961 1652 1044 1685 aetio
1058 1653 1138 1686 furti
1154 1654 1275 1690 sublata
1288 1658 1332 1690 est
1342 1683 1353 1699 ,
1378 1658 1430 1692 sed
1448 1661 1479 1694 in
1497 1661 1646 1703 duplum,
1673 1662 1703 1694 ὅ(
1720 1663 1751 1694 in
1767 1671 1844 1703 qua-

960 1695 1138 1743 druplum,
1151 1704 1188 1728 ut
1201 1699 1285 1731 recte
1298 1700 1383 1733 dixit
1405 1702 1611 1735 Bafilicorum
1627 1702 1819 1736 Scholiastes
1827 1727 1842 1743 ‚

961 1737 992 1788 ὅς
1008 1737 1092 1769 recte
1106 1738 1160 1770 hic
1176 1738 1362 1783 simpliciter
1379 1743 1435 1785 ipsi
1452 1744 1592 1784 Basilici,
1603 1745 1744 1781 imper-eus
1762 1746 1778 1777 n*
1790 1758 1844 1777 πε-

962 1791 985 1815 ρι
1002 1786 1098 1826 κλοπῆς
1119 1781 1224 1815 dicavi.
1272 1781 1349 1816 Non
1364 1786 1544 1826 condietio,
1570 1795 1630 1818 nee
1648 1786 1841 1827 vindicatio,

962 1818 1014 1852 sed
1028 1821 1149 1863 reliqua
1163 1820 1244 1856 furti
1268 1825 1400 1866 quaestio
1428 1826 1548 1860 sublata
1562 1828 1607 1859 est
1623 1829 1652 1861 ὃς
1666 1832 1841 1870 perempta.

960 1861 1004 1910 Et
1021 1862 1084 1894 hoc
1101 1862 1164 1903 est,
1189 1866 1274 1907 quod
1292 1867 1357 1908 ipse
1371 1868 1512 1909 Julianus
1529 1879 1607 1901 mox
1623 1871 1684 1909 ait,
1713 1868 1767 1909 etsi
1790 1872 1841 1902 ni·

960 1905 1003 1952 1le
1028 1906 1158 1946 amplius
1177 1929 1187 1945 ,
1216 1917 1307 1949 quam
1322 1911 1487 1949 furtivum
1509 1921 1571 1942 rem
1597 1910 1651 1944 fur
1676 1910 1841 1953 restituere

955 1945 1056 1995 Juffu's
1082 1948 1198 1987 fuerit.
1221 1973 1228 1981 .
1252 1974 1259 1980 .
1281 1951 1512 1993 intelligendum
1536 1952 1579 1994 est
1595 1977 1604 1989 ,
1645 1954 1837 1996 quaestionem

951 1988 1042 2035 furti
1056 1989 1215 2029 sublatam
1236 1990 1300 2031 effe.
1349 1993 1545 2035 Simpliciter
1569 1994 1746 2036 videlicet,
1771 2005 1840 2029 non

958 2039 990 2061 in
1008 2029 1170 2073 simplum,
1199 2042 1271 2064 nam
1293 2033 1332 2065 de
1349 2044 1389 2066 eo
1404 2035 1466 2076 jam
1484 2036 1617 2069 dixerat.
1663 2036 1772 2111 anre
1786 2047 1838 2070 res

957 2071 1114 2114 postulat,
1145 2081 1182 2104 ut
1206 2075 1320 2115 verba,
1351 2085 1421 2118 quae
1444 2077 1526 2109 male
1540 2078 1690 2120 interpun
1723 2079 1837 2112 adixi-

957 2123 1043 2154 mus,
1066 2115 1112 2146 ita
1126 2114 1368 2158 distinguamus,
1398 2117 1435 2153 ὅ)
1449 2117 1480 2158 fi
1500 2121 1651 2162 negotium
1671 2122 1714 2152 ibi
1730 2122 1838 2153 termi-

957 2163 1084 2194 natum,
1107 2156 1144 2191 ὅ)
1159 2160 1299 2190 dairinato
1306 2161 1385 2200 fure
1400 2167 1520 2202 recepta
1535 2161 1577 2201 eft
1589 2164 1719 2203 pecunia
1725 2163 1838 2204 subla-

959 2205 991 2229 ta
1005 2200 1037 2230 in
1043 2198 1186 2238 simplum
1198 2224 1207 2236 ,
1228 2203 1353 2233 videtur
1362 2203 1453 2244 furti
1468 2204 1588 2245 quoestio
1596 2205 1734 2244 sublata.
1757 2204 1837 2237 Hoc

958 2239 1020 2280 est,
1045 2241 1067 2273 fi
1085 2240 1256 2288 Praefectus
1274 2243 1418 2286 Vigilum
1440 2245 1494 2277 vel
1510 2245 1627 2278 Praeses
1654 2245 1760 2278 furem
1781 2247 1836 2279 da-

958 2290 1133 2322 mnaverit,
1146 2283 1268 2323 leVius,
1283 2286 1426 2326 gravius,
1442 2287 1522 2319 nihil
1542 2286 1661 2327 refert,
1685 2287 1836 2320 restituto

958 2333 1016 2364 eo,
1043 2324 1128 2366 quod
1143 2323 1233 2356 furto
1250 2326 1388 2358 ablatum
1406 2336 1492 2367 erat,
1518 2329 1663 2370 quamvis
1676 2328 1730 2361 fim
1755 2330 1833 2369 lum,

957 2374 992 2397 ut
1017 2365 1054 2397 fit
1076 2366 1130 2397 illa
1152 2367 1418 2400 condemnatione
1432 2393 1441 2408 ,
1476 2377 1580 2402 tamen
1608 2370 1647 2401 de
1666 2370 1730 2413 dup
1744 2381 1764 2402 o
1780 2371 1835 2402 vel

955 2407 1130 2448 quadruplo
1161 2409 1264 2440 omnis
1295 2409 1428 2450 quaestio
1458 2411 1520 2443 erit
1551 2420 1724 2454 perempta.
1769 2412 1833 2444 Res

955 2449 1032 2480 inihi
1047 2450 1175 2481 videtur
1189 2449 1318 2491 liquida.

1117 2543 1203 2578 IX.

97 2623 304 2674 Trajicienda
319 2625 461 2675 fortaſj'e
488 2627 547 2675 ff
572 2628 711 2674 qucedam
737 2630 770 2663 in
795 2629 816 2663 l.
840 2631 897 2675 36.
923 2640 975 2676 pr.
1002 2628 1042 2665 ff.
1082 2629 1139 2665 Ad
1166 2632 1345 2680 Municip.
1372 2645 1439 2680 quae
1459 2643 1552 2681 porro
1577 2634 1775 2681 explicatur.

43 2721 174 2804 Non
197 2723 243 2757 est
262 2725 299 2757 ad
316 2735 442 2757 manum
456 2749 466 2765 ,
496 2725 550 2767 qui
566 2724 649 2756 reae
664 2725 847 2766 exposuerit
863 2735 910 2757 re-

154 2763 300 2806 sponsum
317 2766 489 2800 Modestini
508 2768 540 2799 in
563 2767 581 2798 l.
593 2771 643 2807 36.
663 2774 711 2806 pr.
722 2767 763 2808 ff.
782 2770 819 2799 ad
836 2768 906 2799 Mu*

45 2808 141 2843 nicip.
163 2808 193 2838 ἀ
207 2817 339 2847 vei-eor,
362 2818 421 2848 ne,
452 2816 489 2839 ut
514 2817 598 2840 nunc
614 2808 745 2850 legitur,
771 2809 908 2851 intelligi

954 2737 992 2758 cae
1006 2729 1098 2760 dedii.

954 2771 1053 2811 tmffet
1066 2795 1075 2809 ,
1094 2771 1130 2806 ὅ)
1143 2775 1216 2813 quid
1235 2772 1398 2814 commzfiffe
1420 2774 1545 2804 videtur
1562 2773 1589 2801 is
1601 2793 1610 2808 ,
1633 2772 1687 2811 qui
1704 2781 1763 2802 non
1779 2782 1828 2804 re-

945 2811 1053 2853 stituit
1071 2814 1178 2845 literas
1195 2817 1222 2846 εἰ
1233 2838 1242 2853 ,
1263 2816 1313 2847 cui
1331 2814 1491 2856 restituere
1510 2812 1828 2855 mandatumsuseepe·

1141 2729 1276 2774 Qiaero,
1300 2733 1353 2773 qui
1380 2732 1528 2762 viaticum
1552 2735 1654 2770 petere
1671 2730 1708 2760 ab
1722 2739 1756 2761 ea
1777 2735 1829 2771 po-

41 2846 154 2888 poffit‚
179 2847 294 2889 legitur
308 2858 412 2881 autem
425 2850 469 2882 ita
491 2849 679 2882 Florentiae:
715 2851 794 2883 Titio
810 2875 818 2888 ‚
842 2862 909 2883 cum
952 2854 1069 2894 ram&
1084 2857 1130 2891 is,
1148 2857 1329 2898 quisublato
1347 2858 1444 2888 alieno
1460 2856 1576 2885 nomine
1591 2877 1601 2891 ,
1622 2855 1826 2897 inscriptaque

44 2887 111 2928 ζῶε
138 2888 241 2920 Romoe
254 2891 423 2930 studiorum
446 2893 551 2934 gracia
568 2915 578 2929 ‚
617 2891 737 2933 epistola
759 2893 845 2933 mzffa
866 2895 908 2935 eJl
941 2896 1016 2938 suo,
1041 2896 1127 2938 quasi
1142 2899 1202 2938 ipse
1214 2897 1315 2941 juffus
1333 2908 1351 2929 α
1365 2897 1488 2937 patria,
1520 2897 1672 2928 decretum
1689 2895 1828 2938 Impera-

45 2938 66 2960 ο
84 2929 320 2971 Magistratiius
331 2935 441 2973 pairiae
450 2936 573 2972 suoe,ut
589 2937 758 2976 porrigeret
777 2936 908 2976 Impera-

44 2973 109 3002 tori·
118 2974 268 3004 decretum
287 2975 417 3014 ejusdem
429 2977 596 3014 Civitatis,
611 2980 688 3018 quod
703 2984 768 3008 erac
783 2988 849 3009 cum
864 2979 906 3020 ip-

40 3014 75 3050 sa
90 3013 210 3054 epistola
225 3014 347 3056 mistum.
392 3016 423 3048 Is
437 3024 536 3049 autem
549 3019 602 3059 qui
611 3019 782 3060 suscepiſjez
799 3021 906 3052 literas

43 3054 246 3095 restituendas
263 3082 270 3090 ,
294 3056 444 3096 collusione
451 3059 562 3098 fasta,
585 3063 667 3092 dedii
690 3062 784 3093 Lucio
805 3062 904 3099 Titio,

43 3098 98 3170 fui
118 3096 154 3131 δ’
168 3098 228 3138 ipse
242 3098 342 3130 Romoe
357 3101 526 3132 morabatur
531 3101 597 3142 suoe
618 3105 662 3134 rei
670 3107 787 3144 gratia.
832 3105 905 3136 διώ-

56 3145 104 3170 ato
124 3138 199 3170 Titii
210 3142 344 3178 nomine,
373 3142 423 3172 cui
443 3149 509 3173 erat
533 3145 684 3176 decretum
704 3145 838 3186 mzffum.
861 3147 909 3177 uti

40 3186 96 3221 per
116 3182 210 3220 ipsum
236 3183 362 3213 daretur
381 3206 390 3219 ,
410 3183 503 3223 suum
521 3193 623 3217 nomen
634 3185 756 3226 scripfii
777 3211 786 3224 ,
811 3187 848 3222 &³
862 3186 908 3227 sic

41 3221 222 3264 Imperatori
239 3225 565 3266 decretumsecundum
588 3230 731 3261 rixandam
751 3228 894 3271 Reipubli

951 2940 1011 2969 tori
1028 2940 1197 2979 porrexit?
1229 2940 1406 2971 Herennius
1427 2935 1618 2978 Modestinus
1641 2939 1792 2978 respondit
1809 2963 1822 2979 ‚

952 2980 1068 3012 Titium
1085 2983 1203 3022 quidem
1219 2982 1369 3012 viaticum
1383 2986 1484 3020 petere
1501 2989 1560 3010 riori
1572 2978 1730 3020 poffe‚sed
1740 2991 1820 3020 eum,

950 3025 1003 3064 qui
1016 3033 1118 3054 nornen
1134 3022 1293 3063 incidiffet.
1338 3020 1470 3054 Constat
1486 3022 1622 3062 proponi
1641 3021 1705 3054 duo
1719 3023 1822 3054 nomi·

950 3074 1005 3102 na,
1030 3072 1065 3094 ut
1082 3064 1230 3105 exemplo
1247 3063 1324 3102 lint,
1348 3063 1482 3094 alterum
1496 3061 1599 3102 Titii,
1618 3063 1750 3095 alterum
1760 3064 1823 3096 Lu-

950 3105 991 3135 cii
1007 3104 1102 3136 Titii.
1150 3104 1230 3137 Cum
1259 3114 1324 3144 res,
1356 3114 1416 3146 qua
1438 3104 1476 3135 de
1491 3103 1612 3145 agitur,
1635 3105 1796 3137 accidiss'et
1812 3129 1824 3144 ‚

950 3145 1061 3177 Titius
1075 3146 1194 3177 dicitur
1216 3146 1315 3177 Ronzae
1332 3153 1489 3184 moratus,
1508 3144 1678 3186 studiorum
1698 3149 1821 3188 gratia.
1838 3173 1843 3176 .

950 3188 1049 3226 Sane,
1071 3197 1167 3229 quum
1177 3187 1422 3227 praestantissima
1432 3186 1627 3219 Docentium
1644 3188 1768 3229 ingenia
1791 3188 1825 3219 in

950 3227 1070 3260 Urbem
1099 3228 1272 3262 Rom-„inam
1292 3236 1502 3301 evgcarentui·
1517 3251 1527 3268 ,
1558 3235 1653 3271 atque
1669 3229 1741 3263 inde
1757 3229 1822 3260 Ro-

1381 3280 1399 3300 2
1751 3279 1800 3303 ma
1810 3291 1822 3309 ,
