2008 3436
859 100 1011 150 (477)

171 340 1000 406 CONSPECTUS
1112 340 1696 402 CAPITUM.

472 501 865 546 LIBRI

273 616 686 650 CAPUTI.

51 722 53 726 .
141 704 155 726 e
180 691 391 733 ‘fui-{sciifflcne
419 692 512 724 Ciiriae
536 689 708 723 Hollandloe
731 694 764 725 in
793 690 918 726 Nobiles

45 697 133 782 D
177 727 448 776 &Stibditossiios.
714 734 716 736 ’
761 744 830 777 pag.
856 742 914 773 297

255 806 704 841 CAPUTII.

47 879 97 918 De
113 884 182 924 foro
205 893 319 920 eorum,
343 881 393 922 qui
420 880 520 922 Hagae
543 880 699 919 habitant,
723 881 841 924 quosque
863 889 916 912 nec

92 927 205 962 Cairt'ae,
228 935 280 966 nec
302 919 502 964 Maezgiftratzii
526 922 659 966 Hagano
674 924 848 965 specialiter
865 924 916 953 αιί-

90 969 165 999 elicit
186 967 335 998 Ordinam
353 964 528 996 Fiduciaria
545 964 638 1007 Jziffio
658 966 744 996 Anni
766 968 856 1004 1614.
883 962 919 998 &³

91 1020 126 1041 ca
145 1007 288 1047 occafioize
307 1006 427 1048 prolixa
454 1004 611 1046 disputatio
633 1030 643 1045 ‚
670 1007 763 1038 Curiae
781 1030 790 1044 ,
817 1005 918 1047 Hagae

83 1052 234 1094 fidentis,
258 1059 298 1080 an
320 1045 522 1089 Magistratus
537 1048 669 1090 Hagani
685 1049 768 1089 prior
783 1046 820 1083 ἐξ
835 1048 917 1078 anti-

91 1095 174 1135 quior
190 1091 290 1133 Hizgae
301 1090 402 1130 fuerit
417 1089 594 1131 jurisdictio.
855 1098 919 1131 300

243 1160 563 1197 CAPUT
629 1160 727 1194 111.

48 1238 136 1284 Qgsiii
163 1238 290 1269 Senatus
317 1236 473 1276 Supremas
493 1236 577 1266 vario
599 1241 722 1276 tempore
738 1235 922 1277 judicaverit

93 1282 127 1312 cle
142 1279 213 1311 Foro
228 1289 324 1310 eorum
337 1302 344 1314 ,
364 1279 414 1318 qai
431 1276 530 1319 Hagae
542 1277 700 1316 habitant,
725 1287 813 1318 neque
828 1275 922 1308 Nobi-

94 1323 153 1359 les,
174 1330 263 1362 neque
284 1319 420 1360 Forensis
437 1319 529 1350 Carice
543 1318 639 1361 flant,
661 1329 751 1361 neque
774 1320 864 1350 etiam
885 1328 922 1349 ex

98 1361 311 1404 Opificiisseso
327 1362 475 1393 exoibent.
857 1370 921 1402 304

258 1431 578 1481 CAP-UT
641 1432 719 1465 IV.

53 1509 211 1546 IVonmilla
227 1510 261 1540 de
278 1507 349 1540 Foro
365 1506 517 1538 Minoram
527 1529 538 1545 ,
563 1505 750 1546 Viduarzim,
774 1506 811 1542 ὅ)
829 1496 923 1547 ,Μίβμ

97 1553 237 1585 mollium
249 1552 325 1592 apati
343 1548 518 1581 Hollandos.
862 1551 926 1590 306

275 1621 597 1655 CAPUT
662 1621 703 1654 V.

55 1698 217 1741 Ecquando
232 1697 395 1729 viduitatis
410 1695 580 1731 &minoris
597 1697 695 1728 aetatis
705 1695 901 1738 privilegiam
914 1718 924 1733 ‚
965 1722 970 1728 .

96 1741 169 1783 quod
182 1741 220 1772 acl
231 1739 355 1780 foram,
377 1737 469 1779 ceffet.

258 1811 287 1845 C
330 1811 358 1843 A
401 1811 425 1843 P
469 1810 502 1842 U
545 1810 579 1843 T
645 1811 676 1844 V
698 1811 724 1844 Ι.

56 1885 210 1933 Quaeritur
225 1886 259 1917 a'e
280 1885 352 1917 aliis
369 1883 536 1925 quibasdam
552 1884 685 1926 perstsnis
704 1894 740 1916 ac
757 1882 864 1923 coasts,
889 1893 930 1914 an

98 1929 136 1960 ad
146 1926 381 1970 jurisdiftionem
399 1927 493 1958 Curiae
503 1928 689 1967 pertineant.
865 1935 930 1967 310

239 2005 560 2053 CAPUT
625 2005 742 2038 v11.

58 2080 107 2114 De
125 2081 268 2113 territorio
288 2080 404 2119 Carice,
425 2078 462 2116 {5⁹
477 2089 517 2111 an
531 2089 592 2122 qziae
605 2079 771 2123 jarisdiftio
786 2080 852 2112 inde
871 2079 927 2110 Ca-

101 2124 152 2156 riae
168 2121 335 2164 competat?
862 2130 925 2163 313

865 1741 926 1779 308

399 2261 931 2305 LIB'RIS

291 2363 610 2398 CAPUT
677 2364 702 2398 I.

61 2440 112 2474 De
131 2438 223 2472 Paeto
239 2438 390 2479 nuptiali,
412 2447 465 2478 quo
488 2438 594 2469 mulier
611 2437 670 2477 fibi
687 2437 828 2478 servavit
845 2439 934 2478 optio-

105 2492 191 2519 nem,
214 2490 253 2523 an
271 2481 384 2511 lucrum
402 2481 594 2521 damnumque
606 2503 615 2515 ,
640 2489 680 2511 an
689 2479 749 2522 flia
765 2480 933 2517 duntaxat,

100 2533 167 2565 -qaae
180 2522 302 2561 attulit,
318 2521 411 2563 salva
427 2521 530 2552 habere
546 2521 642 2553 malit.
869 2525 932 2564 338

275 2593 727 2627 CAPUTII.

67 2667 165 2700 Parta
178 2669 373 2700 communione
390 2669 525 2700 bonoram
535 2670 615 2700 inter
633 2668 800 2710 Conjuges,
818 2677 937 2709 quorum

112 2709 208 2745 alter,
232 2709 280 2739 vel
294 2712 343 2750 qai
365 2711 445 2741 ambo
466 2711 571 2742 liberos
587 2710 693 2741 habent
708 2719 745 2740 ex
757 2711 852 2750 priori
873 2720 935 2741 ma-

109 2751 261 2789 trinionio,
283 2761 342 2782 non
356 2753 483 2794 impingi
500 2753 533 2783 in
546 2752 584 2784 L.
609 2751 679 2783 Hac
692 2751 826 2783 Ecfflali
841 2755 871 2783 6.
896 2751 934 2783 C.

111 2793 152 2823 de
166 2791 291 2823 secund.
316 2800 408 2832 nupt.
429 2792 545 2833 etiamst
565 2794 642 2826 alter
652 2793 721 2834 plus
747 2794 882 2824 bonoram
899 2794 937 2824 ad

110 2834 232 2875 nuptias
248 2833 384 2865 attulerit
394 2856 406 2872 ,
425 2843 511 2876 quam
524 2836 626 2869 aller?
874 2844 938 2877 340

265 2905 294 2938 C
337 2905 365 2937 A
408 2905 433 2938 P
475 2907 507 2940 U
549 2909 584 2941 T
647 2909 661 2942 1
684 2908 697 2941 Ι
718 2908 744 2941 Ι.

72 2980 121 3012 De
139 2979 327 3022 Sponstzlihzis
341 2980 484 3011 minorum
498 2980 531 3011 in
546 2980 723 3016 Hollandia.

274 3051 738 3088 CAPUTIV.

73 3126 131 3159 An
144 3132 253 3166 paenae,
270 3126 347 3167 Jure
365 3125 499 3157 Romano
515 3123 675 3166 constitutio
690 3125 941 3168 aci-versusfhcun-

116 3168 171 3199 das
188 3170 308 3209 nuptias
322 3190 331 3205 ‚
349 3166 413 3206 five
440 3169 538 3205 intra,
556 3166 621 3207 five
636 3167 701 3208 post
717 3179 829 3200 annam
848 3166 942 3199 Ζιιὲἶῑις

117 3209 301 3249 contritam,
327 3211 359 3241 in
378 3208 545 3241 Hollandia
560 3209 654 3241 adhuc
672 3209 847 3242 obtineant?
877 3216 939 3250 345

877 2990 940 3023 343
966 2968 977 3011 ἕ

973 501 1393 544 PRIMI.

1124 611 1446 646 CAPUT
1511 609 1667 646 VIII.

961 688 1008 721 De
1022 688 1091 729 foro
1115 697 1229 725 eorum,
1252 689 1301 728 qui
1324 687 1361 718 ab
1383 687 1493 718 exieris
1517 684 1690 718 Provinciis
1707 685 1739 716 in
1756 683 1830 715 Hul—

1002 731 1135 762 laiia'iam
1148 731 1308 760 mittuntur
1323 729 1361 759 ad
1380 729 1511 760 Ordines
1529 726 1706 762 Gemmas,
1736 725 1830 765 Confi-

1002 773 1106 803 liarios
1124 771 1272 803 Ominum
1292 770 1505 809 Generalium,
1528 778 1662 801 eorumve
1681 768 1831 800 Rationa-

1002 814 1064 853 les,
1082 812 1147 852 five
1161 814 1201 845 ad
1221 812 1353 855 Collegia
1366 813 1496 844 marina.
1766 818 1828 851 315

1158 886 1187 919 C
1230 884 1259 916 A
1302 884 1327 917 P
1370 885 1403 918 U
1446 883 1480 916 T
1546 884 1560 916 Ι
1585 884 1629 917 X.

961 959 1076 1001 Rmfiis
1089 961 1124 992 de
1139 960 1234 991 eodem
1248 964 1431 1002 argumento.

1180 1032 1209 1065 C
1253 1031 1282 1063 A
1325 1031 1350 1064 P
1394 1029 1425 1063 U
1469 1031 1503 1064 T
1566 1032 1611 1064 X.

964 1106 1076 1138 Iterum
1092 1106 1126 1137 de
1144 1106 1238 1137 eodem
1254 1110 1437 1148 argumento.
1775 1113 1839 1147 320

1162 1176 1191 1209 C
1235 1178 1264 1210 A
1308 1178 1333 1211 P
1377 1177 1410 1213 U
1452 1178 1486 1211 T
1553 1177 1587 1211 X
1610 1177 1635 1209 Ι.

970 1252 1100 1284 Tandem
1114 1252 1148 1283 de
1164 1253 1259 1284 eodem
1277 1258 1462 1295 argumento.

1149 1324 1178 1357 C
1222 1325 1251 1357 A
1294 1325 1318 1357 P
1364 1325 1395 1357 U
1439 1323 1473 1357 T
1536 1324 1570 1357 X
1593 1324 1607 1356 I
1629 1324 1652 1356 I.

966 1400 1016 1432 De
1039 1398 1109 1431 Foro
1130 1396 1290 1446 Qiaffsloris
1312 1399 1472 1431 Generalis
1498 1398 1646 1431 Foederati
1668 1397 1790 1440 Belga,
1809 1395 1839 1435 fi

1770 965 1832 998 317

1726 1242 1727 1245 ¹
1773 1260 1836 1291 322

1008 1444 1041 1473 in
1058 1439 1146 1482 officio
1167 1442 1332 1482 deliquerit.
1775 1448 1837 1481 325

1129 1512 1158 1546 C
1200 1513 1230 1546 A
1273 1513 1299 1546 P
1342 1513 1374 1546 U
1417 1514 1451 1547 T
1517 1513 1552 1547 X
1575 1513 1590 1546 1
1614 1513 1628 1546 Ι
1648 1514 1672 1546 1.

969 1587 1018 1620 De
1034 1586 1108 1619 Foro
1124 1587 1253 1620 militiam
1269 1588 1303 1619 in
1317 1588 1404 1631 caiisa
1417 1587 1528 1621 delmi.
1779 1596 1841 1631 327

1141 1657 1171 1693 C
1214 1661 1241 1693 A
1288 1661 1312 1694 P
1357 1662 1389 1695 U
1431 1662 1466 1696 T
1533 1662 1566 1696 X
1589 1660 1604 1694 I
1625 1660 1668 1694 V.

971 1734 1020 1768 De
1036 1734 1109 1767 Foro
1124 1736 1253 1768 militam
1268 1736 1302 1767 in
1317 1737 1404 1780 causa
1420 1737 1522 1769 debiti.
1779 1744 1842 1777 5331

1162 1808 1486 1844 CAPUT
1551 1808 1649 1842 XV.

970 1883 1159 1925 Magnarum
1178 1883 1305 1916 Urbium
1322 1886 1356 1916 in
1371 1884 1539 1916 Hollandia
1560 1883 1649 1914 Cives
1660 1904 1672 1921 ,
1694 1890 1848 1923 eorumque·

1013 1926 1105 1966 bona,
1130 1926 1220 1958 etiam
1235 1927 1268 1958 in
1284 1936 1356 1970 agro
1374 1920 1515 1968 arrestari
1525 1924 1611 1967 poffe.
1780 1934 1844 1966 333

1143 1997 1465 2032 CAPUT
1530 1996 1666 2030 XVI.

970 2071 1020 2104 De
1038 2072 1182 2104 domicilio
1199 2074 1357 2113 impuberis
1372 2073 1421 2105 vel
1439 2073 1563 2105 minoris
1586 2070 1623 2106 &2³
1644 2080 1685 2102 an
1697 2068 1846 2111 superstes

1008 2120 1120 2154 parens
1133 2114 1182 2145 vel
1198 2120 1276 2146 tutor
1295 2117 1327 2147 id
1349 2121 1462 2146 matare
1478 2113 1562 2156 pofflt
1575 2137 1586 2155 ,
1612 2112 1647 2148 δ’
1667 2122 1720 2155 qao
1740 2112 1847 2153 effeitii

1011 2157 1092 2188 circa
1097 2156 1301 2199 fiicceffionem
1317 2158 1354 2189 ab
1369 2155 1506 2198 intestato
1520 2157 1537 2190 ἓ
1784 2164 1848 2195 5334

989 2262 1500 2306 ECUNDI.

1198 2364 1520 2398 CAPUT
1589 2365 1629 2398 v.

978 2438 1027 2470 De
1044 2439 1178 2481 Legibus
1193 2439 1405 2477 Hollandicis,
1424 2449 1461 2470 ex
1475 2439 1580 2480 quibas
1595 2439 1627 2469 in
1642 2436 1729 2477 cansa
1745 2438 1847 2467 matri-

1020 2481 1143 2512 moniali
1159 2482 1255 2512 vetz'ta
1275 2478 1317 2520 est
1333 2480 1510 2520 appellatio,
1536 2478 1572 2514 &²
1592 2479 1702 2519 aliquot
1723 2479 1756 2509 in
1770 2478 1846 2509 hanc

1019 2532 1080 2554 rem
1093 2522 1240 2564 utriusque
1260 2522 1354 2554 Curiae
1368 2520 1499 2553 Decreta
1515 2521 1552 2557 &³
1571 2521 1739 2552 Sententiae.
1770 2533 1774 2536 >
1784 2524 1848 2561 348

1178 2593 1502 2628 CAPUT
1569 2592 1648 2626 VI.

979 2668 1033 2700 An
1043 2673 1098 2709 pro
1115 2670 1228 2711 nuptiis
1241 2669 1408 2702 conciliatis
1425 2667 1655 2700 Proxeneticam
1666 2666 1731 2708 peti
1737 2664 1850 2706 poffit?

1164 2750 1485 2786 CAPUT
1551 2749 1660 2782 VII.
1785 2714 1850 2748 350

981 2826 1035 2857 Ex
1050 2826 1212 2858 hereditate
1232 2826 1428 2858 deducendam
1450 2821 1500 2864 effe
1520 2821 1665 2853 Doarizim
1680 2820 1779 2861 paffls
1794 2830 1848 2852 an-

1025 2868 1237 2908 tenziptialz'hzis
1252 2865 1439 2908 constitutum
1448 2887 1460 2903 ,
1467 2863 1637 2906 priusquam
1653 2863 1729 2894 ratio
1740 2863 1850 2903 portio—

1023 2911 1074 2941 nis
1091 2910 1230 2952 legitimae
1243 2909 1372 2940 ineatur.
1786 2912 1848 2946 352

1147 2977 1466 3014 CAPUT
1533 2974 1684 3008 VIII.

984 3056 1039 3089 An
1058 3053 1194 3084 ’Υπέξολον
1202 3051 1268 3091 five
1284 3052 1429 3084 Doarium
1456 3046 1762 3093 Conjzigifitpersliti,
1782 3054 1852 3090 pac-

1027 3099 1066 3128 tis
1078 3092 1499 3135 antenuptialibuspromiffum
1509 3116 1518 3132 ,
1539 3092 1624 3133 exigi
1633 3089 1715 3132 poffit
1725 3114 1734 3130 ‚
1755 3101 1855 3131 quam-

1025 3137 1237 3178 visseparaiio
1254 3137 1326 3177 qaod
1341 3136 1379 3167 acl
1395 3135 1506 3166 thorum
1523 3133 1559 3169 ἑὸ)
1578 3132 1703 3174 mensam
1724 3133 1854 3164 inter-ve-

1027 3180 1116 3210 nerit.
1793 3182 1865 3213 5354.

1115 3250 1264 3290 Ooos3
1630 3244 1861 3278 CAPUT
