2008 3436
241 112 337 164 DE·
406 115 603 153 FORO
677 105 1211 158 LEGATORUM,
1263 106 1613 154 CXVILXVIII.

41 200 191 243 efficiendi
208 198 331 232 causam
348 197 505 241 praebust,
526 196 600 228 dum
625 195 708 237 apud
726 204 785 227 nos
804 193 906 226 versa-

44 253 114 283 tur-3
138 242 203 276 sola
218 250 254 272 ea
268 241 348 272 ratio
368 238 522 281 superest,
547 246 581 270 ut
597 237 712 270 nostrae
727 235 840 274 saluti,
865 236 907 267 le-

42 294 187 326 gatorum
203 282 348 324 dignitati
363 280 570 313 consulamus.
595 279 638 311 Et
655 277 677 310 fi
695 277 830 310 cuilibet
851 277 906 309 Pa-

46 326 222 359 trifiimilias
244 326 277 356 in
302 324 399 355 domu
417 321 472 355 sua
491 322 587 354 licoat
603 319 749 352 homines
770 319 904 359 habere,

1752 117 1818 161 173

949 194 1002 226 vel
1019 202 1084 226 non
1103 192 1234 231 habere,
1259 199 1295 225 ut
1311 193 1458 233 libuerit,
1486 196 1594 236 quidni
1614 196 1693 228 idem
1711 193 1820 237 largia-

948 246 1019 269 mur
1045 235 1187 276 Principi
1211 235 1242 266 in
1268 235 1406 277 Imperio
1422 235 1498 274 suo,
1520 238 1549 268 ὁ(
1578 237 1608 268 id
1627 238 1820 278 largiendum

949 277 1133 315 ess'e,nemo
1147 275 1323 318 dubitabit,
1335 278 1390 320 qui
1408 287 1511 310 mores
1529 276 1682 310 Gentium
1693 279 1725 311 in
1738 278 1819 310 hane

949 328 1016 351 rem
1035 317 1264 359 exploraverit,

591 418 954 455 CAPUT
1032 417 1266 454 XVIII.

335 509 388 545 De
413 509 551 544 nioribus
579 506 731 544 Gentium
762 507 843 554 quod
865 507 908 544 ad
922 506 1037 555 forum
1064 506 1240 553 legatorum
1265 507 1298 541 in
1324 506 1524 542 criminibus.

40 615 185 715 Quia
202 613 309 645 Grotii
326 612 510 646 sententiam
526 614 565 646 de
589 611 665 644 foro
684 614 860 661 legatorum
878 614 909 645 in
953 619 1011 645 tur.
1035 612 1247 644 Atrocitatem
1265 612 1331 651 ejus
1347 612 1390 644 rei
1408 610 1538 644 excusat
1555 608 1690 642 Grotius
1709 611 1743 641 (lc
1760 609 1819 651 Juv-

40 681 44 685 .
146 655 346 693 criminibus,
373 661 495 687 tantum
511 665 574 687 non
592 653 728 687 nostram
747 655 883 687 fecimus
895 677 907 694 ,

136 706 208 730 cum
226 697 363 728 maxime
380 695 574 736 interest,ut
592 696 671 728 hanc
684 696 739 728 usu
751 695 906 728 Gentium

36 740 216 785 probemus,
261 738 321 770 Sed
349 737 437 780 prius
454 739 639 770 amoliamur
658 738 780 780 aliquot
793 738 904 778 praeju-

36 783 135 821 dicia,
159 790 231 822 quae
255 780 317 812 huc
344 779 444 820 vulgo
468 778 719 819 transferuntur,
745 780 775 811 δε
800 787 905 811 tamen

36 824 100 857 huc
124 832 188 855 non
206 822 377 862 pertinent.
424 821 490 868 Qui
505 821 545 853 de
561 821 672 863 legatis
689 821 718 853 &
742 820 905 864 legationi-

36 866 96 897 bus
123 863 290 905 scripsere,
313 863 441 905 prolixe
469 863 508 895 de
532 863 704 905 praedicata
728 862 905 904 legatorum

37 906 201 940 sanffitate
227 914 267 937 ex
285 904 358 945 Jure
383 903 557 944 Gentium,
583 914 659 936 mox
678 904 716 936 ad
732 913 787 936 eos
806 911 903 935 trans-

36 956 133 987 eunt,
158 946 213 988 qui
234 945 340 988 spreto
356 945 414 978 illo
431 946 518 987 jure,
543 947 684 987 legatos,
709 945 805 977 etiam
822 954 906 977 man-

34 990 107 1022 data
134 988 185 1021 sua
211 989 426 1028 explicantes,
459 987 621 1025 vinculis,
644 987 848 1026 verberibus,
874 987 904 1018 &

36 1039 144 1064 morte
171 1028 235 1071 ipsa
251 1029 435 1061 multarunt.
481 1029 570 1069 Saepe
593 1027 766 1069 Princeps,
790 1028 903 1069 plenus

33 1074 150 1106 irarum
169 1071 341 1111 calidaeque
359 1070 453 1108 rixae,
477 1069 509 1101 in
528 1070 649 1110 legatos
669 1069 780 1109 irruit,
807 1069 901 1101 &eo-

34 1125 106 1148 rum
129 1112 274 1154 sanguine
298 1111 443 1152 explevit
465 1110 655 1149 vindictam,
678 1120 771 1152 quam
791 1117 902 1152 aperto

34 1156 144 1189 Marte
160 1153 280 1186 sumere
296 1162 359 1184 non
376 1160 511 1194 poterat.
557 1152 589 1185 Si
605 1151 800 1184 recenserem
817 1151 902 1184 Gen-

34 1205 102 1236 tes,
125 1205 199 1227 cum
213 1195 379 1233 barbaras,
402 1203 469 1226 tum
488 1193 584 1225 etiarn
600 1194 807 1233 moratiores‚
832 1203 902 1235 quae

34 1239 99 1272 tale
113 1236 189 1280 quid
205 1245 428 1277 nonnunquam
445 1234 524 1266 ausa:
541 1234 630 1275 sunt,
650 1236 750 1267 multa
763 1234 900 1267 scriben-

33 1281 72 1313 da
94 1280 124 1312 δι
145 1276 348 1310 describenda
369 1275 486 1315 essent,
510 1276 590 1308 nihil
611 1277 779 1318 quicquam
793 1276 902 1318 profu-

34 1330 103 1354 tura
116 1320 228 1353 adrem
247 1317 442 1360 praesentem.
474 1318 594 1350 Omnes
608 1318 830 1358 consentiunt,
855 1319 898 1351 le-

33 1363 115 1406 gatis
131 1361 213 1393 male
227 1359 362 1401 habitis,
387 1360 440 1391 vel
462 1359 503 1391 ob
521 1360 628 1391 odium
645 1359 824 1401 Principis,
846 1361 899 1401 qui

32 1404 135 1443 misit,
161 1402 213 1433 vel
233 1402 275 1433 ob
303 1402 464 1443 explicata
487 1401 553 1441 ejus
571 1401 736 1440 mandata,
760 1402 901 1443 quamvis

33 1446 214 1482 acerbiora,
236 1444 348 1476 violari
365 1444 413 1484 jus
433 1443 602 1475 Societatis
621 1443 784 1484 humanae,
807 1443 900 1484 2quod

32 1498 75 1520 ex
100 1486 197 1528 pactis
220 1485 325 1518 tacitis
347 1485 519 1517 inducitur.
564 1485 624 1518 Sed
647 1495 687 1517 eo
711 1495 775 1518 non
801 1485 897 1527 pcrti-

32 1537 110 1562 nent
126 1527 278 1566 crimina,
301 1536 370 1568 quae
385 1526 505 1568 legatus
520 1535 610 1559 extra
627 1526 751 1559 causam
768 1527 898 1570 legatio-

31 1571 83 1604 nis
106 1569 281 1609 commisit,
313 1576 348 1599 ut
366 1577 426 1600 nec
452 1568 590 1610 pertinet
615 1569 769 1610 quaeltio,
799 1579 838 1601 an
862 1578 898 1601 ea

33 1613 168 1644 crimina
193 1609 258 1652 ipse
282 1609 452 1651 Princeps,
475 1609 514 1641 ad
536 1620 629 1652 quem
654 1610 761 1642 miffus
786 1610 831 1643 est
853 1611 896 1643 le-

31 1663 143 1727 gagi-s,
168 1661 260 1685 manu
285 1652 402 1693 Regia,
427 1661 465 1683 an
481 1661 536 1693 per
559 1652 681 1692 iudices
696 1651 767 1685 suos
785 1653 897 1694 punire

55 1705 77 1726 ο
100 1703 135 1726 it.

30 1705 53 1737 p
73 1735 349 1781 Quemadmodum
364 1735 461 1777 igitur
479 1735 548 1768 haec
560 1737 705 1777 exempla
725 1736 899 1776 transimus,

31 1778 74 1812 fic
99 1779 128 1810 dt
153 1785 346 1811 transeamus
368 1787 421 1818 ea,
446 1778 558 1818 quibus
581 1787 674 1810 manu
702 1777 843 1820 repulsus
868 1779 898 1810 &

31 1820 193 1852 coercitus
209 1820 348 1861 legatus,
373 1820 427 1860 qui
443 1829 537 1851 manu
549 1819 658 1861 agebat
668 1843 679 1859 ,
697 1830 768 1852 nam
778 1820 808 1852 ἀ
819 1820 898 1852 hanc

30 1861 167 1903 speciem
185 1861 260 1893 hinc
277 1860 443 1901 rejecimus
462 1861 495 1892 C.
516 1862 635 1902 praeced.
662 1863 692 1893 &
709 1862 838 1893 eandem
857 1862 900 1893 ob

30 1901 153 1935 causam
170 1902 345 1944 Imperator
369 1901 602 1934 Germanorum
623 1902 734 1943 rejecit
757 1903 899 1944 querelas

31 1945 71 1976 de
87 1942 204 1976 ari-esto
218 1943 376 1983 Principis
400 1942 425 1974 F
428 1942 645 1985 urstembergii
655 1966 667 1982 ,
690 1944 835 1986 quamvis
852 1954 898 1976 re-

30 1992 107 2018 vera
121 1985 243 2026 legatus
258 1984 368 2016 fuiss'et
380 2007 391 2023 ,
414 1994 478 2025 quo
494 1985 533 2016 de
553 1993 722 2026 tantopere
739 1986 900 2018 turbatum

31 2026 182 2066 est,vide
196 2026 394 2067 Hillariclj'the
412 2026 545 2058 Mer-cur.
571 2028 659 2058 Anni
678 2031 767 2068 1674.
787 2033 819 2069 p.
846 2031 897 2059 62.

31 2069 64 2103 δε
89 2072 140 2110 63.
166 2069 197 2101 &
221 2067 501 2110 Wicquefortium
527 2068 623 2100 variis
638 2068 739 2108 locis3
764 2068 815 2100 sed
829 2078 901 2110 pro-

31 2110 131 2142 lixior
154 2108 200 2141 est
223 2110 291 2141 haec
313 2108 423 2148 causa,
448 2119 542 2150 quam
565 2117 600 2141 ut
621 2109 660 2141 de
678 2110 746 2150 ers
761 2110 830 2151 jure
847 2110 900 2142 vel

31 2150 145 2191 injuria
161 2150 213 2182 hic
230 2149 400 2192 statuamus
410 2173 422 2189 ,
446 2152 476 2184 ὃς
491 2151 626 2192 plurima
643 2151 687 2183 ibi
706 2152 897 2191 inciderunt,

57 2202 105 2224 uae
127 2191 165 2223 ad
189 2190 447 2233 Dispritationem
476 2191 613 2224 nostram
639 2202 703 2225 non
726 2193 897 2234 pertinent.

86 2243 128 2265 no
146 2236 237 2273 1658.
267 2231 387 2264 Hafnia
399 2232 517 2265 obsessa
532 2243 604 2266 cum
621 2234 742 2266 Sueciae
758 2235 897 2277 legatus,

32 2275 87 2316 qui
106 2274 149 2306 ibi
165 2282 232 2305 erat
246 2274 327 2315 apud
341 2273 454 2306 Daniae
469 2275 608 2315 Regem,
630 2285 714 2307 arma
729 2275 896 2318 parareiis-

31 2324 93 2357 que
108 2316 253 2348 homines
268 2314 340 2347 suos
355 2315 484 2347 induere
499 2316 678 2356 diceretur,
700 2318 733 2350 in
749 2318 824 2349 loco
840 2326 897 2358 pu·

29 2358 118 2390 blico
139 2357 269 2390 militari
291 2355 441 2389 custodiae
459 2357 549 2389 datus
564 2357 630 2397 est,
654 2366 690 2390 ut
712 2358 811 2390 refert
828 2359 896 2390 Ait-

29 2408 119 2433 zema
135 2398 205 2430 Lib.
230 2397 424 2431 XXXVIII.
437 2404 470 2439 p.
485 2409 524 2430 m.
545 2408 616 2431 100.
640 2398 692 2431 sed
705 2400 736 2432 ὅ(
752 2399 820 2431 haec
831 2399 898 2440 spe-

32 2440 98 2473 cies
111 2439 301 2472 defensionis
315 2438 363 2471 fui
368 2447 380 2470 t
390 2462 401 2478 ‚
422 2440 460 2472 ad
476 2439 717 2482 propulsandam
731 2442 798 2473 vim
815 2441 896 2481 inju-

31 2481 109 2514 stam
128 2481 304 2513 imminenti
322 2481 477 2522 periculo.

74 2522 138 2556 His
151 2522 298 2554 omnibus
312 2522 435 2563 rejectis
443 2545 455 2562 ,
471 2523 633 2556 fatendum
650 2531 754 2558 tamen
772 2524 818 2557 est
824 2535 898 2564 ,ex-

32 2563 114 2597 stare
126 2564 243 2606 judicia
259 2565 290 2595 in
307 2563 428 2605 legatos
446 2574 599 2597 eorumve
613 2566 748 2599 comites
759 2568 900 2599 exercita

31 2606 72 2637 ab
84 2606 134 2637 his
146 2627 157 2644 ,
185 2605 266 2646 apud
279 2615 357 2646 quos
372 2606 505 2647 agebant
521 2607 551 2638 δε
569 2607 801 2648 delinquebant.
848 2607 900 2639 De

32 2647 184 2686 Pelopida
205 2646 316 2688 Nepos
341 2647 372 2679 in
391 2649 454 2690 ejus
474 2650 541 2679 vita
560 2648 628 2680 haec
644 2644 771 2682 retulit':
830 2659 899 2681 uum

37 2688 212 2729 Tbeffaliam
235 2690 269 2719 in
281 2686 451 2727 potestatem
478 2689 677 2721 Thebanorum
694 2698 808 2732 cuperet
823 2692 899 2723 redi-

33 2740 124 2773 gere,
147 2730 356 2772 legationisque
364 2730 430 2771 jure
437 2731 516 2772 finis
531 2737 624 2763 tutum
633 2732 668 2773 se
684 2735 895 2772 arbitraretur,

62 2772 109 2803 aod
129 2771 207 2811 apud
230 2780 324 2802 omnes
345 2772 454 2803 Gentes
457 2771 596 2814 sanetum
618 2773 670 2815 effe
686 2774 855 2849 constass'em
878 2784 897 2805 a

65 2822 178 2855 yranno
200 2811 374 2843 Alexandro
397 2813 513 2845 Pheraeo
527 2837 537 2853 ,
569 2813 657 2853 simul
680 2824 745 2847 cum
799 2816 896 2848 inertia

32 2853 264 2894 comprehensus,
287 2854 319 2883 in
334 2854 457 2886 vincula
471 2855 672 2898 conjetturest.
717 2857 760 2889 At
796 2858 895 2899 elopi-

31 2895 85 2927 das
99 2895 252 2927 duntaxat
267 2894 300 2926 in
316 2894 443 2926 vincula
462 2896 589 2936 ductus,
612 2908 677 2930 non
695 2900 789 2931 etiam
804 2899 894 2941 puni-

33 2944 85 2969 tus
100 2935 163 2968 fuit
173 2959 184 2975 ,
208 2944 244 2968 ut
267 2944 395 2977 apparet
409 2945 450 2967 ex
466 2937 522 2976 iis,
545 2948 613 2980 quae
638 2949 714 2972 mox
729 2940 816 2973 addit
831 2939 896 2972 Ne—

34 2986 102 3021 pos.
147 2978 208 3010 Sed
232 2978 281 3009 vis
305 2978 485 3018 exemplum
509 2981 642 3019 poenae‘?
665 2981 787 3014 illustre
803 2982 897 3013 habet

33 3019 146 3051 Livius
173 3019 244 3051 Lib.
266 3018 377 3051 XXV.
406 3019 438 3050 C.
462 3028 491 3059 7.
514 3021 552 3050 de
575 3020 682 3054 Philea
695 3023 895 3063 Tarentin0,

33 3060 107 3100 qui,
132 3069 204 3091 cum
222 3061 343 3102 legatus
365 3060 477 3092 Romae
493 3060 589 3101 ess'et,
613 3063 733 3097 obfides
749 3064 898 3096 Tarenti-

31 3104 91 3132 nos
101 3123 111 3139 ‚
133 3103 292 3142 corruptis
306 3101 430 3133 aedituis
447 3102 587 3140 duobus,
612 3104 752 3138 custodia
766 3106 896 3145 eduxit,

35 3143 67 3173 dt
82 3152 189 3174 comes
204 3143 324 3175 itineris
338 3142 441 3175 fastus
458 3152 531 3174 cum
555 3143 602 3176 his
623 3146 787 3188 profugit,
813 3146 864 3179 scd
881 3157 899 3178 a

34 3182 110 3225 fuga
129 3184 253 3216 reti-affl
269 3185 300 3216 &
319 3183 452 3223 desueti,
476 3184 601 3225 inquit,
623 3189 656 3217 in
677 3189 811 3226 comitio,
833 3190 897 3220 vir-

32 3226 154 3267 gisque,
176 3227 350 3267 approbante
367 3226 496 3267 Populo,
522 3225 602 3266 ccefi,
623 3227 738 3269 dejbxo
752 3229 898 3271 dejiciem-

951 664 981 686 νε
1004 654 1040 686 B.
1065 653 1102 689 ἐξ
1127 653 1165 685 Ρ.
1190 654 1260 685 Lib.
1287 653 1326 685 II.
1355 654 1386 685 C.
1424 659 1471 689 18.
1497 653 1526 694 §.
1549 663 1582 694 4.
1604 662 1625 683 n
1660 662 1690 692 5.
1722 662 1818 683 excu-

950 695 1018 728 sant
1035 695 1109 734 alii,
1134 695 1219 736 quod
1237 695 1404 728 Tarentini
1422 695 1499 727 visti
1517 694 1572 726 sub
1591 694 1741 726 Romanis
1758 692 1821 724 csse‘

949 736 1134 778 coepissent,
1159 736 1211 768 vel
1234 737 1362 777 potius,
1385 736 1470 779 quod
1494 745 1604 768 eorum
1620 735 1703 768 Urbs
1718 733 1820 776 praefi-

948 779 1003 810 dio
1020 778 1234 810 Romanorum
1253 786 1430 817 teneretur-3
1456 777 1508 810 sed
1525 777 1639 809 dubito
1655 787 1693 809 an
1714 777 1819 814 reete,

948 829 1022 851 cum
1049 820 1172 852 Phileas
1200 818 1413 859 Tarentinus,
1448 829 1507 861 qua
1532 819 1671 860 legatus,-
1706 818 1820 850 Romae'

949 862 1069 903 egerit,
1096 862 1146 899 δε,
1171 870 1242 892 cum
1260 861 1378 902 egerit,
1402 862 1452 902 jus
1469 860 1638 902 legationis
1654 861 1683 891 ei
1701 859 1822 892 sartum

951 903 1069 935 tetrum
1094 902 1156 934 esse
1183 903 1376 944 oportuerit.
1423 902 1476 934 De
1493 902 1614 934 comite
1628 901 1819 943 legationis,

950 945 1003 985 qui
1026 943 1149 976 infidias
1173 953 1358 986 paraverat,
1382 943 1548 977 Sallustius
1567 943 1641 975 Bell.
1669 943 1818 986 Jugurth.

952 986 983 1017 C.
1010 994 1062 1028 35.
1085 986 1130 1017 ita
1148 985 1234 1018 infit:
1259 985 1310 1017 Fit
1333 996 1397 1017 reus
1413 987 1510 1028 inagis
1524 995 1560 1016 ex
1577 995 1651 1027 aequo
1671 990 1815 1026 bonoque,

946 1037 1033 1100 {iam
1053 1037 1090 1059 ex
1108 1027 1187 1068 Jure
1204 1027 1345 1058 Gentium
1364 1027 1529 1065 Bomilcar,
1556 1037 1645 1057 comes
1662 1028 1744 1069 ejus,
1766 1028 1816 1068 qui

981 1079 1073 1100 ornam
1083 1068 1145 1109 fide
1154 1068 1276 1110 publica
1290 1074 1422 1100 venerat.
1449 1068 1563 1107 Vides,
1589 1067 1705 1099 factum
1721 1067 1815 1100 fuisse

946 1119 1055 1149 reum,
1079 1120 1150 1142 nam
1177 1109 1262 1151 quod
1283 1108 1448 1142 Sallustius
1470 1109 1662 1150 superdicit,
1687 1120 1724 1140 ex
1742 1119 1817 1151 aequo

947 1151 984 1188 (⁵5⁹
998 1154 1065 1184 hono
1079 1153 1194 1195 magis,
1204 1161 1291 1194 quam
1305 1161 1342 1183 ex
1358 1151 1436 1193 Jure
1457 1152 1599 1183 Gentium
1614 1151 1646 1182 id
1663 1150 1814 1182 :estiman-

946 1194 1040 1232 dum,
1063 1203 1128 1226 rem
1152 1192 1247 1235 ipsam
1265 1203 1328 1226 non
1355 1201 1476 1233 mutat,
1502 1191 1552 1224 sed
1569 1191 1726 1231 ostendit,
1750 1192 1814 1224 Sul-

947 1234 1042 1267 lustio
1067 1236 1111 1267 ita
1128 1234 1250 1275 visum,
1277 1235 1307 1267 δε
1324 1235 1471 1276 quamvis
1495 1234 1608 1276 religio
1626 1234 1708 1274 Juris
1727 1232 1812 1265 Gen-

947 1277 1025 1308 tium
1042 1277 1254 1309 Bomilcarem
1262 1276 1484 1309 dimittendum
1501 1275 1661 1314 suaderet,
1671 1275 1702 1307 id
1712 1284 1816 1307 tamen

946 1318 1137 1360 displicuiffe
1152 1328 1188 1350 ex
1201 1327 1275 1360 aequo
1290 1317 1326 1353 &³
1340 1320 1428 1358 bono,
1452 1318 1536 1359 quod
1553 1317 1714 1357 homines,
1739 1327 1816 1359 pra:-

945 1359 1053 1392 sertim
1077 1361 1155 1401 Juris
1179 1360 1410 1400 imperitiores,
1441 1359 1496 1392 fibi
1530 1359 1671 1401 fingunt,
1707 1360 1736 1390 &
1763 1358 1817 1390 liic

944 1401 1127 1444 fingebant.
1152 1402 1300 1443 quodque
1325 1401 1492 1433 videbatur
1515 1399 1555 1432 fla
1579 1401 1675 1440 itare,
1697 1408 1734 1432 ut
1753 1399 1817 1432 fine

944 1443 1012 1476 ullo
1028 1444 1228 1486 personarum
1257 1442 1456 1483 discrimine,
1487 1442 1568 1474 delic
1584 1452 1636 1474 um
1657 1452 1750 1483 poena
1773 1441 1818 1473 se-

944 1494 1067 1527 quatur.
1093 1486 1145 1519 Sic
1160 1484 1364 1527 explicandus
1379 1484 1425 1517 est
1441 1486 1530 1517 locus
1538 1483 1697 1524 Sallustii,
1722 1493 1818 1526 quem

941 1528 1134 1570 Interpretes
1152 1527 1295 1570 plerique
1314 1527 1438 1568 pessime
1455 1526 1580 1559 habent.

984 1570 1090 1602 Etiam
1104 1570 1265 1601 recentior
1280 1576 1355 1601 aetas
1370 1569 1515 1609 exempla
1525 1567 1712 1610 suppeditat.
1737 1568 1816 1600 Pau-

940 1612 989 1644 lus
1008 1611 1061 1644 IV.
1088 1610 1242 1643 Pontifex
1258 1611 1424 1643 Maximus
1442 1609 1650 1642 Garcilaffum
1671 1610 1791 1652 Vegam
1801 1628 1816 1649 5

941 1653 1035 1695 Regis
1055 1651 1275 1694 Hispaniarum
1292 1653 1431 1694 legatum
1441 1673 1453 1692 ,
1477 1655 1561 1693 quod
1575 1652 1687 1684 Romae
1701 1661 1748 1684 res
1759 1661 1816 1683 no-

939 1705 994 1727 vas
1013 1694 1200 1733 moliretur,
1227 1694 1259 1726 in
1274 1703 1432 1726 carcerem
1456 1692 1616 1734 conjecit,
1641 1693 1671 1725 &
1687 1693 1725 1724 ad
1744 1693 1814 1725 Du-

942 1746 1010 1769 cem
1026 1735 1203 1774 Albanum,
1226 1736 1266 1767 de
1282 1745 1321 1767 eo
1330 1744 1580 1777 conquerentem
1592 1759 1601 1774 ‚
1627 1736 1669 1766 ita
1686 1734 1814 1776 respon-

941 1778 1008 1811 dit:
1034 1779 1068 1810 Si
1090 1778 1180 1820 Vega
1204 1779 1285 1809 intra
1299 1778 1434 1809 mandati
1447 1776 1525 1817 fines
1544 1776 1580 1813 &³
1597 1777 1691 1819 legali
1708 1787 1812 1808 munus
1854 1780 1856 1782 '

935 1819 969 1862 st
1009 1820 1210 1862 continm'ffet,
1252 1819 1329 1850 nihil
1353 1820 1454 1851 damni
1477 1819 1645 1861 paffurum,
1666 1818 1721 1860 sed
1746 1828 1812 1850 cum

943 1860 1145 1900 confiliorum,
1169 1861 1367 1903 seditionum,
1398 1861 1650 1892 machinationum
1676 1861 1752 1891 clam
1779 1862 1813 1891 in

943 1914 1008 1935 eum
1025 1903 1217 1944 Principem,
1239 1904 1278 1934 ad
1303 1913 1385 1944 quem
1392 1902 1502 1943 fuerat
1525 1901 1642 1943 miffus,
1665 1902 1812 1933 initurum

936 1945 1088 1986 particeps
1096 1943 1156 1985 fit,
1181 1951 1321 1986 tanquam
1330 1945 1488 1985 privatum
1501 1945 1624 1984 improbe
1636 1943 1721 1986 egiffe
1731 1966 1743 1982 ,
1765 1949 1812 1975 at-

962 1997 994 2017 ue
1017 1992 1049 2017 ut
1075 1985 1351 2059 talemgupplz'ciuriz
1368 1982 1520 2026 meruzffe3
1543 1985 1810 2026 quemadmodum

968 2037 1014 2059 aec
1038 2036 1142 2059 narrat
1191 2026 1280 2059 aulus
1304 2027 1432 2068 Sarpius
1457 2024 1571 2067 Hzstor.
1606 2026 1716 2058 Concil.
1745 2026 1812 2058 Tri-

942 2071 1021 2101 dent.
1048 2069 1119 2101 Lib.
1144 2068 1183 2100 V.
1202 2074 1236 2109 p.
1261 2079 1300 2100 m.
1332 2072 1405 2109 ,σῳ
1433 2068 1463 2100 &
1487 2071 1560 2110 365.
1595 2066 1648 2100 sed
1671 2066 1814 2100 substitit

943 2120 978 2142 ea
1001 2120 1050 2143 res
1076 2111 1158 2143 intra
1174 2109 1271 2142 solam
1286 2078 1459 2142 custodiam
1469 2131 1480 2148 ,
1505 2119 1567 2151 qua
1582 2108 1654 2151 post
1669 2108 1812 2141 dimiffus

943 2152 997 2184 est.
1044 2152 1108 2184 Alii
1125 2151 1289 2193 Principes
1312 2152 1397 2183 ultra
1390 2151 1571 2225 asprogreffi
1588 2150 1670 2182 sunt.
1715 2150 1813 2192 Regis

942 2193 1104 2226 Persarum
1131 2192 1244 2235 legati,
1268 2193 1353 2234 quod
1377 2193 1387 2224 l
1422 2192 1525 2224 civius
1551 2191 1703 2234 egissent,
1727 2193 1812 2225 inter

942 2234 1026 2267 sacra
1040 2234 1174 2275 mensae,
1196 2234 1228 2266 in
1252 2234 1444 2267 Macedonia
1465 2234 1626 2266 trucidati.
1673 2233 1709 2266 ln
1725 2233 1812 2266 Lusi-

942 2278 1027 2309 tania
1045 2278 1186 2319 legatus,
1212 2276 1296 2316 quod
1312 2275 1502 2308 adulterium
1521 2275 1742 2314 commisisset,
1765 2275 1813 2306 ul-

942 2319 1023 2350 timo
1032 2318 1188 2360 supplicio
1196 2317 1336 2350 affe6ws.
1361 2317 1539 2350 Mediolani
1555 2316 1670 2349 Galliae
1680 2316 1814 2358 legatus,

941 2360 984 2392 ob
1001 2359 1210 2392 homicidium
1227 2366 1461 2401 perpetratum,
1479 2359 1584 2400 capite
1601 2358 1748 2400 punitus,
1773 2365 1810 2388 ut

941 2411 982 2433 ex
1006 2401 1129 2434 idoneis
1151 2400 1332 2433 auctoribus
1351 2401 1421 2432 haec
1440 2402 1547 2432 omnia
1573 2399 1683 2431 retulit
1698 2398 1810 2430 Kirch-

939 2452 1034 2475 nerus
1061 2443 1094 2474 in
1117 2442 1234 2484 Legata
1260 2441 1333 2473 Lib.
1356 2441 1398 2473 II.
1425 2442 1496 2482 Cap.
1522 2440 1548 2473 I.
1572 2450 1650 2472 mem.
1680 2448 1750 2479 115.
1775 2434 1815 2474 ἐπ’

931 2484 1014 2526 steqq.
1040 2484 1183 2525 quamvis
1202 2483 1233 2515 in
1250 2483 1355 2524 primo
1369 2482 1518 2523 exemplo
1534 2481 1735 2514 tumultuaria
1745 2491 1811 2522 poe-

941 2535 981 2557 na
1007 2525 1108 2566 magis
1125 2524 1235 2556 exatta
1258 2523 1378 2562 fuerit,
1401 2533 1493 2565 quam
1515 2523 1655 2555 servatus
1673 2522 1809 2562 iudicio-

939 2576 1010 2598 rum
1024 2568 1121 2605 ordo,
1148 2567 1177 2598 ὃ(
1193 2566 1226 2597 in
1243 2565 1339 2597 tertio
1354 2575 1418 2597 non
1432 2563 1592 2597 defuerint
1609 2564 1747 2595 rationes
1758 2564 1813 2595 du-

940 2607 1059 2640 bitandi
1071 2631 1081 2647 ,
1104 2617 1142 2639 an
1158 2617 1218 2649 pro
1235 2607 1341 2648 legato
1363 2606 1521 2638 habendus
1539 2605 1669 2644 fuisset,
1690 2605 1743 2647 qui
1761 2615 1810 2636 ca-

940 2650 1009 2691 pite
1022 2659 1130 2691 poenas
1148 2648 1218 2682 luit.
1245 2648 1399 2681 Rationes
1416 2647 1578 2679 dubitandi
1601 2647 1696 2678 habet
1718 2646 1813 2677 Wie-

942 2689 1073 2732 quefort
1088 2690 1219 2731 damses
1233 2689 1391 2722 Memoires
1403 2695 1438 2730 p.
1462 2699 1501 2721 m.
1524 2699 1574 2730 47.
1601 2688 1727 2730 6⁴2³]qu
1751 2687 1811 2719 Le-

940 2740 1046 2773 gatum
1062 2732 1220 2764 Venetum
1231 2755 1241 2771 ,
1253 2731 1401 2763 adulterii
1419 2740 1507 2762 reum
1517 2753 1529 2769 ,
1540 2730 1717 2762 Mediolani
1731 2737 1808 2769 quo-

940 2782 1001 2814 que
1025 2774 1130 2815 capite
1152 2773 1282 2815 plexum
1308 2779 1410 2804 narrat
1429 2770 1569 2803 Gentilis
1591 2771 1630 2802 de
1647 2770 1809 2812 Legatiom

940 2815 1010 2848 Lib.
1035 2814 1076 2847 ΙΙ.
1104 2816 1135 2848 C.
1164 2822 1210 2855 17.
1256 2813 1352 2846 Aliud
1369 2813 1548 2854 exemplum
1566 2812 1679 2852 legati,
1701 2811 1752 2852 qui
1764 2820 1809 2841 re-

939 2856 1110 2889 bellionem
1141 2856 1340 2894 concitarat,
1396 2854 1475 2886 uniti
1510 2852 1605 2884 habet
1637 2852 1811 2885 Tesmarus

938 2898 977 2929 ad
993 2896 1144 2930 Grotium
1159 2900 1192 2929 de
1210 2897 1287 2939 Jure
1305 2897 1341 2928 B.
1414 2895 1451 2926 P.
1478 2895 1547 2927 Lib.
1573 2893 1613 2925 II.
1641 2894 1674 2924 C.
1702 2898 1748 2928 18.
1776 2892 1804 2934 §.

939 2949 970 2979 4.
993 2950 1024 2972 π.
1055 2949 1081 2972 1.
1106 2939 1215 2971 Frater
1233 2938 1328 2980 legati
1346 2936 1484 2969 Lusitani
1499 2934 1807 2967 Londinihomincm

939 2982 1079 3021 occidit,
1105 2981 1136 3012 δε
1152 2980 1237 3021 fugit
1255 2980 1286 3011 in
1303 2980 1432 3009 domum
1449 2976 1577 3014 fratris,
1601 2976 1632 3008 in
1654 2975 1743 3016 cujus
1754 2984 1811 3006 co-

939 3023 1054 3054 mitatu
1079 3030 1166 3060 erat,
1190 3021 1242 3053 sed
1267 3018 1450 3055 Cromwel,
1472 3016 1596 3059 Angliae
1621 3016 1809 3058 Protcetor,

940 3073 1012 3096 eum
1029 3063 1188 3101 extraxit,
1214 3064 1245 3095 &
1261 3060 1359 3093 securi
1378 3058 1546 3100 peremit,
1570 3058 1644 3090 vide
1660 3057 1808 3090 Aitzerna

940 3106 1013 3138 Lib.
1032 3104 1193 3137 XXXIV.
1205 3110 1237 3144 p.
1256 3110 1306 3143 75.
1324 3101 1354 3133 δὲ
1373 3109 1443 3141 132.
1469 3100 1499 3132 &
1515 3099 1712 3140 Hollaizdsche
1722 3099 1806 3132 Mer-

940 3155 1002 3178 cur.
1037 3146 1124 3177 Anni
1159 3148 1250 3184 1674.
1277 3149 1309 3184 p.
1344 3145 1396 3173 62.
1422 3142 1452 3173 δί
1480 3144 1532 3183 63.
1569 3142 1654 3183 quod
1679 3141 1808 3173 damnat

942 3185 1154 3227 VVicquefort
1172 3186 1304 3227 issajoris
1326 3183 1434 3223 Operis
1451 3182 1521 3215 Lib.
1548 3181 1572 3215 1.
1599 3182 1674 3214 Se&
1700 3187 1751 3217 28.
1770 3189 1805 3224 p.»

940 3233 1014 3269 885.
1041 3229 1070 3258 ὅ.-
1086 3231 1160 3261 886.
1182 3226 1256 3259 Nec
1273 3225 1376 3260 minus
1391 3224 1533 3264 damnat,
1557 3224 1641 3265 quod
1656 3223 1709 3256 fibi
1723 3224 1805 3295 accii-

1036 3268 1065 3300 Y
1087 3279 1106 3310 3
1759 3266 1808 3296 εἰς
