2008 3436
194 136 260 171 144
435 119 838 159 CORNELII
911 129 1022 154 VAN

189 205 224 238 μδ
240 203 321 240 ἰατροὶ
336 202 416 240 ἕσαν,
451 201 509 234 ὲδὲν
528 201 557 232 ἓν
571 199 596 232 {v
620 205 668 231 τῶν
691 202 880 238 &equ-name&
898 199 1030 233 μυρόπρον
1049 220 1057 234 ,

189 246 322 285 exceptis
350 244 482 277 Medicis
502 243 580 275 nibil
602 242 824 274 Grammaticis
846 238 886 285 est
898 239 1028 280 stultius
1046 249 1057 275 ;

188 287 261 317 dico
275 286 401 327 potius,
426 285 503 317 mihi
520 284 593 318 satis
607 284 757 317 Latinum
774 282 892 320 videri,
918 281 1002 322 quod
1013 280 1059 311 lo-

187 327 304 367 quendi
328 327 412 360 ratio
433 326 576 359 admittit
588 350 597 365 ,
623 327 654 357 ὅ(
672 324 744 356 usus
763 322 917 364 JCtorum
935 321 1061 363 probat.

188 368 311 400 Eorum
336 367 504 409 elegantiae
531 367 678 407 laudique
699 365 779 397 nibil
804 372 931 409 quoque
949 361 1059 409 Gram-

190 409 298 442 matici
317 409 541 448 detraxerunt,
565 408 620 439 nisi
636 406 722 438 forte
739 405 880 438 Sanctius
896 413 926 434 in
943 403 1061 449 Miner-

189 460 233 482 va
255 451 295 483 L.
315 450 371 483 III.
394 452 426 483 C.
449 460 500 489 14.
522 449 581 481 hac
601 448 704 489 lepida
719 447 863 483 ratione3
888 447 963 485 quod
973 448 1060 485 Jecu-

190 492 253 524 lum
277 491 452 533 Justinicmi
479 491 626 522 Latinam
654 489 808 528 Linguam
830 496 885 517 non
904 487 1033 526 poliebac
1050 509 1060 523 ,

188 533 412 607 veteressjuris
433 533 583 565 Auum-es
593 554 602 570 ‚
627 540 668 561 ex
686 528 798 570 quibus
809 527 974 574 'Pandectae
985 537 1058 559 con-

191 573 273 606 stant
285 598 294 613 ‚
331 584 360 607 1c
379 574 492 606 vixlffe
507 581 592 604 ratus
609 578 769 603 trecentos
782 593 790 608 ‚
806 578 889 608 imo,
907 569 1058 610 quosdam

190 625 231 647 ex
249 615 296 647 his
308 640 318 655 ‚
344 617 533 656 quingentos
551 622 651 644 annos
665 611 737 653 post
750 619 817 641 eam
838 618 981 648 aetatem,
999 619 1060 650 qua

189 666 300 688 revera
327 657 477 687 vixerunt
504 652 770 698 scripseruntque²
810 651 907 697 Quod
933 652 1057 688 miror,

189 697 242 738 qui
260 697 385 729 Sanctio
412 695 566 728 censendo
590 693 738 735 occupati
752 696 899 731 luerunt,
925 692 987 724 fine
1001 701 1057 723 no-

190 745 222 770 ta
243 737 449 772 transmisisse.

817 835 1172 874 CAPUT

302 934 501 982 Propulsatio
526 936 579 970 vis
604 941 697 979 atque
723 934 853 981 injuriae
878 944 934 978 quo
949 930 1048 978 sensit
1075 930 1158 975 Jziri
1185 930 1335 965 Gentium
1363 931 1527 966 tribuatur
1553 929 1590 965 in
1615 929 1656 964 L.
1676 939 1707 974 3.
1733 929 1844 966 ffl‘de

1100 109 1702 151 BYNKERSHOEK

1143 194 1315 227 Offendcre
1340 193 1435 224 etiam
1455 191 1677 223 nonneminem
1700 190 1810 232 poffit,
1833 194 1913 233 quod
1930 197 1960 232 ju
1998 188 2005 236 s*

1102 236 1184 277 d.-§.
1209 247 1238 274 5.
1264 244 1336 266 cum
1364 241 1474 275 agatur
1496 233 1535 263 de
1552 231 1726 263 hereditate
1739 231 1777 263 ab
1791 232 1858 273 ipso
1879 236 1959 271 testa.

1105 286 1174 309 tore
1191 275 1358 309 distributa
1376 299 1385 315 ,
1419 274 1498 306 illud
1518 272 1708 314 fignificetur
1728 272 1785 303 hac
1803 273 1961 320 formula,

1103 320 1155 353 ille
1179 329 1216 355 ex
1234 325 1322 359 parte
1342 323 1407 348 tota
1426 338 1436 354 ,
1467 316 1517 346 iile
1539 324 1576 346 ex
1599 320 1679 352 tota,
1710 323 1783 360 cuni
1798 315 1883 347 nulla
1895 327 1961 358 pal-g

1105 367 1210 392 totum
1223 359 1284 391 ess'e
1299 358 1400 400 poffit.
1621 397 1627 402 .
1799 397 1805 401 ἱ

1104 400 1138 432 su
1157 409 1308 433 tentarem
1330 409 1387 441 pro
1408 406 1469 430 toea
1484 421 1493 435 ,
1521 397 1692 438 utrobique
1714 394 1880 429 rescribere
1900 406 1961 442 ‘Q

1105 451 1138 473 za
1148 465 1158 479 ,
1178 442 1315 474 maxime
1329 451 1425 482 quum
1439 438 1736 477 animadverterem,
1761 437 1839 469 illud
1852 436 1962 482 vitiugffi

1104 484 1199 515 etiam
1216 484 1276 514 alia
1293 483 1365 514 loca
1382 480 1556 520 occupasse.
1581 479 1641 512 Sed
1659 486 1750 510 muto
1763 477 1962 524 sententiam

1101 532 1181 556 totus
1203 534 1266 556 non
1292 523 1411 565 semper
1434 522 1479 554 est
1497 525 1635 563 integer,
1651 521 1788 561 solidus,
1812 524 1960 558 verum&
2003 519 2006 543 ἶ

1100 573 1222 608 partem
1235 565 1366 596 denotat
1377 587 1388 603 ,
1412 572 1447 596 ut
1473 564 1604 596 denotat
1621 562 1740 604 semper
1755 586 1764 602 ‚
1796 562 1849 593 ubi
1868 563 1960 607 sequi.

1103 617 1154 639 tur
1168 613 1274 648 quotus
1285 630 1294 644 ‚
1305 606 1335 638 ὅ(
1356 615 1433 637 tunc
1447 605 1546 647 prima
1563 604 1680 648 syllaba
1696 604 1866 645 corripitur
1873 614 1960 643 ,cum

1102 649 1242 690 alioquin
1259 647 1461 688 producatur.
1474 647 1566 678 Totus
1579 645 1625 677 est
1643 655 1660 676 a
1677 652 1717 676 tot
1729 669 1737 682 ,
1770 654 1805 678 ut
1823 653 1926 687 quotus
1943 657 1959 684 a

1102 697 1192 732 quot,
1216 690 1246 721 ὃς
1263 695 1366 730 partes
1384 697 1510 729 quoque
1532 687 1705 729 fignificant
1723 693 1764 718 ιυι
1789 688 1819 720 &
1839 695 1917 729 quot.

1276 835 1336 870 ΙΙ.

1938 885 1970 975 l

952 988 1037 1036 Just.
1066 988 1102 1022 <Sc
1131 987 1202 1034 Jur.

277 1105 353 1127 uaero
364 1119 373 1131 ,
396 1096 500 1138 inquit
515 1094 555 1126 Gi
561 1095 690 1137 phemius
707 1095 743 1126 ad
756 1094 920 1126 Mul-etum
945 1091 961 1132 (
973 1093 1055 1138 inter

297 1136 453 1178 Epistolas
469 1137 591 1168 Mureti
619 1138 656 1168 L.
679 1137 704 1168 l.
730 1136 784 1175 Ep.
812 1141 888 1175 78.)
913 1144 966 1164 cur
984 1135 1055 1175 juri

298 1180 442 1210 Gentium
453 1178 646 1209 Florentinus
660 1178 810 1218 adscribat
821 1178 1055 1207 vindicationem

187 1221 220 1252 in
243 1221 263 1252 l.
282 1230 313 1262 3.
329 1222 371 1260 ff.
395 1223 428 1252 de
449 1219 536 1266 Just.
554 1219 669 1260 &jun
693 1230 758 1250 cum
781 1218 817 1253 ὅ)
834 1218 941 1249 belluis
964 1228 997 1247 ea
1010 1215 1052 1255 sic

187 1262 375 1293 communis?
397 1262 426 1293 δί
442 1264 511 1293 lane
533 1261 662 1301 qua-:litu
683 1261 809 1301 (iignum
826 1258 881 1291 est.
914 1257 1052 1299 Respon-

186 1301 231 1336 fio
248 1303 390 1341 Mureti,
416 1303 499 1343 quod
516 1301 608 1333 sciam
620 1327 628 1341 ‚
665 1303 790 1343 publice
808 1311 873 1333 non
890 1298 1008 1345 exstat,
1032 1299 1053 1332 si

186 1343 323 1381 exstaret
339 1367 349 1383 ‚
379 1343 465 1375 forte
488 1353 547 1384 ego
576 1343 743 1384 potuiflem
767 1343 824 1373 hac
841 1350 935 1382 opera
949 1342 1051 1382 luper-

185 1384 301 1418 sedere.
345 1385 397 1426 Jus
412 1384 553 1416 naturale
570 1384 699 1416 definire
723 1383 833 1416 docuit
848 1382 1003 1423 Ulpianus
1018 1382 1051 1413 in

186 1427 207 1459 l.
235 1437 262 1459 Ι.
287 1427 316 1467 §.
340 1437 369 1468 3.
387 1427 427 1465 ff.
450 1427 479 1457 h.
502 1425 536 1457 T.
561 1425 663 1457 allatis
689 1424 891 1466 quibusdam,
923 1432 992 1464 quae
1009 1433 1050 1455 ex

185 1468 253 1509 jure
268 1467 400 1500 naturali
415 1466 618 1499 descendunt.
662 1466 715 1507 Jus
735 1465 887 1497 Gentium
905 1464 1051 1496 definivit

184 1510 217 1541 in
243 1509 271 1550 ᾗ.
289 1520 317 1549 4.
344 1511 372 1540 d.
388 1508 408 1540 l.
432 1508 462 1540 &
487 1517 556 1549 quae
578 1507 650 1539 inde
665 1506 872 1545 descendant,
896 1515 936 1537 ex
954 1506 1050 1538 variis

184 1550 415 1591 JCtisrelatum
424 1548 468 1581 est
484 1550 517 1582 in
538 1551 559 1582 l.
573 1559 599 1581 2.
611 1551 630 1581 l.
647 1559 678 1590 3.
700 1550 761 1588 l.4.
775 1548 834 1580 &L
853 1558 879 1583 ς.
891 1547 965 1579 Eod.
978 1547 1051 1579 Val-

183 1591 223 1623 de
244 1598 348 1623 autem
375 1590 619 1632 inexspectatum
646 1591 746 1622 videri
762 1588 888 1632 potest,
914 1589 998 1631 quod
1014 1588 1053 1620 ad

183 1632 236 1674 Jus
256 1631 409 1665 Gentium
428 1632 544 1664 referat
563 1631 766 1664 Florentinus
784 1632 816 1663 in
841 1631 863 1663 l.
880 1641 911 1673 3.
935 1637 970 1662 uc
988 1633 1052 1662 vim

182 1676 272 1715 atque
294 1675 445 1716 injuriam
463 1674 680 1715 propulsemus.
730 1672 824 1705 Nihil
845 1673 931 1704 enim
952 1673 1050 1713 magis

182 1715 243 1756 juri
264 1716 397 1748 naturali
426 1717 589 1757 proprium
608 1714 653 1747 est
661 1739 671 1755 ‚
704 1723 796 1756 quam
811 1713 950 1746 defensio
973 1712 1018 1745 sui
1038 1737 1049 1753 ‚

183 1756 264 1789 hanc
278 1758 469 1799 permittunt
486 1780 496 1796 ,
528 1757 604 1798 quin
624 1758 654 1789 &
672 1757 782 1797 jubent
800 1757 831 1784 πὶ
861 1758 950 1789 πμῦπκ
981 1757 1051 1786 „me

181 1801 278 1836 Φύσιν,
300 1808 369 1840 quae
388 1808 461 1830 cum
480 1798 552 1840 ipfis
569 1798 669 1830 brutis
686 1797 836 1830 habemus
858 1797 1048 1829 communia.

181 1838 232 1870 Ab
249 1839 314 1881 ipsa
329 1848 440 1872 natura
465 1847 681 1881 comparatum
704 1839 765 1871 effe
776 1863 786 1879 ,
811 1846 847 1871 ut
865 1839 932 1870 vim
946 1839 980 1870 vi
1004 1848 1049 1870 re-

181 1880 299 1921 pellere
324 1881 419 1913 liceat
434 1904 444 1921 ,
477 1880 593 1913 Cicero
609 1881 703 1912 variis
719 1880 799 1913 locis
815 1880 942 1922 prolixe
960 1879 1048 1912 testa-

183 1930 233 1952 tus
260 1921 325 1961 est,
359 1932 418 1954 nec
439 1922 499 1954 alia
523 1929 629 1954 mente
655 1921 726 1954 usos
749 1921 810 1953 esse
828 1930 953 1954 veteres
967 1921 1049 1963 Juris

181 1961 335 1995 Auum-es
350 1986 360 2001 ‚
391 1973 500 1995 eorum
524 1963 700 2005 fragmenta
750 1963 835 1995 affim
863 1963 1048 2004 loquuntur.

181 2002 361 2036 Recitarem
387 2004 458 2035 loca
483 2004 648 2037 Ciceronis
675 2014 715 2036 ex
761 2005 836 2037 ibris
851 2005 886 2036 de
904 2003 1022 2045 Officiis
1038 2027 1048 2043 ,

181 2045 217 2076 de
229 2044 354 2077 Finibus
375 2046 440 2077 bon.
458 2045 493 2080 ξεῖ
510 2047 580 2078 mal.
603 2056 643 2078 ex
667 2046 783 2087 Topicis
798 2068 807 2083 ‚
836 2046 866 2079 δί
889 2046 980 2078 Orac.
993 2054 1049 2088 pro

181 2085 293 2118 Milon.
315 2086 337 2118 fi
360 2095 423 2118 non
452 2087 592 2128 quaedam
620 2087 802 2129 occupasset
820 2088 944 2120 Marius
962 2088 1048 2120 Salo—

181 2128 308 2160 monius
327 2128 432 2160 Comm.
454 2128 491 2159 ad
512 2130 533 2160 l.
557 2138 584 2160 1.
608 2129 635 2169 §.
653 2140 684 2171 3.
700 2131 741 2168 ff.
764 2132 797 2160 de
820 2128 906 2169 Just.
931 2128 1046 2171 &jun

182 2168 213 2200 ὅ(
237 2169 297 2200 alia
321 2169 360 2200 ab
378 2169 446 2201 aliis
465 2179 563 2211 usque
592 2170 621 2201 ὅ(
648 2180 745 2212 usque
763 2170 861 2202 effent
881 2170 1045 2211 descripta.

181 2208 264 2255 Quae
290 2209 363 2250 Jure
386 2210 531 2242 Romano
562 2211 594 2242 in
624 2212 752 2243 eandem
782 2211 968 2244 sententiam
992 2222 1045 2244 cx-

180 2249 279 2289 stant‚
305 2251 458 2283 indicavit
476 2251 666 2284 Scholiastes
681 2252 884 2284 Bafilicorum
899 2253 936 2285 ad
944 2255 971 2284 h.
984 2255 1046 2294 243.

179 2301 238 2323 nec
263 2302 279 2324 a
301 2291 423 2324 Latinis
445 2302 572 2334 quoque
600 2293 826 2335 lnterpretibus
846 2295 1048 2335 praetermill'a

181 2331 263 2365 sunt.
308 2333 368 2365 Sed
385 2334 460 2375 quid
478 2334 593 2365 attinet
608 2335 794 2374 veritatem,
819 2335 985 2368 nobiscum
995 2347 1046 2368 na-

182 2381 245 2404 tam
263 2374 293 2406 &
307 2374 461 2414 adultam,
494 2374 681 2407 testimoniis
703 2386 852 2414 onerarc3
876 2377 947 2418 plus
971 2377 1049 2409 scire

180 2414 296 2446 attinet
315 2438 325 2454 ,
359 2425 420 2456 qua
444 2417 567 2448 ratione
590 2416 674 2449 solus
709 2417 735 2449 F
738 2418 913 2450 lorentinus
935 2419 972 2450 ad
993 2419 1048 2459 Jus

181 2453 336 2502 Gentium
362 2457 506 2489 retulerit
523 2481 534 2498 ,
568 2458 652 2499 quod
675 2458 713 2490 ad
734 2459 787 2500 Jus
803 2459 944 2491 naturale
966 2459 1045 2492 refe-

180 2504 255 2528 runt
272 2497 326 2529 alu
340 2506 458 2529 omnes.

221 2537 343 2570 Movet
360 2539 440 2569 hanc
450 2539 671 2573 difficultatem
681 2540 852 2573 Goveanus
866 2542 905 2573 V
899 2553 945 2574 cir.
957 2543 1044 2575 Lea.

180 2578 256 2625 Jus⁸
272 2579 365 2611 Civil.
389 2580 426 2610 L.
446 2579 468 2611 1.
496 2581 528 2612 C.
555 2592 604 2613 20.
628 2582 679 2614 sed
695 2592 759 2624 quo
776 2591 940 2623 amoveat,
965 2585 1045 2617 nihil

179 2629 348 2692 Sulcquam
362 2621 451 2653 dicit.
497 2622 683 2655 Scholiastes
697 2624 899 2656 Balilicorum
908 2634 964 2664 eo,
981 2635 1044 2667 quo

202 2661 266 2701 ixi,
298 2662 373 2694 loco
397 2661 583 2703 respondet,
615 2665 699 2705 quod
724 2669 735 2694 ό
756 2667 846 2697 ierim
864 2667 946 2698 vano*
961 2681 1042 2694 xm-

625 2706 689 2746 Jus
712 2706 858 2737 Gentium
885 2708 1044 2749 improprie

178 2745 350 2790 appellatur
366 2746 529 2783 naturale,
551 2745 601 2778 scd
623 2747 691 2788 quis
719 2747 805 2779 illam
819 2749 975 2785 κατάκρισιν
995 2750 1043 2780 ad-

178 2793 285 2817 mittat
301 2786 333 2818 in
352 2787 504 2826 tradam,
524 2787 576 2819 ubi
596 2796 763 2829 utrumque
779 2789 827 2829 jus
842 2787 1042 2821 distinfledc-

178 2825 308 2866 finitur,
333 2827 363 2860 δε
381 2829 560 2870 utriusque,
585 2828 630 2860 ita
649 2828 804 2869 distincti,
820 2831 1042 2872 exemplapro-

178 2875 349 2905 ponuntur.
401 2869 473 2909 Jure
494 2870 627 2902 naturali
643 2869 793 2910 definito,
841 2871 957 2902 uaedam
975 2872 1042 2912 ejus

175 2909 321 2951 ‘exempla
339 2908 470 2950 subjecit
488 2910 661 2952 Ulpianus,
685 2921 762 2943 mox
778 2881 948 2952 deiinitJus
957 2911 1040 2944 Gen-

178 2955 276 2987 tium,
308 2951 338 2983 &
357 2951 387 2982 ei
405 2951 529 2991 rursus,
554 2961 594 2983 ex
612 2953 680 2984 aliis
701 2952 807 2993 JCtis‚
833 2951 1040 2993 subjiciuntur

178 2990 340 3037 ege—mpla,
364 3001 433 3032 qua:
457 3002 496 3024 eo
518 2994 687 3034 pertinent.
732 2993 837 3034 Atque
853 2994 924 3025 ideo
939 3004 1040 3035 neque

179 3030 334 3061 uult-ntror
350 3031 524 3072 Connano,
548 3035 599 3075 qui
617 3036 860 3076 Conzment.Jur.
883 3036 974 3066 Civil.
997 3036 1035 3066 J„

180 3066 202 3098 l,
230 3070 261 3100 C.
278 3080 310 3109 4.
338 3082 367 3103 n.
389 3082 419 3109 9.
446 3075 628 3115 existimat,
658 3086 694 3108 ea
723 3077 886 3118 exempla,
913 3086 981 3118 quae
1006 3077 1037 3109 in

179 3109 200 3138 l.
220 3118 257 3154 2..
272 3111 291 3140 l.
309 3121 339 3151 3.
362 3113 382 3143 l.
397 3124 426 3152 4.
448 3115 484 3150 ὅ)
506 3117 526 3146 l.
544 3126 576 3156 5.
606 3116 806 3149 recensentur
821 3141 830 3157 ,
886 3117 1040 3149 romiscuc

178 3157 353 3193 pertinere,
378 3155 429 3185 vel
448 3157 484 3186 ad
502 3156 554 3196 Jus
578 3158 737 3197 naturale,
762 3158 812 3189 vel
831 3168 844 3188 ιτ
880 3158 934 3198 Jus
953 3157 1038 3191 Gen-

178 3198 274 3228 tfflffl,
299 3192 382 3231 quod
401 3203 566 3238 utrumque
587 3198 738 3240 Ulpianus
753 3199 951 3236 delimvcrat.
971 3199 1035 3236 Sal-

177 2705 304 2741 zpnmu's
325 2706 446 2734 καλεΐπιι
469 2706 573 2739 ‹pua-inb<
582 2728 592 2742 ‚

1099 1101 1139 1123 va
1162 1090 1244 1122 reste
1273 1088 1448 1132 disputandi
1478 1099 1587 1121 norma
1612 1090 1680 1122 haec
1702 1099 1766 1122 non
1789 1089 1959 1127 subsistunt.

1097 1132 1169 1164 Nec
1201 1140 1304 1163 tamen
1331 1131 1458 1163 felicius
1481 1130 1603 1163 causam
1626 1132 1808 1172 extricant,
1833 1134 1888 1174 qui
1909 1134 1967 1168 vel*

1097 1172 1274 1204 Florentini
1292 1182 1429 1204 errorem
1445 1179 1578 1213 arguunt
1589 1194 1600 1210 ,
1624 1173 1708 1214 quod
1725 1172 1790 1213 Juri
1810 1173 1959 1210 Gentium

1099 1214 1263 1252 tribuerit,
1287 1214 1372 1253 quod
1388 1214 1470 1253 Juris
1486 1221 1604 1244 naturae
1631 1214 1698 1252 est,
1722 1214 1775 1245 vel
1788 1216 1913 1256 culpam
1928 1216 1959 1250 in

1098 1254 1330 1286 Tribonianum
1357 1253 1549 1285 transferunt
1569 1277 1579 1293 ,
1617 1254 1702 1291 Quod
1727 1254 1789 1286 hoc
1806 1255 1959 1298 fragmen-

1099 1303 1166 1326 tum
1187 1305 1251 1327 non
1277 1295 1487 1327 collocaverit
1511 1295 1563 1327 sua
1588 1295 1658 1326 sede
1672 1318 1683 1333 ‚
1713 1295 1774 1327 hoc
1788 1296 1855 1336 est,
1879 1298 1960 1332 inter

1092 1337 1240 1410 Ιεῑῗῖςιῃρω
1266 1337 1347 1377 Juris
1369 1337 1535 1376 naturalis,
1568 1337 1620 1368 ubi
1638 1336 1859 1371 Florentinum
1875 1349 1912 1372 re

1106 1388 1113 1409 1
1143 1387 1160 1409 e
1201 1386 1300 1410 utant.

1135 1387 1217 1458 seg,
1243 1427 1279 1451 ut
1300 1418 1559 1460 Jurisprudentiae
1587 1418 1640 1451 sua
1658 1419 1782 1452 constet
1794 1419 1936 1463 dignitas,

1092 1460 1177 1492 aliud
1191 1461 1359 1493 dicendum
1377 1458 1432 1492 est.
1477 1460 1540 1500 Et,
1567 1469 1603 1493 ut
1625 1460 1884 1503 alluddicamus,

1096 1510 1177 1533 teres
1199 1502 1261 1542 jam
1283 1501 1475 1543 interpretes
1498 1501 1601 1534 ansam
1619 1502 1798 1544 praebuere,
1823 1503 1922 1537 nami
1940 1541 1943 1544 ,

1096 1551 1144 1574 ter
1171 1543 1245 1575 illos
1274 1542 1366 1583 sunt,
1397 1543 1449 1584 qui
1476 1545 1540 1575 vim
1563 1550 1654 1585 atque
1673 1546 1820 1586 injuriam
1833 1555 1908 1578 acce

1093 1591 1168 1616 runt
1182 1594 1240 1626 pro
1258 1587 1293 1616 vi
1308 1584 1424 1628 injusta
1436 1607 1446 1622 ,
1468 1593 1504 1616 ut
1519 1584 1701 1618 observavit
1716 1586 1914 1621 Salomonius
1958 1612 1961 1618 .,

1094 1627 1122 1657 h.
1145 1627 1166 1657 l.
1181 1637 1214 1668 3.
1237 1626 1267 1658 δε
1291 1627 1434 1668 quamvis
1455 1625 1520 1668 ipse
1542 1626 1620 1659 illud
1646 1627 1823 1669 improbet,
1856 1636 1918 1661 tam

1092 1667 1173 1700 nihil
1188 1676 1268 1709 puto
1284 1667 1345 1700 ell'e
1359 1668 1474 1700 verius.
1520 1668 1572 1700 Ex
1593 1667 1818 1710 posterioribus
1833 1666 1962 1713 quoqu&

1093 1708 1320 1750 Interpretibus
1345 1708 1416 1742 sunt
1431 1732 1442 1749 ,
1477 1710 1530 1751 qui
1554 1720 1595 1743 ex
1623 1710 1722 1752 figura
1743 1711 1934 1744 Rhetorices
1947 1711 1961 1734 ’ἵ

1092 1749 1200 1782 nel-'cio
1216 1760 1295 1793 qua,
1319 1752 1382 1782 vim
1398 1758 1490 1793 atque
1504 1753 1672 1795 injuriam,
1692 1752 1770 1784 licet
1787 1753 1820 1785 in
1835 1752 1899 1785 duo
1912 1733 1966 1786 di2

1092 1791 1191 1823 visam
1203 1816 1213 1832 ‚
1246 1802 1305 1834 pro
1325 1801 1391 1824 uno
1411 1802 1515 1826 tamen
1532 1794 1705 1836 eodemque
1720 1794 1898 1836 accipiunt,
1921 1792 1963 1827 utt.

1092 1833 1173 1874 apud
1196 1834 1368 1876 Virgilium
1384 1858 1395 1874 ,
1421 1837 1540 1876 pateris
1559 1836 1672 1868 libabat
1698 1834 1739 1871 ὃ)
1756 1845 1830 1868 auro
1843 1858 1854 1876 ‚
1877 1832 1962 1878 apuff

1920 1376 1927 1386 κ
1946 1390 1950 1396 ι

1944 1386 1966 1429 vl

1091 1873 1255 1907 Lucanum
1271 1900 1281 1916 ,
1312 1877 1462 1918 chalybem
1474 1878 1642 1920 frenosque
1657 1879 1814 1910 momordic
1832 1899 1843 1916 ‚
1865 1875 1961 1919 atqu&
2006 1877 2007 1881 ’

1091 1915 1137 1947 ita
1165 1917 1199 1948 in
1226 1918 1350 1950 ceteris.
1395 1917 1490 1951 Hane
1516 1918 1541 1951 F
1544 1919 1692 1952 lorentini
1714 1927 1854 1951 mentem
1876 1917 1962 1952 haud‘

1091 1955 1224 1989 obscure
1240 1959 1306 1999 ejus
1330 1959 1427 1991 verba
1451 1960 1643 2002 significant,
1668 1969 1768 2002 neque
1784 1960 1869 1992 enim
1886 1959 1960 1998 iim-,²

1089 1998 1217 2045 pliciter
1237 2002 1280 2032 ait
1308 2002 1389 2039 vim,
1419 2000 1470 2033 sed
1494 2003 1616 2048 qualem
1633 2002 1807 2043 intelligat,
1832 2000 1955 2042 subjun-
2004 2028 2005 2031 ,

1090 2048 1156 2081 git,
1181 2049 1253 2072 cum
1269 2042 1539 2083 interpretationis
1565 2044 1640 2075 loco
1670 2043 1782 2082 addat,
1805 2049 1894 2084 atque
1909 2044 1957 2074 in-

1086 2084 1212 2122 juriam.
1255 2082 1332 2125 Agit
1357 2084 1453 2125 igitur
1473 2085 1512 2116 de
1532 2085 1564 2116 vi
1590 2083 1702 2125 injusta
1721 2084 1819 2116 illata.
1864 2082 1961 2116 Under.

1090 2122 1232 2163 Bafilici,
1257 2125 1366 2157 omiffa
1382 2127 1435 2164 vi,
1462 2125 1645 2167 fimpliciter
1666 2126 1733 2157 haec
1748 2133 1896 2165 vertunt,
1919 2119 1959 2155 Η

1089 2167 1224 2193 ποθεῖσθαι
1246 2170 1285 2195 τήν
1306 2168 1480 2204 ἔνι-φερομένην
1507 2167 1580 2201 ὓῖὸυ
1600 2191 1609 2206 ,
1630 2166 1806 2208 propulsare
1835 2168 1959 2198 illatdml

1089 2206 1256 2247 injuriam,
1279 2217 1342 2239 non
1363 2211 1443 2247 flia»,
1474 2207 1525 2240 scd
1545 2208 1628 2243 llss‘fflr.

1091 2289 1116 2321 1.
1143 2290 1175 2321 C.
1201 2299 1230 2321 2.
1247 2292 1279 2321 in
1297 2289 1354 2329 fin.
1379 2291 1486 2322 ubido
1503 2290 1607 2323 Numa
1627 2290 1802 2332 Pompilio:
1827 2301 1857 2322 eo
1871 2291 1956 2322 dem’-

1090 2332 1284 2372 queferocem
1302 2334 1441 2372 populum
1457 2334 1592 2374 redegit,
1614 2339 1646 2364 ut
1664 2356 1674 2370 ,
1705 2333 1781 2372 quod
1797 2334 1832 2363 vi
1847 2331 1884 2367 δ’
1906 2333 1958 2364 iri-¹
2004 2366 2005 2370 ,

1086 2374 1176 2414 juria
1192 2381 1390 2414 occupaverat
1404 2376 1576 2414 imperium,
1598 2375 1740 2415 religione
1756 2379 1846 2414 atque
1857 2372 1958 2416 justi-'

1090 2416 1136 2445 tia
1150 2417 1344 2456 gubernaret.
1370 2415 1453 2447 Illud
1474 2423 1670 2455 occupaverat
1694 2437 1704 2452 ‚
1731 2414 1837 2447 refero
1855 2415 1892 2446 ad
1899 2414 1959 2455 fe),

1089 2466 1184 2487 rocem
1195 2458 1355 2498 populum,
1379 2466 1449 2487 nam
1471 2458 1507 2488 ad
1529 2456 1667 2489 Numam
1690 2455 1882 2496 Pompilium
1905 2465 1957 2488 τεν

1088 2496 1165 2529 ferri
1190 2508 1255 2530 non
1270 2497 1374 2540 potest
1390 2520 1400 2536 ‚
1428 2505 1542 2539 utpote
1564 2508 1667 2539 quem,
1685 2498 1812 2529 Curibus
1829 2497 1955 2531 Sabinis

1088 2547 1242 2580 agentem,
1265 2541 1346 2571 ultro
1358 2540 1494 2580 petivere
1509 2563 1518 2578 ‚
1541 2542 1573 2570 ob
1596 2540 1734 2572 inclitam
1750 2539 1815 2570 viri
1832 2539 1947 2582 religia-

1086 2591 1172 2619 nem,
1194 2589 1228 2612 ut
1246 2588 1318 2612 ante
1334 2581 1456 2613 dixerat
1470 2580 1592 2613 Florus.
1638 2581 1669 2613 Si
1689 2580 1726 2612 ad
1738 2580 1951 2621 populumnon

1086 2621 1223 2662 referas,
1257 2622 1310 2655 fibi
1332 2631 1395 2654 non
1422 2622 1579 2654 conflaret
1602 2622 1733 2661 Florus,
1757 2622 1812 2653 nifi
1827 2631 1885 2664 pro
1903 2630 1952 2654 ‹ic-¹

1086 2670 1271 2704 εηραυεναι,
1294 2672 1330 2695 ut:
1351 2663 1427 2695 olim
1454 2664 1632 2702 tentabam,
1663 2662 1847 2695 rescriberes
1863 2672 1944 2696 σιτα-

1084 2712 1190 2746 perat,
1209 2715 1264 2747 per
1288 2705 1354 2736 vim
1375 2705 1459 2736 enim
1485 2707 1515 2736 ἃ
1539 2705 1681 2745 injuriam
1697 2704 1822 2736 initium
1835 2701 1944 2737 sumse-

1085 2754 1133 2777 rat
1150 2747 1289 2788 Populus
1308 2747 1486 2785 Romanus,
1510 2755 1549 2777 ex
1571 2743 1807 2784 scelestiffimis,
1834 2745 1886 2788 qui
1907 2743 1944 2778 ad

1085 2786 1216 2829 Asylum
1245 2787 1453 2829 confugerat,
1483 2787 1658 2826 collefiffls,
1698 2786 1728 2817 &
1752 2784 1950 2828 subsequuti!

1084 2837 1160 2860 mox
1176 2838 1231 2870 per
1246 2829 1311 2860 vim
1326 2828 1544 2860 matrimoniis.
1578 2828 1636 2860 Sed
1652 2835 1719 2859 eam
1737 2828 1942 2860 mutationem

1083 2879 1167 2900 nunc
1180 2880 1243 2901 non
1259 2878 1366 2910 urgeo.

1127 2909 1276 2941 Ceterum
1292 2920 1355 2941 non
1373 2909 1486 2941 sufficit
1503 2908 1597 2946 scire,
1611 2908 1706 2941 solam
1724 2908 1866 2948 injuriam
1880 2907 1942 2940 five

1083 2951 1149 2982 vim
1167 2951 1309 2991 injuslam
1326 2961 1343 2983 a
1361 2949 1548 2982 Florentino
1567 2951 1702 2992 intelligi
1716 2973 1725 2989 ,
1755 2948 1809 2981 nisi
1827 2947 1941 2982 intelli·

1081 3001 1188 3032 gamus
1204 3002 1330 3033 quoque
1342 3015 1351 3029 ‚
1376 2991 1635 3032 quemadmodum
1656 2989 1848 3032 propulsatio
1864 2990 1938 3031 inju-

1080 3034 1134 3064 riae
1154 3033 1217 3064 sive
1232 3034 1280 3065 vis
1298 3032 1416 3072 injusta:
1433 3033 1470 3064 ad
1481 3032 1534 3073 Jus
1551 3032 1702 3064 Gentium
1719 3033 1882 3073 pertineat.
1905 3027 1945 3062 14

1080 3074 1153 3106 latis
1162 3073 1501 3114 explicatmnnondum
1510 3074 1587 3113 vidi,
1597 3074 1627 3105 &
1636 3072 1706 3105 sane
1718 3073 1877 3114 explicatu
1892 3070 1936 3103 vi-

1081 3115 1211 3146 debatur
1224 3114 1369 3154 difficilc‚
1380 3124 1452 3146 curn
1466 3115 1586 3156 &Juris
1602 3122 1721 3147 naturae
1736 3112 1790 3153 sit,
1800 3113 1942 3154 injuriam

1080 3155 1144 3187 live
1160 3156 1225 3187 vim
1242 3156 1383 3195 injustam
1408 3155 1614 3197 1·epelle1·e.Et
1632 3154 1672 3187 fic
1689 3154 1749 3194 est„
1761 3153 1811 3186 sed
1826 3154 1883 3186 alia
1892 3159 1936 3185 at-

1078 3205 1140 3239 que
1149 3196 1428 3238 mammone-June
1443 3205 1563 3232 natura:
1577 3196 1627 3230 vis
1643 3194 1754 3239 injusta
1764 3195 1938 3266 τερεῌὶῑᾶιζ,

1861 3244 1880 3276 q
1921 3248 1937 3258 a

1446 356 1520 388 Fuit
1536 356 1635 394 olim,
1659 364 1755 396 quum
1772 357 1962 394 juvenili-au.
2001 370 2005 378 ⁴

2003 557 2006 573 l

1672 2208 1790 2241 Similis
1809 2207 1958 2247 locutio‚·
2004 2234 2005 2239 ,

1092 2257 1153 2289 qua
1168 2247 1220 2279 hic
1240 2249 1340 2279 utitur
1356 2249 1578 2288 Florentinus,
1601 2250 1646 2281 est
1664 2249 1745 2291 apud
1762 2249 1892 2281 Florum
1910 2248 1958 2282 Lae'
2004 2283 2005 2292 ἵ

1978 3395 2003 3436 ζ,
