2008 3436
212 117 498 174 QuAEsr

41 198 169 245 Hispan.
196 202 227 234 C.
264 210 312 243 15.
345 200 461 240 aliique
485 206 560 237 eos,
586 196 639 238 qui
659 195 788 227 Barbari
814 194 846 227 in
866 195 907 226 A-

37 242 119 278 frica
137 251 313 283 vocantur,
334 243 403 283 jure
428 239 598 281 piratarum
617 235 768 284 censent.
793 236 824 268 δι
851 243 906 268 eo-

38 297 106 319 rum
129 284 341 326 occupatione
355 280 531 313 dominium
548 286 662 311 mutari
677 284 812 319 negant,
837 278 905 310 nul-

38 329 69 361 la
85 327 207 358 ratione
223 324 349 357 defendi
368 322 501 364 poterit.
546 317 760 362 Algerienses‚
786 318 906 360 Tripo-

38 368 148 406 litani,
172 365 329 399 Tunitani
347 387 359 403 ,
390 361 557 396 Zale‘enses
583 363 696 403 piratae
724 369 788 392 non
816 359 906 401 sunt,

38 409 88 443 sed
104 408 280 447 Civitates,
305 415 374 448 quae
391 412 511 436 certam
528 403 651 443 sedem,
676 409 768 443 atque
787 401 829 434 ibi
848 401 907 435 Im-

38 451 157 494 perium
187 448 301 480 habent
319 470 331 486 ,
363 447 393 479 &
421 444 609 486 quibuscum
641 452 727 475 nunc
752 451 815 484 pax
840 443 908 483 est,

37 501 119 526 nunc
134 490 252 523 bellum
264 514 275 530 ,
299 499 363 521 non
385 486 470 519 secus
488 495 525 518 ac
550 495 623 518 cum
637 484 706 516 aliis
723 483 883 517 Gentibus
896 509 906 524 ‚

37 533 150 576 quique
168 539 332 575 propterea
350 537 532 561 ceterorum
561 526 743 569 Principum
760 528 829 567 J'ure
845 526 908 559 esse

37 576 196 607 videntur.
249 573 338 614 Saepe
364 580 437 603 cum
469 569 508 601 iis
534 567 656 601 foedera
680 575 820 610 pangunt
854 569 907 600 alii

36 616 219 657 Principes,
243 613 281 646 sae
305 623 322 645 e
337 613 368 645 &
390 611 527 644 Ordines
543 609 735 649 Generaies‚
761 610 907 651 quemad-

35 657 164 692 modum
193 666 245 698 30.
302 664 347 697 pr.
385 657 482 700 1679..
501 654 531 686 δε
561 661 586 684 1.
613 651 692 700 Maj.
718 655 813 700 1680.
836 652 909 694 (9)

40 700 70 732 &
93 698 208 740 saepius
229 697 390 738 deinceps.
445 694 562 726 Cicero
586 694 749 735 Philippw.
783 693 837 726 IV.
875 695 906 725 C.

39 750 87 782 14.
109 739 224 780 justum
243 737 363 771 hostem
380 737 552 775 describit,
575 737 624 778 qui
643 737 759 767 haberet
781 735 910 777 Rempu-

36 783 166 819 blicam,
194 782 333 820 Curiam,
359 780 512 818 cerarium,
541 777 704 820 consensum
733 777 770 812 &⁹
796 787 909 809 concor-

38 825 117 855 diam
137 823 277 862 Civium,
301 824 446 854 rationem
469 821 599 862 aliquam
612 844 621 859 ‚
641 817 670 858 fi
696 829 740 850 res
758 820 803 850 ita
824 819 907 851 tulis-

26 865 73 908 Jt’i
88 889 97 903 ,
113 866 198 906 pacis
216 863 253 899 ὅ)
264 864 398 904 soederis.
419 862 501 906 Quae
517 861 623 893 omnia
639 861 710 893 sunt
725 870 820 903 penes
838 861 909 893 Bar-

36 907 125 939 baros
149 906 222 939 illos
258 907 289 938 in
318 904 427 937 Africa
445 927 457 943 ,
491 904 608 936 habent
636 903 731 934 etiam
763 903 909 934 rationem

33 949 165 989 aliquam
187 948 269 988 pacis
299 947 335 982 ὅ)
352 947 495 988 foederz's,
521 954 555 987 ut
585 943 687 977 solent
706 943 820 975 habere
837 944 908 975 reli-

33 999 103 1032 qua:
120 988 263 1028 Gentes,
289 988 333 1021 sui
353 987 532 1026 commodi,
557 995 649 1027 quam
664 984 820 1018 foederum
843 985 906 1026 ple-

34 1040 166 1071 rumque
185 1029 393 1062 studiosiores.
438 1028 484 1060 Ut
510 1029 649 1067 [iammoni
674 1026 826 1065 habeant,
852 1036 905 1058 ne-

33 1081 88 1106 mo
103 1072 208 1113 exigat
220 1095 230 1110 ‚
253 1081 323 1112 quia
349 1072 379 1103 &
406 1070 474 1101 haec
495 1064 610 1101 frustra
627 1067 766 1109 exigitur
782 1067 821 1098 ab
837 1068 906 1099 aliis

33 1113 174 1155 Populis.
220 1112 308 1155 Quin
332 1112 354 1144 si
369 1111 420 1142 vel
437 1109 581 1150 iniustius
596 1116 690 1151 agant
705 1132 716 1148 ,
740 1116 907 1151 propterea

34 1163 137 1188 tamen
155 1153 307 1186 Civitatis
323 1162 439 1185 nomen
459 1153 488 1185 δε
506 1152 555 1191 jus
576 1160 642 1183 non
657 1151 805 1183 amittere
820 1151 906 1182 reste

36 1194 216 1229 observavit
247 1194 395 1227 Huberus
429 1195 463 1225 cie
493 1193 571 1235 Jure
603 1193 747 1225 Civitatis
767 1192 818 1226 -L.
848 1192 904 1225 III.

39 1237 112 1270 Sea.
137 1247 168 1278 4.
195 1237 226 1268 C.
253 1245 284 1276 5.
307 1247 337 1268 n.
362 1236 416 1268 ult.
470 1236 575 1275 Sane,
608 1235 680 1275 quia
710 1232 907 1280 Algerienses

36 1278 275 1320 Rempublicam
292 1277 492 1310 constituunt
510 1300 520 1315 ,
547 1276 642 1308 etiam
663 1276 774 1317 Legati
798 1276 835 1307 ad
852 1285 907 1308 eos

35 1321 226 1358 mittuntur,
262 1320 292 1352 δε
340 1319 370 1351 ui
397 1319 428 1350 in
453 1319 539 1350 bello
566 1318 604 1350 ab
626 1317 691 1349 illis
713 1317 797 1359 capti
818 1316 907 1355 sunt,

35 1361 148 1396 statum
172 1369 295 1394 mutant
317 1329 348 1393 ἓ.
373 1359 452 1393 fiunt
476 1359 568 1392 servi.
615 1359 721 1401 Atque
744 1359 819 1392 hinc
841 1369 907 1392 non

35 1404 184 1447 privatim
206 1411 349 1442 tantum,
370 1401 421 1434 sed
439 1403 469 1435 &
491 1401 661 1444 aliquando
678 1401 807 1443 publice
826 1401 905 1434 redi-

34 1453 163 1479 muntur
183 1445 221 1477 ab
238 1443 470 1487 Algericnfibus
495 1443 593 1485 capti.
641 1442 825 1475 Hollandiae
843 1443 904 1474 uti-

47 1491 95 1520 'ue
117 1487 254 1520 Ordines
279 1496 328 1527 25.
353 1487 438 1527 Sept.
467 1489 559 1520 1681.
591 1484 672 1527 (10)
703 1483 879 1517 statuerunt
895 1507 907 1524 ,

62 1529 161 1561 allivii
180 1527 354 1567 referrent,
380 1527 431 1568 qui
458 1537 499 1559 ex
527 1525 583 1558 suo
608 1527 774 1559 territorio
792 1525 836 1558 'ab
851 1525 905 1559 Al-

33 1569 226 1613 gerie’nfibus
243 1571 325 1612 capti
342 1568 441 1601 essent
450 1569 508 1608 ,ad
526 1567 732 1610 Magistratus
747 1568 906 1608 Urbium3

58 1612 168 1652 uibus,
215 1612 278 1644 uod
296 1610 334 1643 ad
350 1610 491 1650 tributa,
517 1610 670 1650 subsunt,
695 1610 744 1642 illi
765 1610 803 1643 ad
819 1609 905 1643 Con-

47 1653 166 1686 1liarios
224 1653 345 1685 rdinum
375 1651 578 1692 Hollandiae,
613 1659 648 1685 ut
674 1652 706 1684 hi
731 1661 842 1684 eorum
863 1661 908 1684 ra·

33 1695 155 1727 tionem
175 1695 324 1726 haberent
340 1695 372 1726 in
390 1693 580 1727 redimendis
598 1694 748 1736 captivis.
796 1692 907 1735 Hispa-

31 1736 69 1769 ni
84 1734 171 1768 forte
187 1736 263 1768 illos
287 1736 439 1768 Barbaros
457 1735 611 1776 justorum
638 1735 776 1768 hostium
799 1745 909 1767 nume-

32 1787 72 1810 ro
89 1787 154 1810 non
171 1777 301 1818 habent,
328 1776 399 1816 sed,
422 1778 566 1819 quamvis
587 1777 619 1809 id
638 1786 750 1809 verum
774 1776 831 1816 fit,
856 1787 908 1810 ex-

34 1827 83 1852 tra
107 1817 292 1860 Hispaniam
317 1827 421 1852 tamen
446 1820 608 1861 porrigere
630 1828 693 1851 non
718 1818 806 1851 licet.
853 1819 909 1851 So.-

31 1860 102 1894 lent
120 1860 247 1901 quidem
273 1862 303 1894 &
325 1860 432 1902 Belgae
455 1871 509 1893 eos
535 1869 647 1903 captos
673 1861 706 1893 in
722 1858 908 1901 Hispaniam

34 1901 211 1941 advehere,
244 1903 275 1935 &
302 1902 364 1942 ibi,
392 1903 457 1934 'ure
484 1903 632 1942 talionis,
663 1902 696 1935 in
722 1901 908 1934 servitutem

35 1942 190 1982 vendere,
213 1951 246 1978 at
261 1943 340 1975 illud
358 1953 376 1974 e
421 1953 463 1976 ex
483 1944 556 1985 Jure
573 1944 670 1982 belli,
693 1943 782 1985 quod
795 1941 910 1975 contra

36 1983 210 2026 quemlibet
226 1984 347 2017 hostem
357 2009 368 2025 ,
393 1985 415 2018 fi
431 1986 478 2017 ita·
494 1985 657 2024 videatur,
682 1984 767 2016 reete
780 1993 908 2017 exerce-

35 2032 108 2064 tur,
131 2026 228 2058 modo
245 2036 281 2058 ea
301 2026 486 2067 subsistant,
511 2036 582 2068 quae
609 2027 642 2058 in
665 2026 746 2060 hanc
769 2035 836 2059 rem
860 2025 908 2058 su-

35 2075 92 2108 pra
109 2066 267 2108 disputavi
283 2069 318 2100 C.
335 2067 391 2101 111.

79 2107 131 2145 Ex
149 2109 236 2141 fatto
251 2116 355 2142 tamen
380 2110 539 2152 quodam,
563 2110 650 2152 quod
673 2110 754 2143 olim
776 2110 910 2150 incidit,

38 2149 206 2182 dicendum
224 2151 409 2192 videbatur,
432 2152 506 2184 illos
531 2151 628 2184 Afros
645 2152 833 2194 pro-piratis
850 2152 913 2184 effe

38 2190 224 2237 habendos,
259 2203 363 2234 neque
385 2194 485 2234 adeo,
520 2203 716 2235 quaecunque
746 2194 910 2236 ceperint,

38 2231 218 2264 domimum
233 2242 366 2266 mutare.
412 2235 461 2267 Ita
475 2235 624 2276 profesto
640 2235 774 2277 intelligi
786 2235 889 2277 posset
899 2258 911 2275 ‚

35 2273 122 2347 guod
144 2283 193 2315 15.
215 2274 275 2315 Jul.
289 2278 378 2316 1664.
403 2276 607 2309 Admiralitas
627 2276 910 2310 Amsterdammen-

50 2316 75 2346 ‘s
101 2314 164 2347 fine
193 2314 364 2348 servaticio
386 2317 557 2349 reddiderit
584 2319 709 2357 navim,
734 2328 827 2360 quam
846 2318 910 2351 An-

36 2356 98 2429 {lis
112 2357 291 2397 eripuerant
310 2357 525 2399 Algerienses,
550 2359 581 2391 δε
597 2359 699 2392 rursus
720 2360 911 2401 Algerienfi-

64 2407 100 2428 us
117 2397 274 2431 Ordinum
294 2398 499 2433 Generalium
525 2400 790 2441 Archithalaffus,
815 2401 911 2442 idque

37 2437 118 2480 jussu
144 2439 300 2472 Ordinum
327 2440 531 2474 Generalium
547 2465 557 2480 ‚
587 2442 625 2474 ad
650 2442 760 2484 Legati
784 2443 910 2484 Anglici

33 2481 227 2554 petitionem
242 2506 251 2519 ‚
278 2492 314 2513 ea
331 2481 404 2523 spe,
428 2492 463 2515 ut
481 2484 625 2523 additur,
650 2484 772 2525 Anglos
790 2484 823 2516 in
840 2493 911 2516 cau-

52 2531 70 2554 a
93 2521 185 2555 simili
209 2522 352 2555 fimiliter
376 2523 438 2556 effe
457 2524 618 2564 facturos,
649 2525 911 2566 quemadmodum

38 2563 107 2595 haec
130 2564 226 2596 variis
260 2565 340 2597 locis
370 2575 601 2598 commemorat
629 2567 776 2599 Aitzema
801 2566 909 2608 (11).

39 2605 100 2638 Sed
127 2614 167 2637 ne
188 2606 256 2638 haec
281 2605 371 2638 causa
398 2607 467 2639 aliis
498 2609 705 2649 praejudicet,
728 2607 908 2648 sciendum,

39 2646 256 2689 Algerienses.
269 2649 322 2689 qui
343 2657 416 2680 curn
434 2648 545 2690 Anglis
565 2650 595 2681 δι’,
615 2649 786 2682 Ordinibus
803 2650 909 2690 proxi-

38 2697 91 2720 me
106 2698 216 2730 pacem
232 2688 396 2728 fecerant,
416 2691 519 2722 media
535 2700 614 2732 pace
631 2691 738 2723 navim
756 2691 836 2722 hanc
845 2690 909 2723 An·

41 2729 155 2771 glicam
183 2730 348 2771 occupasse
357 2753 369 2770 ,
393 2731 422 2763 ὅ(
445 2741 499 2772 ea,
525 2742 590 2765 non
614 2733 674 2764 alia
700 2733 821 2764 ratione
845 2733 910 2774 pla-

39 2770 155 2810 cuisse,
181 2771 357 2804 dominium
378 2774 468 2805 navis
491 2774 636 2815 Anglicae
665 2782 822 2806 mutatum
845 2784 910 2806 non

40 2812 151 2844 videri.
196 2812 278 2844 Haec
297 2812 361 2853 ipsa
380 2822 467 2846 certe
482 2815 594 2857 Legati
612 2815 739 2857 Anglici
766 2815 848 2846 ratio
865 2815 911 2847 est

40 2854 122 2894 apud
136 2853 280 2885 Aitzema
302 2854 401 2896 (12);
425 2865 462 2887 an
480 2856 551 2888 satis
566 2856 666 2889 fuerit
682 2856 812 2896 idonea,
823 2866 907 2889 nunc

39 2898 104 2927 non
122 2905 231 2936 quaero
242 2919 251 2930 ,
276 2903 445 2928 contentus
459 2897 655 2936 observasse,
676 2897 708 2929 id
723 2897 842 2930 fafilum
859 2907 907 2930 es-

41 2935 74 2968 se
96 2937 291 2975 habendum,
318 2938 348 2968 &
369 2936 408 2967 ab
430 2946 561 2980 utraque
582 2948 673 2980 parte
691 2940 787 2971 etiarn
813 2939 906 2972 fuisse

40 2976 184 3010 habitum
197 2988 257 3020 pro
272 2978 358 3010 fatto
373 2977 525 3019 singulari,

85 3111 145 3150 (9)
165 3111 280 3141 Exstant
294 3121 326 3141 ea
341 3111 424 3140 Pacta
439 3110 517 3141 Plac.
532 3113 582 3142 111.
601 3122 624 3144 1.
641 3123 684 3152 13.
702 3123 747 3151 35.
763 3115 788 3145 ὅ(
807 3116 908 3152 rursus,

47 3152 115 3222 {ff
128 3151 248 3216 leInIimIiIn
264 3152 305 3218 igis
314 3151 411 3218 1in'bris
425 3151 524 3180 eadem
537 3151 637 3206 iisdem
657 3155 752 3185 verbis
778 3162 908 3194 repetun-

84 3227 164 3265 (10)
183 3226 285 3257 Ibidem
303 3229 355 3259 111.
378 3235 421 3256 11.
444 3229 490 3258 18.

572 109 801 164 J'UVRIS
874 108 1220 156 PUBL101‚
1271 110 1645 154 L1ss.1.C.XV11.

1750 120 1816 163 223

978 191 1044 224 'De
1060 191 1135 224 foro
1153 193 1323 234 piratarum
1342 194 1440 232 quaeri
1456 191 1579 236 potest,
1593 199 1622 230 ὅ(
1640 199 1721 241 saepe
1739 207 1823 241 quse-²

950 235 1041 268 situm
1057 233 1113 266 est.
1157 233 1262 266 Prima
1279 234 1413 276 quaestio
1439 235 1524 275 ειὶο,
1556 248 1593 269 an
1618 241 1760 280 piraticae
1776 241 1831 281 juv

949 275 1068 308 dicium
1085 275 1148 307 fori
1168 276 1346 307 communis
1362 275 1398 307 fit
1416 299 1427 314 ,
1447 286 1484 308 an
1502 287 1580 309 vcro
1600 281 1637 311 ad
1655 282 1829 314 Admiralss

950 314 1227 359 tatestpertineat?
1248 317 1279 349 Si
1298 317 1338 348 de
1360 317 1473 359 Belgio
1495 317 1663 352 Foedcrato
1680 332 1822 364 qumi-as,

950 365 1021 391 nam
1034 362 1077 389 ‘eo
1093 358 1162 391 fere
1180 359 1262 390 redit
1279 360 1381 391 omnis
1398 359 1503 391 nostra
1524 360 1712 401 disputatio,
1735 365 1817 396 acci-

949 409 991 442 pe
1015 400 1111 432 verba
1134 399 1162 441 §.
1189 410 1221 441 3.
1241 420 1243 422 -
1266 400 1408 438 Formae,
1431 410 1523 442 quam
1551 401 1822 438 Admiralitatibus

950 442 1012 475 suis
1035 441 1290 483 praescripserunt
1317 442 1451 474 Ordines
1470 441 1641 475 Generalcs
1666 454 1714 486 13.
1740 446 1820 487 Augi

954 493 1044 525 1597.
1071 484 1119 516 De
1136 483 1243 515 Raden
1251 483 1351 525 sullen
1361 484 1527 526 jurisditiie
1545 485 1652 516 hebben
1670 496 1739 518 over
1758 488 1817 518 alie

952 528 1059 568 bayton
1076 536 1112 557 en
1125 526 1253 568 prystm,
1275 527 1322 557 die
1347 535 1409 557 van
1431 527 1464 557 (Ie
1489 526 1619 566 Schepen
1635 537 1697 559 vam
1717 529 1820 560 Oorlo-

951 567 1047 611 ge'of
1070 569 1177 599 andere
1203 570 1240 609 hy
1259 567 1448 608 particuliere
1471 566 1633 610 toegerust,
1659 579 1697 600 en
1723 576 1756 610 op
1773 571 1822 601 der

953 609 1130 641 Admiraals
1147 607 1301 652 hestelling
1317 614 1501 652 zcytgevczren
1511 611 1702 652 ,agterhaalt
1720 622 1755 643 en
1772 614 1820 642 in-

952 652 1078 694 gebragt
1094 651 1195 693 ficllen
1217 653 1338 682 worden
1353 674 1363 690 ,
1395 652 1570 693 mitsgaders
1599 653 1648 684 ook
1672 662 1733 684 van
1757 654 1822 685 ⁴alle

952 690 1089 734 quaestz'en
1104 703 1140 724 en
1165 692 1343 735 gtjfchillen,
1368 693 1414 725 die
1441 693 1567 734 tuffchen
1585 695 1687 738 eem'ge
1708 704 1769 726 van
1790 696 1825 726 de

953 733 1139 775 voorschreve
1157 736 1285 776 Schepen
1301 744 1363 766 van
1380 734 1492 777 Oorlog
1510 735 1544 776 of
1557 741 1589 776 op
1608 736 1642 766 de
1658 736 1821 777 voorschre-

952 785 988 807 ve
1006 774 1160 819 bestelling
1179 777 1382 818 uytvczrendffi
1396 775 1499 817 sallon
1519 786 1623 819 mogen
1645 777 1729 819 rystm
1754 788 1823 810 over

952 817 1010 849 alle
1033 819 1211 850 misbruz'ken
1235 828 1271 849 en
1297 819 1448 849 misdaden
1464 841 1475 857 ,
1505 819 1551 849 die
1576 820 1613 860 by
1637 821 1738 863 eem'ge
1760 830 1823 851 von

952 860 1020 891 dien
1038 861 1147 891 zouden
1165 869 1268 902 mogon
1283 860 1403 890 worden
1417 862 1671 901 gecommitteert,
1695 863 1820 904 ''ninga-

952 902 1016 932 ders
1046 910 1115 933 over
1132 903 1187 933 den
1209 911 1342 944 gaenon,
1378 901 1424 932 die
1447 911 1509 932 van
1532 903 1633 944 eenige
1657 902 1824 945 Zeerovery

952 943 1050 974 zallen
1078 945 1198 976 worden
1217 944 1310 986 hetigt
1327 943 1361 984 of
1381 943 1560 985 agterhaalt.
1607 944 1689 976 Haec
1705 944 1822 977 descri-

952 984 1045 1016 bendi
1061 985 1188 1016 taedium
1207 984 1379 1022 devoravi,
1405 991 1441 1016 ut
1456 984 1494 1015 de
1512 984 1599 1017 sensu
1620 984 1686 1027 ipse
1703 985 1821 1026 iudica-

951 1035 999 1057 res
1010 1049 1020 1064 ,
1045 1035 1115 1057 nam
1139 1026 1208 1057 haec
1226 1024 1383 1067 postrema
1396 1047 1406 1063 ,
1426 1035 1496 1066 quae
1508 1026 1546 1057 de
1562 1027 1696 1067 piratica
1712 1036 1824 1069 agunt,

949 1065 1037 1098 forte
1052 1066 1162 1105 referri
1181 1067 1333 1109 poterunt
1347 1067 1385 1098 ad
1409 1067 1636 1108 praecedentia,
1662 1069 1693 1100 in
1710 1069 1823 1110 quibus

949 1107 1046 1140 verba
1064 1108 1147 1140 fiunt
1162 1109 1201 1140 de
1215 1108 1349 1140 navibus
1372 1107 1447 1140 belli
1460 1108 1615 1151 publicis,
1640 1110 1692 1141 vel
1709 1112 1748 1141 de
1760 1111 1822 1152 pri-

953 1149 1034 1182 vatis
1046 1173 1055 1188 ,
1078 1159 1148 1191 quae
1164 1150 1313 1182 mandato
1332 1150 1498 1182 Admiralii
1513 1151 1551 1182 ad
1565 1151 1700 1192 praedam
1716 1152 1823 1183 enavi-

951 1199 1026 1232 gant
1038 1215 1048 1232 ,
1072 1198 1107 1223 ut
1122 1201 1235 1233 nempe
1254 1191 1363 1224 harum
1390 1198 1593 1234 utrarumque
1614 1193 1757 1233 piraticae
1774 1203 1824 1225 ac-

952 1232 1074 1265 cusatio
1102 1233 1140 1265 ad
1163 1233 1399 1266 Admiralitates
1416 1234 1590 1274 pertineat,
1612 1234 1727 1266 ceteris
1743 1234 1823 1274 judi-

952 1274 1006 1306 cio
1023 1275 1184 1308 communi
1199 1275 1348 1307 relictis·
1373 1275 1434 1316 Sed
1459 1275 1555 1317 etjam
1581 1276 1768 1318 generaliter
1792 1276 1824 1308 δε

950 1316 1130 1357 disjunttim
1156 1317 1256 1359 accipi
1280 1316 1431 1358 possunt,
1466 1317 1514 1358 ὃς,
1544 1325 1579 1349 ut
1605 1317 1824 1359 accipiantur,

951 1356 1058 1390 suadet
1084 1357 1220 1401 separata
1237 1358 1472 1400 quodammodo
1497 1360 1626 1398 oratio,
1648 1360 1825 1402 mitsgaders

950 1410 1020 1432 over
1033 1401 1089 1432 den
1104 1410 1216 1443 geenen
1234 1401 1295 1432 ἃς.
1320 1399 1428 1432 suadet
1447 1400 1542 1432 etiam
1567 1400 1596 1443 §.
1617 1405 1665 1436 18.
1688 1400 1717 1432 d.
1745 1400 1825 1432 For-

951 1451 1030 1482 mae,
1054 1442 1110 1483 qui
1134 1441 1194 1474 ait:
1223 1442 1372 1476 Wamzeer
1393 1444 1495 1486 eenige
1520 1441 1697 1480 Zeerovers,
1722 1442 1756 1484 of
1770 1452 1825 1474 anu

952 1485 1017 1515 dere
1048 1483 1197 1527 Vyc'mden
1217 1494 1280 1516 ‘van
1309 1485 1364 1516 den
1389 1483 1518 1527 Landeiz
1543 1485 1704 1528 ingebragt
1724 1484 1827 1516 zallen

951 1525 1067 1568 wesen,
1103 1526 1151 1557 καῖ
1179 1527 1234 1558 den
1263 1526 1440 1568 Luytenant
1471 1526 1650 1566 Admiraal,
1686 1535 1733 1557 που
1760 1526 1827 1558 veel

951 1568 1106 1611 mogelyk,
1128 1573 1162 1609 op
1190 1568 1248 1600 alle
1266 1568 1432 1611 regidagen
1459 1569 1523 1600 hem
1540 1568 1664 1610 praessnt
1690 1568 1826 1608 vinderz,

954 1620 991 1641 en
1007 1610 1208 1652 insonderheid
1218 1633 1230 1649 ,
1243 1620 1388 1642 wanneer
1402 1611 1436 1642 de
1442 1611 1594 1654 fintentie
1610 1609 1765 1651 definitive
1774 1616 1826 1651 gea

953 1661 1050 1693 geven
1074 1651 1123 1683 καὶ
1138 1653 1268 1684 worden.
1314 1650 1400 1684 Haec
1421 1651 1533 1694 utique
1556 1650 1702 1684 distincta
1729 1649 1822 1690 sunt,

953 1696 985 1725 ὅτ.
999 1693 1070 1725 aliis
1084 1702 1150 1725 non
1166 1693 1337 1726 cohaerent.

950 1766 954 1770 ,
989 1733 1078 1766 Cum
1095 1735 1236 1808 Anglus,
1261 1735 1315 1776 qui
1332 1735 1439 1767 navim
1455 1734 1539 1768 suam
1555 1735 1669 1775 inJ'uria
1690 1745 1707 1767 a
1723 1735 1826 1767 tribus

953 1775 1109 1808 Ordinum
1166 1776 1338 1808 eneralium
1362 1777 1530 1809 navarchis
1556 1785 1681 1817 captam
1703 1777 1828 1817 ajebat,

952 1827 1049 1850 unum
1065 1827 1106 1850 ex
1123 1817 1174 1851 his
1196 1818 1277 1860 apud
1293 1818 1417 1859 Judices
1441 1817 1760 1851 Amsterdammenses
1779 1828 1828 1850 ar-

952 1858 1036 1892 resto
1054 1859 1256 1899 detinuisset,
1277 1860 1421 1901 Judices,
1447 1860 1571 1892 abolito
1590 1859 1728 1899 arresto,
1753 1869 1826 1891 cau-

954 1900 1017 1934 sam
1050 1901 1088 1933 ad
1113 1901 1599 1941 Admiralitatemremiserunt,
1629 1901 1724 1943 idque
1746 1901 1827 1941 juris

954 1943 1017 1980 effe
1042 1943 1189 1976 notiffimi
1215 1943 1352 1976 Ordines
1384 1943 1555 1975 Gen'erales
1579 1942 1769 1984 profitentur
1792 1943 1830 1976 in‘

953 1984 1098 2016 Decreto
1136 1985 1248 2017 nodam
1264 1984 1337 2018 anni
1359 1988 1450 2016 1662.
1476 1985 1562 2026 quod
1584 1984 1630 2017 est
1653 1985 1734 2026 apud
1755 1984 1825 2016 Ait-

953 2036 1042 2058 zema
1060 2026 1124 2069 (13
1194 2026 1313 2066 Reae,
1338 2025 1381 2065 fi,
1400 2035 1436 2058 ut
1454 2026 1486 2058 in
1505 2026 1559 2059 illa
1575 2026 1698 2068 specie,
1718 2035 1829 2059 navar-

952 2067 1031 2100 chus
1044 2068 1076 2100 in
1097 2067 1207 2099 officio
1230 2067 1394 2108 deliquisse
1407 2068 1554 2107 dicatur,
1579 2068 1633 2100 vel
1647 2068 1686 2100 de
1700 2077 1740 2100 eo
1755 2077 1825 2109 aga-

952 2116 1028 2149 tur,
1051 2109 1104 2150 qui
1124 2117 1198 2141 cum
1214 2108 1364 2141 inandato
1385 2109 1424 2141 ad
1441 2109 1642 2151 praedandum
1661 2110 1763 2148 exiit,
1787 2109 1827 2141 de

954 2150 1004 2182 his
1024 2151 1109 2183 enim
1130 2149 1205 2182 solis
1221 2149 1452 2183 Admiralitatis
1469 2151 1643 2191 iurisdietio
1666 2152 1712 2184 est
1731 2160 1773 2183 ex
1793 2152 1825 2183 d,

954 2191 985 2234 ᾖ.
1008 2203 1040 2235 3.
1084 2191 1167 2224 Cum
1181 2200 1287 2231 autem
1305 2192 1344 2224 ad
1362 2192 1441 2225 alios
1457 2193 1539 2226 nihil
1561 2192 1730 2235 quicquam
1753 2202 1825 2234 per-

955 2235 1056 2266 tineat
1074 2234 1129 2266 ille
1144 2232 1172 2275 §.
1195 2244 1228 2276 3.
1252 2243 1362 2267 omnes
1385 2234 1542 2274 aestimes,
1568 2242 1777 2278 quat-contra
1794 2243 1825 2265 a-

952 2275 1015 2310 lios
1042 2276 1082 2307 de
1099 2275 1215 2307 darn-1³0
1230 2297 1243 2315 ,
1271 2285 1327 2317 per
1350 2275 1496 2316 injustam
1522 2283 1682 2318 capturam
1708 2275 1799 2309 illato
1813 2298 1826 2314 ‚

951 2317 1177 2356 instituuntur,
1200 2315 1265 2348 fori
1289 2316 1361 2350 sunt
1383 2317 1551 2357 ordinarii3
1581 2327 1638 2359 per
1664 2317 1821 2350 incuriam

952 2366 1059 2392 tamen
1075 2368 1139 2392 non
1155 2357 1275 2400 semper
1289 2359 1321 2391 id
1341 2358 1543 2392 observatum
1560 2359 1617 2392 esti

995 2401 1027 2434 Si
1046 2401 1135 2443 quis,
1149 2409 1335 2443 quamquam
1352 2408 1499 2440 exterus,
1514 2400 1638 2434 nostros
1653 2401 1691 2434 fit
1707 2401 1826 2442 deprae-

952 2443 1044 2475 datus
1055 2465 1064 2482 ‚
1079 2442 1110 2474 &
1130 2442 1272 2483 capiatur
1282 2465 1294 2481 ,
1306 2452 1371 2474 non
1392 2442 1604 2474 dubitaverim
1616 2465 1626 2481 ,
1644 2444 1719 2483 quin
1742 2442 1825 2483 apud

954 2494 1013 2516 nos
1032 2483 1115 2515 refle
1137 2482 1279 2514 accusari
1296 2484 1326 2515 &
1349 2483 1451 2524 puniri
1475 2483 1568 2523 poffit
1580 2505 1592 2521 ,
1612 2492 1677 2516 non
1698 2489 1822 2515 tantum

953 2526 978 2559 fi
995 2526 1027 2557 in
1042 2524 1192 2565 rapiendo
1208 2531 1320 2565 captus
1337 2525 1367 2556 δε
1383 2524 1421 2556 ad
1436 2533 1495 2555 nos
1512 2524 1679 2557 translatus
1695 2524 1750 2564 fit,
1770 2524 1823 2556 sed

953 2567 985 2598 &
1008 2566 1030 2598 fi
1054 2565 1114 2597 alia
1136 2574 1323 2607 quacunque
1344 2564 1510 2597 occasione
1530 2565 1611 2608 apud
1633 2576 1692 2598 nos
1711 2566 1821 2606 depre-

954 2607 1116 2639 hendatur.
1161 2606 1204 2638 Et
1221 2615 1315 2638 nemo
1339 2606 1590 2647 contradixerit,
1614 2607 1637 2640 fi
1657 2607 1719 2640 fine
1735 2607 1823 2639 codi-

953 2649 1037 2680 cillis
1065 2648 1222 2688 Principis
1247 2646 1292 2680 sui
1320 2648 1353 2680 in
1382 2647 1514 2680 nostros·
1531 2649 1670 2690 rapinam
1694 2649 1821 2690 egerit,

954 2689 1007 2722 sed
1032 2689 1054 2722 fi
1075 2699 1117 2721 ex
1137 2689 1304 2729 mandato,
1328 2690 1419 2731 qu'us
1442 2689 1519 2722 fines
1535 2689 1671 2732 egress'us
1686 2691 1823 2728 dicitur,
1870 2713 1873 2717 «

953 2731 1054 2764 fimile
1075 2730 1160 2773 ‘quid
1179 2730 1314 2770 fecerit,
1337 2731 1437 2773 magis
1463 2731 1597 2763 dubitari
1620 2731 1730 2773 posset.
1756 2730 1821 2762 An-

953 2783 998 2805 no
1016 2775 1108 2814 1667.
1132 2781 1169 2804 ea
1182 2772 1222 2804 de
1237 2782 1271 2804 rc
1285 2772 1451 2814 quaefitum
1475 2772 1520 2805 est
1540 2773 1624 2804 inter
1643 2772 1767 2813 Anglos
1789 2771 1821 2803 δε

953 2815 1088 2847 Ordines
1106 2812 1301 2854 Generales,
1325 2823 1399 2846 cum
1419 2821 1562 2855 ageretur
1576 2814 1615 2844 de
1630 2813 1685 2852 iis,
1709 2813 1763 2854 qui
1781 2821 1821 2845 ex

952 2855 1179 2898 Repressaliis,
1210 2865 1287 2897 quas
1319 2863 1463 2897 tempore
1491 2854 1602 2886 diffidii
1631 2855 1820 2895 impetrave-

948 2906 1040 2935 rant,
1064 2897 1161 2929 etiam
1178 2895 1249 2938 post
1265 2906 1376 2938 pacem
1393 2896 1492 2928 effent
1522 2895 1677 2928 raedaturi.
1722 2894 1821 2936 Angli

948 2937 1205 2977 contendebant,
1229 2938 1406 2979 Principis,
1428 2938 1480 2978 qui
1528 2935 1703 2977 epreffalias
1721 2936 1822 2967 dedis-

948 2980 995 3013 set
1011 3003 1022 3020 ,
1055 2980 1095 3012 de
1117 2979 1168 3011 his
1190 2979 1342 3020 iudicium
1369 2978 1431 3010 effe
1454 2985 1613 3018 oportere.
1667 2977 1822 3050 Ordindim

1786 3027 1817 3049 c..

989 3114 1067 3151 (11)
1090 3114 1127 3143 L.
1142 3113 1246 3142 XLIV.
1268 3121 1296 3149 p.
1315 3119 1377 3147 155.
1397 3114 1464 3146 236.
1486 3117 1550 3149 237.
1570 3109 1599 3144 ὅς
1620 3112 1685 3141 261.

990 3152 1068 3190 (12)
1090 3153 1118 3180 d.
1139 3160 1167 3188 p.
1186 3159 1248 3186 155.

990 3191 1071 3228 (13)
1093 3189 1236 3219 L,XL11.
1254 3196 1284 3226 p.
1299 3194 1364 3223 347.
