2008 3436
258 116 667 161 PR-AETERM.
716 114 809 150 AD
858 112 980 149 L.II.

59 209 205 251 loquatur
230 203 422 245 Pomponius
439 223 451 240 ,
481 209 545 232 non
563 196 629 230 sum
646 194 764 242 alienus
778 202 795 224 a
813 192 919 224 lectio-

59 261 99 283 ne
122 250 207 282 Li‘ori
229 244 425 287 Campanis,
448 242 500 283 qui
521 242 563 273 ita
585 237 730 283 exhibet:
753 240 875 281 itemque
886 239 920 281 at

60 292 146 333 efflent
156 314 168 330 ,
187 300 235 332 qui
255 288 381 321 AEaious
392 283 539 326 praeeffent
550 304 562 320 ,
585 279 620 315 &⁶
636 279 735 320 quibus
751 275 918 322 omnia-Sci-

61 327 94 365 ia
112 338 171 374 Jna
193 332 280 363 Plebs
304 328 450 368 deserebat
475 348 485 363 ,
514 325 582 355 dicos
597 329 633 366 ex
657 318 745 366 Ple-be
765 314 919 362 constitne-

57 380 135 407 rune.
192 374 252 405 Pro
281 372 312 402 in
329 391 339 407 ,
363 377 397 400 ut
417 367 522 404 vides,
547 366 660 409 legitur
685 358 738 405 &3
761 366 855 398 atque
876 365 922 389 ita

60 425 185 458 quoquc
200 415 274 446 Ant.
291 410 387 443 Faber
404 407 627 448 emendawtin
643 400 767 446 Ration.
789 398 826 430 ad
848 398 876 430 h.
890 398 918 440 ᾗ,

59 458 117 489 hac
136 456 257 488 scilicet
276 452 415 488 ratione,
437 447 520 490 quod
536 444 607 477 satis
621 442 734 489 Lamiae
752 449 816 472 non
835 439 920 471 dice-

58 507 165 536 retur,
188 499 219 528 in
238 495 338 537 quibus
352 491 518 532 deferebat,
541 493 647 531 proin
666 492 746 528 qaas.
770 481 830 513 bed
840 481 917 526 Ant.

59 539 158 572 Faoer
186 545 247 570 non
271 533 316 566 est
339 532 467 564 idoneus
481 529 664 571 Latinitatis
679 527 815 562 armter,
836 521 867 567 ᾃ
881 530 918 567 *ln

57 581 120 614 hoc
138 578 204 626 ipso
229 576 352 608 fallitur
373 582 382 612 ;
410 571 563 614 praevalet
577 575 663 615 ratio
678 587 690 604 ‚
710 573 803 606 quam
820 563 888 596 dm
906 586 917 602 ,

57 630 112 661 ut,
147 623 168 652 ίι
200 621 232 650 in
258 618 360 658 legas,
394 612 604 655 angustior-il:
621 631 630 647 ,
652 616 744 648 quam
757 611 886 652 oportet
907 625 920 642 ,

58 661 209 696 AEdiliurn
231 656 393 694 desiniti03
423 657 444 689 fi
464 662 542 686 vero
560 650 612 689 δ”,
635 649 819 694 generaliter
836 646 921 678 dice-

58 697 122 742 ret,
139 699 282 744 proefzaffc
301 699 427 731 AEa'ious
439 721 450 737 ,
485 704 520 728 ut
539 693 660 738 constat
684 699 725 736 ex
741 686 917 729 Dionysio,

59 746 219 780 Kar-rone,
241 741 355 779 r‘e-Jo,
387 740 474 777 aliis,
507 735 626 768 AEdiles
645 740 780 782 primum
802 727 919 775 curaffe

58 786 152 819 AEaes
171 783 268 816 lactas
287 807 295 822 ‚
318 790 395 813 mox
412 781 441 813 ἃ
456 779 601 820 privatas.
646 779 717 812 bic,
737 774 775 804 ab
791 770 919 817 AEdlum

58 836 131 860 cura
142 850 151 865 ,
175 826 303 867 primam
325 824 354 855 δι
372 821 558 864 potissimam
572 824 680 862 eorum
698 822 834 859 muneris
849 820 917 852 par-

60 876 123 901 tem
140 865 344 907 uescrrpfiss’et
361 888 370 903 ,
403 863 514 894 deinde
538 855 715 902 addidisset,
740 854 775 890 &¹
790 854 833 885 his
850 852 919 898 Ble-

59 913 119 942 bem
141 909 222 940 szta
230 908 288 949 sim
311 904 436 946 detuliffie
450 928 459 944 ‚
495 904 556 934 hoc
574 899 615 931 est
628 921 638 937 ‚
662 905 760 942 etiarn
773 893 919 941 lfflebisci-

60 960 92 983 ta
107 948 327 987 custodiviss'e,
351 947 435 988 quod
451 954 515 977 non
536 943 638 975 minus
657 938 694 971 ad
708 937 851 969 ofl1c1u1n
867 943 920 967 eo-

60 1002 130 1025 rum
149 990 330 1033 pertinebat.

358 1071 410 1104 Ad
452 1068 480 1110 §.
504 1065 615 1101 XXII.

104 1157 168 1206 Q·
183 1157 308 1198 pecnnioe
320 1154 479 1197 praeeffent.
510 1151 561 1185 De
579 1149 702 1191 origine
717 1144 921 1195 Quaestorum

59 1200 172 1233 Αἰγαίῃ
189 1200 283 1230 etiam
299 1198 380 1229 inter
406 1204 529 1227 veteres
550 1191 781 1238 Auctores'non
804 1196 919 1233 conve-

57 1242 127 1280 nit3
150 1241 188 1273 ad
206 1238 418 1272 defenlionem
433 1233 601 1278 Pomponii
616 1233 747 1270 iuffic1t‚
768 1229 922 1274 plurlmos

57 1282 120 1314 effe
131 1305 142 1321 ,
173 1282 359 1323 quibuscum
377 1279 431 1310 ille
450 1277 556 1309 sentit.
601 1273 762 1320 C3aeterum
782 1279 854 1312 quia
868 1269 920 1301 hic

57 1324 230 1366 praecedit,
255 1324 303 1364 qui
320 1322 385 1358 illi,
409 1320 439 1352 1d
455 1322 520 1357 eit,
540 1316 664 1348 AErarro
676 1312 843 1355 praeeffent,
862 1320 918 1353 po-

58 1365 189 1398 steriora
213 1370 280 1396 naec
299 1386 309 1402 ,
339 1363 388 1404 qai
410 1362 538 1402 pecuniae
555 1355 716 1402 preessent,
741 1352 920 1387 flaloander

57 1407 204 1445 delevit,
236 1404 320 1446 quod
343 1404 489 1436 Muretus
516 1402 546 1432 ὄι
573 1401 625 1445 ηιμ
651 1402 820 1438 lequuntur
835 1417 845 1433 ‚
869 1392 919 1426 sed

58 1448 143 1489 quod
162 1446 262 1479 abesse
277 1445 398 1487 potest,
429 1453 493 1475 non
519 1447 675 1472 continuo
696 1436 796 1469 abeffe
813 1435 918 1483 fiebet.

58 1489 135 1523 Non
153 1489 196 1519 eil
209 1512 217 1527 ,
242 1488 296 1521 oui
316 1485 443 1524 scribit,
463 1485 516 1526 qui
536 1491 600 1515 non
614 1478 838 1526 aliquando-iit
860 1490 920 1506 πιν-

60 1537 140 1563 -ὶλ-’γ
156 1537 181 1559 ὲ
193 1553 204 1570 ,
225 1525 262 1561 ὁὶ
272 1537 331 1560 tam
347 1525 461 1559 morofi
484 1525 588 1557 sumus
602 1546 613 1564 ,
637 1530 674 1569 ut
690 1521 809 1567 malus
826 1525 919 1551 ταυτο-

58 1579 102 1605 λοτ
115 1585 152 1602 ‹³-
172 1580 235 1604 non
254 1569 387 1602 feramus
398 1591 409 1608 ,
431 1577 491 1609 ego
505 1566 595 1604 fero,
619 1571 715 1610 etiam
729 1572 762 1594 111
782 1561 917 1602 Pompo-

59 1613 124 1646 nio.
172 1612 259 1654 Quin
273 1609 400 1652 pecunia
418 1610 469 1641 hic
492 1610 586 1639 etiam
611 1605 673 1638 esse
696 1601 800 1646 potest
823 1616 843 1630 τι
865 1606 919 1642 ja-

58 1659 154 1689 νηὶ·
184 1655 310 1687 AErarii.
355 1652 551 1684 Alterutrum
569 1647 653 1680 malo
669 1668 681 1686 ‚
703 1654 796 1688 quam
810 1643 920 1686 glosse-

57 1704 178 1729 matu‘n
194 1695 255 1727 effe
274 1695 431 1737 prodigus.
668 1722 670 1724 .

61 1743 69 1747 ’
102 1737 183 1769 Β“.Ξ.·
204 1740 239 1768 ab
258 1746 304 1775 eo,
325 1739 396 1779 qaod
411 1733 588 1778 inquirendae
604 1731 640 1768 δέ’
657 1730 854 1771 conservandae
867 1734 919 1770 pe-

57 1787 150 1811 cunie
165 1780 250 1821 carga
271 1787 362 1811 creati
387 1783 483 1810 eruit.
527 1775 563 1808 In
588 1774 659 1806 MS.
680 1770 843 1813 Campenfi
861 1780 919 1812 pro

57 1823 233 1863 fitqziireizaae
247 1817 292 1851 est
309 1822 491 1862 requirenaae.
518 1816 610 1858 Apud
617 1815 792 1857 Varronem
801 1836 812 1852 ,
824 1821 921 1853 quum

58 1863 98 1895 de
121 1863 241 1904 origine
265 1859 468 1906 Quaestor-um
493 1859 596 1900 agitur
611 1879 622 1895 ,
649 1855 780 1896 fimplex
799 1863 920 1895 quaerere

60 1903 105 1938 'est
128 1904 168 1937 L.
192 1904 249 1937 IV.
284 1912 316 1936 ae
344 1904 385 1935 L.
408 1902 447 1934 L.
470 1907 503 1942 p.
525 1910 561 1931 m.
587 1908 638 1930 22.
668 1906 704 1928 ut
720 1897 750 1928 dt
766 1895 848 1936 apud
865 1894 920 1927 Ul-

81 1947 183 1977 ianurn
201 1946 233 1977 in
265 1945 285 1977 l.
309 1956 358 1977 un.
388 1945 417 1986 §.
442 1953 468 1976 1.
490 1942 530 1983 ff.
547 1941 591 1989 ‘de
614 1938 699 1987 Offic.
723 1935 832 1984 Qaest.
854 1935 922 1983 sub-

57 1953 128 2028 ficit
144 1987 181 2019 de
200 1987 337 2028 hisipfis
359 1987 481 2024 Varro,
503 1993 552 2025 qui
573 1986 772 2026 conquirerent
786 1978 922 2024 pablicar

55 2031 205 2071 pecunias.
249 2028 341 2070 Elige
358 2028 507 2064 verbum,
532 2024 616 2065 quod
632 2027 710 2054 libet
722 2045 732 2060 ‚
757 2019 834 2065 mihi
853 2028 921 2060 per-

60 2073 131 2101 ime
150 2070 195 2103 est
211 2094 221 2109 ,
249 2069 420 2102 dummodo
445 2079 485 2101 ne
504 2074 605 2097 mutes
619 2086 642 2106 ,ι
663 2062 747 2105 quod
770 2060 920 2103 scrlptum

60 2108 116 2144 est.
385 2129 389 2138 ,
634 2116 637 2119 >

349 2154 411 2187 Aa.
454 2153 482 2194 §.
507 2149 633 2184 XXIV.

107 2239 150 2272 Et
167 2248 232 2271 cum
246 2235 397 2279 placuiffet
415 2237 511 2279 Leges
531 2241 635 2276 quoque
648 2232 750 2278 ferri,
770 2230 863 2278 latum
877 2227 919 2272 eft

60 2281 100 2314 acl
118 2281 258 2321 Populum
269 2302 279 2318 ,
297 2281 342 2310 nti
362 2288 454 2309 omnes
478 2274 665 2318 Magistrum
675 2277 708 2315 Je
726 2274 920 2319 abdicarent,

59 2332 111 2365 quo
130 2321 302 2354 Decemviri
325 2317 474 2360 constituti
497 2327 572 2350 anno
590 2325 646 2348 uno
667 2324 730 2361 curn
752 2312 918 2360 Magistra-

59 2370 122 2396 tum
134 2367 326 2406 prorogarem
343 2360 399 2400 filu¹
409 2383 420 2400 ,
452 2359 487 2396 ὅ)
501 2369 565 2391 cum
581 2357 716 2403 injuriose
736 2357 917 2401 tractarent,

60 2414 95 2437 ne
136 2412 140 2414 '
177 2405 289 2436 vellent
309 2405 442 2443 deinceps
455 2400 586 2443 sufficere
611 2396 860 2440 Magistratzous,
883 2400 918 2427 ut

59 2413 166 2488 ipssng‘?
175 2446 272 2486 factio
279 2446 337 2486 stra
351 2450 487 2485 perpetuo
511 2440 736 2486 Rempublzcant
751 2442 918 2477 occupatam

58 2490 237 2525 retinerent,
259 2488 352 2518 nimia
370 2491 454 2526 atque
473 2483 572 2525 aspera
596 2483 788 2527 dominatione
808 2488 837 2509 eo
858 2488 919 2510 rem

80 2531 256 2562 erduxerant
271 2550 284 2567 ,
308 2534 341 2558 ut
368 2527 511 2558 exercitus
540 2535 559 2555 a
580 2522 743 2564 Repuolica
761 2519 917 2561 stacederet.

77 2577 98 2603 n
115 2570 177 2603 hoc
198 2569 227 2610 §.
252 2569 351 2601 multa
375 2567 532 2609 purganda
554 2565 634 2597 sunt.
672 2563 742 2610 ‘Pro
761 2562 839 2604 leges
854 2570 920 2603 qno-

59 2621 112 2654 que
119 2611 200 2651 ferri
215 2609 246 2641 in
263 2610 333 2642 MS.
354 2618 426 2640 meo
450 2607 597 2639 Glossato
620 2605 734 2650 legitur
759 2604 837 2645 leges
854 2612 920 2644 quo-

58 2649 536 2733 ?Z‘feiffff‘utffffmhsssseieegiffg
558 2644 920 2729 ..litigenae-itti}

53 2736 87 2777 se
103 2736 290 2770 abdicarent,
311 2742 368 2772 an,
397 2740 433 2764 ut
456 2733 487 2764 in
505 2730 687 2773 quibusdam
703 2728 807 2775 Libris
821 2727 914 2759 MSS.

63 2777 93 2808 &
118 2774 212 2807 editis
226 2796 237 2813 ,
261 2774 305 2805 uti
328 2783 420 2805 omnes
445 2771 646 2816 Magistratus
671 2770 705 2812 se
734 2771 916 2816 abdicarent.

62 2816 174 2857 Major
194 2813 305 2847 stribili
326 2824 347 2845 ο
368 2813 412 2846 est
435 2815 465 2846 in
491 2815 596 2856 verbis
621 2811 818 2853 sequentibus
834 2834 843 2850 ‚
865 2819 917 2852 quo

63 2857 234 2898 Decemviri
256 2865 307 2886 con
337 2857 402 2886 'tuti
427 2865 502 2887 anno
527 2866 582 2888 uno
611 2864 676 2885 cum
701 2850 919 2897 llffagistratnin

57 2895 249 2940 prorogarem
257 2895 313 2935 fibi
337 2895 396 2928 διο.
439 2897 504 2929 Vix
521 2897 589 2929 haec
607 2895 774 2936 intelligo,
793 2903 852 2925 nec
870 2902 917 2924 Vl-

61 2940 94 2972 di
110 2936 288 2979 etiam,qui
304 2936 386 2969 recte
402 2938 550 2978 explicet.
593 2937 624 2970 Si
643 2945 716 2968 cum
732 2935 850 2969 Budaeo
860 2943 918 2980 pro

84 2991 116 3012 uo
131 2981 215 3020 legas
233 2980 342 3020 quoad,
367 2977 418 3009 vel
437 2987 510 3010 curn
523 2979 601 3012 Ant.
621 2977 646 3009 F
648 2978 744 3016 abro,
763 2978 834 3019 qaod
843 2998 855 3015 ,
872 2985 918 3007 ni-

61 2991 109 3056 gil
124 3029 314 3062 magnopere
331 3017 516 3060 profeceris.
557 3019 627 3060 Ego
646 3017 688 3050 fic
702 3018 916 3051 emendarem:

64 3063 222 3096 uti‘vmnes
237 3061 328 3104 Magi
354 3065 423 3092 ratu
431 3058 466 3100 se
483 3060 652 3092 abdicarent
675 3069 752 3092 anno
767 3069 823 3092 uno
832 3082 844 3099 ,
865 3068 917 3100 quo

66 3103 238 3137 Decemviri
261 3102 408 3134 contituti
428 3110 491 3130 cum
506 3100 718 3143 Magistratum
727 3105 920 3143 prorogarem

58 3144 194 3186 fibi‘ssoe.
238 3143 298 3175 Vel
318 3143 374 3175 hac
391 3141 656 3181 interpunctionez
677 3151 754 3173 anno
768 3151 847 3181 uno,
868 3150 920 3183 qao

64 3186 236 3222 'Decemviri
251 3182 409 3226 constituti.
456 3182 528 3214 Cum
551 3180 765 3225 Magistratum
784 3189 922 3225 proroga-

64 3226 199 3270 r'ent-fibi
216 3226 276 3260 ἃς,
321 3224 382 3258 Vel
395 3224 477 3257 ita:
507 3232 560 3266 quo
580 3222 729 3266 constituti
746 3221 923 3257 DECEM-

1033 113 1570 164 DzORIG.JUR.
1758 125 1827 163 315

965 191 1088 230 VIRI,
1120 199 1157 223 ut
1180 194 1459 238 eit-geminatione
1475 207 1551 230 mox
1568 206 1747 240 repetatur,
1769 194 1831 229 De-

963 235 1095 265 cemviri.
1141 232 1210 266 Nifi
1226 241 1271 265 ita
1286 236 1405 274 mavis,
1430 236 1512 269 salva
1528 238 1698 280 scriptura,
1722 240 1752 272 &
1771 237 1826 271 sal-

963 286 1007 308 vo
1024 274 1135 307 ordine
1151 274 1339 307 verborum:
1363 279 1407 308 uti
1425 288 1520 309 ornnes
1537 279 1724 321 Magistratu
1732 281 1766 322 se
1779 281 1827 312 ab·

963 319 1116 354 dicarent,-
1135 326 1187 358 qno
1206 315 1380 349 Decemviri
1398 318 1559 353 contituti.
1583 322 1673 353 Anno
1691 332 1745 353 nno
1764 331 1829 353 cnm

964 356 1181 401 Magistratnm
1209 364 1402 401 prorogare-nt
1438 362 1478 392 roi
1509 361 1569 394 διε.
1616 361 1698 394 Haec
1733 363 1831 395 inter⁴

963 407 1093 442 punct10
1105 398 1126 432 fi
1143 400 1296 446 placuerit
1310 423 1323 440 ,
1342 411 1394 443 quo
1415 402 1476 434 erit
1504 405 1606 444 proin
1638 413 1702 435 nem
1711 401 1803 443 finem
1818 428 1842 443 „

964 449 1000 474 ut
1019 441 1098 482 saepe
1115 441 1190 473 ahas
1200 464 1212 480 ,
1234 450 1330 475 etiam
1348 453 1381 476 m
1401 442 1572 477 Pandecns.
1618 413 1717 491 &uod
1733 454 1830 486 porro

964 482 1104 528 sequitur
1121 505 1131 521 ,
1152 481 1284 524 sufficere
1312 482 1546 527 Magislratibus
1560 509 1572 526 ,
1610 485 1632 519 fi
1655 485 1829 528 accipiatur

963 534 1022 566 pro
1039 523 1214 571 substituere
1239 524 1441 568 Magistratus
1458 550 1470 566 ,
1499 529 1589 570 iisqne
1615 529 1712 560 cedere
1725 550 1737 567 ,
1779 538 1829 560 uae

963 567 1029 606 ejus
1046 566 1110 611 loci
1139 565 1266 598 Videtur
1281 568 1342 599 ell'e
1361 568 1542 609 Sententia,
1566 579 1702 608 vereor,
1721 578 1761 602 ne
1798 579 1829 601 a-

964 609 1030 639 tine
1040 606 1187 652 nicatur,
1201 606 1332 649 Jiifficere
1350 632 1360 648 ‚
1391 609 1449 642 hac
1465 610 1715 653 significatione,
1737 620 1830 644 accu-

962 646 1066 694 samur,
1091 657 1154 679 non
1180 648 1272 681 dandi
1296 650 1400 683 casum
1428 651 1576 693 postulat.
1622 652 1829 694 Praeferrem,

952 688 1084 736 sufficere
1102 687 1319 736 Magistrum,
1344 701 1397 732 ut,
1420 692 1490 734 post
1506 695 1758 729 emendationem
1767 694 1829 727 Bu-

961 731 1020 763 daer
1033 754 1042 770 ,
1067 740 1098 762 in
1115 730 1219 777 L¹,bs.¹⁸
1269 733 1429 766 uibusdam
1454 735 1587 778 legitur,
1608 737 1659 776 &,
1680 737 1703 771 ss
1723 736 1768 768 ita
1786 736 1829 768 le-

961 782 1033 814 gas,
1056 773 1247 813 poter1s1llu
1275 796 1287 812 ,
1309 785 1373 806 cnm
1390 777 1421 807 in
1431 776 1525 819 ‘uriose
1541 777 1703 810 tractarent
1711 777 1830 817 ,etiam

961 814 999 845 ad
1016 812 1217 856 Magistratus
1233 814 1360 848 referre.
1407 786 1515 851 'focus
1542 828 1647 852 autem
1668 820 1720 852 hic
1739 820 1832 852 locus

963 856 994 887 in
1013 855 1116 901 Libris
1142 854 1290 897 Vulgatis
1315 858 1359 890 ita
1379 859 1409 891 le
1431 860 1515 892 itur:
1541 860 1597 893 Uti
1615 872 1710 893 omnes
1726 861 1831 904 Magi-

956 895 1069 938 stratus
1077 899 1111 938 se
1131 899 1320 938 abdicarent,
1359 899 1395 935 &³
1446 903 1583 934 ecemviri
1600 902 1749 945 constituti
1755 903 1832 944 sunt

962 948 1039 969 anno
1059 948 1124 970 nno.
1172 939 1219 970 Hi
1234 949 1299 971 cam
1315 940 1532 984 lifagi-stratam
1544 943 1804 987 prorogarentfibi
1817 967 1831 983 ,

963 979 999 1015 &²
1015 990 1075 1011 rem
1092 982 1123 1011 in
1132 979 1226 1021 ‘uriose
1245 981 1430 1022 tractarent,
1459 994 1550 1025 neque
1568 986 1681 1017 vellent
1696 988 1830 1028 deinceps

954 1020 1086 1069 sufficere
1112 989 1313 1069 ffffaglstr‘lfflf
1328 1046 1340 1061 ,
1369 1030 1401 1055 ut
1417 1024 1472 1066 ipsi
1489 1025 1549 1060 &a
1593 1026 1676 1059 Haec
1693 1028 1832 1069 intelligi

963 1063 1091 1104 poliunt
1109 1086 1121 1102 ,
1147 1062 1200 1094 sed
1230 1072 1363 1096 nlmlum
1387 1074 1404 1096 a
1426 1066 1527 1098 Libro
1542 1066 1729 1101 Florentino
1746 1078 1831 1101 rece-

961 1105 1050 1136 dunt.
1096 1104 1132 1136 ln
1150 1104 1222 1137 MS.
1244 1114 1334 1144 mee,
1358 1104 1421 1138 fine
1438 1105 1572 1147 GIoffis,
1605 1109 1650 1141 ita
1670 1109 1722 1141 hic
1739 1111 1834 1144 locus

962 1146 1130 1178 exhibetur
1146 1157 1153 1178 :
1181 1147 1226 1177 ati
1251 1156 1346 1178 ornnes
1374 1146 1577 1191 Magistratus
1584 1150 1619 1192 ſse
1635 1152 1832 1192 abdicarent,

961 1197 1014 1231 quo
1041 1186 1214 1219 Decemviri
1236 1186 1397 1229 constituti.
1449 1190 1540 1222 Anno
1571 1202 1627 1224 uno
1644 1202 1709 1224 cum
1724 1193 1832 1236 Magi-

956 1229 1070 1273 stratus
1089 1234 1290 1271 propagarent
1305 1228 1364 1269 fibi
1381 1254 1391 1271 ,
1424 1233 1515 1264 etiam
1535 1242 1600 1265 cuin
1617 1244 1674 1267 non
1691 1235 1832 1278 injuriose

964 1271 1126 1303 tractarent
1143 1270 1206 1305 &a
1229 1271 1259 1304 &
1280 1281 1377 1304 mox:
1398 1274 1494 1306 nimia
1518 1281 1604 1317 atque
1622 1276 1725 1318 aspera
1741 1277 1831 1309 domi-

962 1314 1081 1345 natione
1110 1312 1335 1353 Rempublicam
1353 1316 1564 1355 perduxerunt.
1611 1317 1758 1365 Quorum
1783 1318 1831 1352 ni-

962 1355 1007 1387 hil
1023 1353 1126 1397 probo
1139 1378 1149 1394 ‚
1174 1353 1231 1393 nifi
1257 1353 1345 1387 forte
1371 1356 1505 1397 primam
1522 1359 1831 1401 interpunctionem,

962 1405 1054 1437 quam
1076 1394 1141 1437 ipse
1164 1403 1268 1428 tamen
1296 1396 1463 1439 adscripsi,
1494 1399 1567 1440 quia
1590 1400 1644 1432 hic
1661 1401 1691 1434 &
1706 1401 1780 1433 alibi
1797 1401 1831 1437 in

961 1447 1001 1469 eo
1015 1438 1085 1470 MS.
1109 1445 1231 1470 tantum
1247 1447 1312 1479 non
1331 1440 1434 1472 omnis
1448 1441 1661 1484 interpunctio
1679 1440 1774 1475 abest.

1008 1479 1115 1521 Utpote
1141 1489 1205 1511 cum
1231 1479 1340 1525 Brutus
1354 1503 1367 1520 ,
1396 1482 1445 1523 qui
1468 1484 1581 1524 primns
1603 1482 1703 1515 Romae
1726 1484 1831 1526 Consul

954 1521 1044 1563 fnit,
1065 1522 1214 1554 vindicias
1225 1521 1387 1563 secundum
1408 1523 1575 1556 libertatem
1593 1524 1709 1566 dixiffiet
1724 1527 1757 1557 in
1761 1532 1830 1567 per-

952 1564 1029 1606 Jona
1054 1563 1219 1602 Vindicis,
1249 1562 1442 1596 Vitelliorum
1458 1565 1556 1608 servi.
1599 1564 1698 1598 Hunc
1716 1566 1829 1600 Vindi-

962 1614 1032 1637 cem
1053 1604 1166 1637 Livius
1183 1604 1278 1637 etiam
1296 1605 1509 1647 Vitelliorum,
1537 1617 1622 1647 non,
1640 1615 1676 1640 ut
1690 1608 1763 1649 alii,
1784 1607 1830 1642 A-

980 1647 1116 1679 uiliorian
1133 1645 1258 1722 servffim
1277 1645 1371 1679 fuiffe
1394 1648 1498 1688 dixit3
1517 1648 1550 1682 id
1574 1658 1612 1681 ue
1631 1648 1832 1684 defendendo

988 1687 1142 1731 omponio
1166 1685 1199 1729 su
1255 1697 1307 1720 ere
1332 1698 1427 1722 nemo
1448 1690 1558 1723 dubita
1581 1690 1616 1724 it.
1667 1690 1761 1724 Hanc
1778 1701 1831 1725 au-

962 1737 1028 1763 tem
1053 1729 1092 1762 de
1117 1728 1253 1777 Vindice
1278 1729 1461 1772 historiam,
1492 1732 1636 1774 quamvis
1651 1742 1723 1765 eum
1737 1732 1835 1766 fuiffe

963 1770 1088 1806 servum
1115 1778 1198 1803 mter
1220 1779 1330 1804 omnes
1357 1772 1538 1806 constiterit
1553 1797 1564 1814 ,
1593 1774 1635 1806 ob
1652 1775 1832 1808 libertatem

964 1821 1089 1852 tamen,
1111 1821 1204 1854 quam
1222 1821 1398 1854 meruerat,
1419 1824 1550 1857 quaeque
1567 1815 1605 1848 ab
1620 1815 1740 1849 indicio
1754 1825 1831 1850 con-

961 1854 1129 1896 jurationis
1147 1854 1451 1896 dependebat,re6te
1467 1857 1529 1889 hue
1541 1857 1730 1890 transtulisse
1740 1857 1834 1892 Pom-

962 1896 1095 1939 ponium
1107 1919 1118 1935 ,
1142 1895 1181 1927 ab
1197 1895 1267 1927 aliis
1283 1896 1344 1937 iam
1359 1897 1608 1931 animadversum
1624 1898 1681 1932 est.

1008 1936 1071 1985 Qi
1093 1938 1264 1979 proditionis
1290 1939 1521 1982 conjurationem
1544 1941 1654 1972 indicio
1677 1939 1732 1981 fito
1748 1941 1826 1973 dete-

962 1989 1059 2012 xerat.
1103 1978 1138 2011 In
1155 1979 1226 2011 MS.
1258 1978 1422 2022 Campenfi
1455 1979 1520 2021 est,
1542 1982 1699 2025 injudicio
1715 1983 1829 2015 detexe-

962 2026 1035 2059 rat,
1057 2020 1178 2062 irrepsit
1204 2020 1299 2052 etiam
1322 2021 1355 2054 in
1377 2022 1543 2055 Editiones
1564 2023 1731 2064 quasdam,
1749 2025 1831 2067 judi-

962 2064 1006 2093 cio
1012 2062 1066 2103 sico
1085 2063 1257 2102 detexerat,
1274 2061 1326 2094 sed
1343 2063 1457 2096 rectius
1472 2064 1536 2102 est,
1559 2064 1681 2098 indicio.
1694 2065 1828 2098 decom-

960 2103 1138 2136 mutatione
1158 2103 1266 2136 harum
1287 2113 1406 2136 vocum
1425 2105 1493 2139 dixi
1513 2105 1552 2138 L.
1564 2105 1589 2138 Ι.
1614 2106 1736 2148 Observ.
1755 2107 1830 2140 C.6.

1004 2145 1132 2186 Arrepto
1156 2145 1247 2178 cultro
1273 2147 1306 2177 de
1330 2149 1451 2179 taberna
1473 2148 1609 2180 lanionis.
1653 2148 1678 2181 F
1681 2149 1829 2181 lorentiae

959 2186 1132 2219 etiamnum
1150 2188 1194 2219 est
1213 2187 1321 2219 arrecto
1331 2210 1344 2227 ,
1362 2198 1422 2229 pro
1457 2189 1550 2229 elato,
1574 2189 1679 2231 inquit
1695 2189 1830 2223 Taurei-

960 2229 1023 2262 lius
1039 2228 1072 2260 in
1088 2227 1249 2261 Adnotatis
1260 2252 1270 2269 ,
1292 2227 1344 2261 sed
1361 2230 1457 2271 longe
1472 2229 1597 2272 praestat
1614 2237 1738 2272 arrepto.

1004 2270 1121 2303 Recens
1147 2281 1167 2302 a
1192 2272 1263 2302 ccede
1281 2292 1293 2310 ‚
1319 2273 1506 2314 madenteque
1519 2273 1613 2304 adhuc
1623 2272 1697 2313 filioe
1715 2282 1823 2306 cruore.

961 2311 1148 2344 Praeferrem
1167 2335 1177 2352 ,
1208 2313 1379 2354 inadensqae
1398 2314 1490 2345 adbuc
1507 2312 1580 2353 filice
1594 2324 1711 2352 cruore,
1735 2314 1765 2346 &
1782 2314 1828 2347 fic

959 2352 1005 2386 est
1029 2354 1062 2385 in
1087 2353 1188 2385 tribus
1208 2354 1303 2386 MSS.
1324 2353 1447 2386 duobus
1468 2354 1564 2394 meis,
1587 2355 1618 2387 ἂ
1638 2353 1802 2402 Campenfi
1816 2367 1827 2388 ι

959 2404 1052 2437 quam
1072 2394 1241 2427 lectionem
1259 2395 1290 2427 δε
1305 2394 1452 2427 Editores
1470 2395 1594 2436 quidam
1604 2396 1634 2427 se
1659 2395 1828 2437 uutlsunt‚

960 2445 1019 2469 nec
1043 2434 1082 2467 de
1110 2445 1146 2468 ea
1176 2435 1241 2478 ipse
1265 2435 1397 2475 dubit03
1430 2437 1584 2469 convenit
1601 2438 1631 2470 &
1677 2437 1760 2470 ivius
1782 2438 1825 2472 L.

960 2477 1016 2510 111.
1043 2478 1076 2509 C.
1091 2487 1143 2518 49.
1162 2476 1300 2519 respersas
1317 2477 1375 2550 igse
1393 2487 1499 2509 cruore.
1555 2477 1658 2510 Porro
1676 2478 1720 2511 est
1735 2480 1767 2512 in
1781 2480 1825 2512 al-

962 2527 1032 2551 tero
1051 2528 1122 2551 meo
1137 2520 1210 2552 MS.
1233 2527 1307 2555 cum
1355 2518 1457 2558 loffis,
1478 2519 1612 2552 recedens
1628 2531 1648 2552 a
1663 2521 1735 2552 caede
1744 2543 1756 2560 ‚
1773 2519 1826 2554 sed

961 2561 1041 2592 hanc
1069 2559 1254 2604 scripturam
1268 2583 1278 2600 ,
1308 2560 1452 2604 quamvis
1473 2560 1636 2594 innoxiam
1652 2585 1664 2602 ,
1692 2571 1756 2595 non
1776 2572 1826 2594 ur-

963 2611 1032 2633 ceo.
1273 2627 1275 2629 .

961 2626 982 2644 υ
1005 2641 1069 2692 ρμῐ
1093 2643 1223 2684 universi
1244 2645 1278 2676 de
1305 2644 1350 2676 Al
1373 2645 1418 2676 ido
1435 2667 1447 2683 ,
1468 2645 1518 2676 nbi
1535 2651 1604 2677 tunc
1620 2646 1688 2678 belli
1701 2647 1824 2690 gerendi

960 2696 1045 2730 caasa
1060 2687 1187 2729 legiones
1204 2692 1308 2726 erant,
1317 2697 1347 2718 re
1361 2686 1427 2718 mis
1442 2687 1561 2718 ducibus
1574 2685 1708 2729 pristinis
1715 2685 1823 2730 ,signa

958 2729 992 2759 in
1017 2729 1205 2761 Aventinam
1231 2725 1453 2769 transtulerunt.
1497 2727 1595 2760 Liber
1609 2752 1620 2767 ,
1673 2737 1744 2760 uem
1759 2729 1823 2760 fine

959 2768 1075 2802 Gloffis
1093 2770 1165 2803 MS.
1189 2770 1309 2808 habeo,
1328 2771 1362 2801 de
1385 2768 1498 2811 Algido
1513 2774 1626 2807 monte,
1695 2778 1752 2810 pro
1758 2770 1823 2810 pri-

953 2809 1044 2852 Jtinis
1060 2821 1137 2843 mox
1148 2812 1291 2852 protinus.
1337 2810 1430 2842 Tuto
1450 2810 1527 2841 licet
1550 2815 1673 2841 montem
1689 2810 1822 2851 tollere,

960 2854 1057 2885 altera
1085 2861 1192 2885 autem
1218 2852 1314 2885 lectio
1338 2850 1512 2892 probabilis
1526 2851 1589 2890 est,
1611 2859 1676 2883 non
1691 2850 1824 2884 necess'a-

989 2904 1017 2927 a.

960 2905 984 2927 n
1002 2936 1159 2977 Populique
1178 2933 1312 2976 consensu
1321 2932 1434 2974 partim
1451 2934 1485 2964 in
1510 2942 1626 2965 carcere
1641 2936 1748 2967 necati.
1792 2932 1823 2968 I-

961 2984 992 3009 ta
1004 2977 1102 3019 farsia·
1120 2975 1300 3015 Respublica
1328 2975 1395 3004 num
1404 2971 1518 3014 statum
1537 2976 1657 3015 recepit.
1699 2975 1822 3009 Eberli-

960 3029 1019 3051 nus
1045 3018 1081 3050 ad
1107 3018 1136 3048 h.
1172 3015 1206 3048 T.
1232 3016 1264 3047 C.
1325 3014 1368 3046 X.
1388 3024 1420 3045 n.
1447 3018 1475 3048 8.
1501 3015 1607 3055 priora
1621 3015 1735 3057 verba,
1757 3025 1823 3051 tan-

961 3068 1052 3100 quam
1068 3067 1141 3089 cum
1158 3057 1286 3097 reliquis
1301 3064 1412 3096 parum
1427 3055 1639 3096 cohaerentia,
1684 3058 1825 3091 lossema-

961 3108 985 3131 ti
1009 3097 1173 3136 adscribit,
1191 3097 1361 3129 Balduinus
1379 3096 1411 3128 in
1429 3096 1504 3137 Not.
1524 3096 1648 3137 servat,
1672 3099 1709 3130 ed
1720 3100 1827 3133 omnia

961 3141 1016 3173 illa
1035 3149 1053 3171 a
1071 3138 1155 3180 Veiyl
1177 3139 1297 3170 initiam
1307 3159 1319 3176 ,
1341 3136 1378 3169 ad
1396 3137 1472 3170 hanc
1491 3137 1578 3180 Veis.
1597 3139 1757 3181 irrepticia
1777 3151 1826 3172 es-

963 3181 994 3215 se
1007 3179 1123 3213 censet.
1174 3178 1354 3220 Utrumque
1377 3178 1525 3212 illiberali
1548 3179 1691 3214 facinore
1709 3192 1720 3222 3
1751 3182 1838 3224 quin'

962 3219 1342 3296 mobeerlinusRsuam
1365 3218 1460 3264 ipsius
1487 3220 1674 3263 sententiam
1704 3230 1828 3257 tanturn

1276 3271 1291 3296 Σ
1315 3270 1334 3296 2
1767 3273 1834 3299 non
