2008 3436
262 114 424 152 LJBR1
473 109 835 150 SINGULARIS
886 108 964 145 AD
1011 99 1053 144 L.
1105 108 1314 154 LECTA,
1365 112 1590 154 cmxiv.

47 197 113 230 fere
139 197 289 239 sequenti.
333 194 445 228 Editio
471 192 511 225 R.
538 191 686 235 Stephani
714 188 886 236 lJarisienfis
902 212 912 228 ,

47 239 117 271 anni
139 248 226 281 ¹527·
250 247 309 280 pro
319 237 349 277 fi
367 236 459 268 babet
476 234 528 273 ἐξ,
554 233 640 266 sensu
659 239 806 277 optimc.
823 232 865 269 ir,
879 238 914 262 ut

47 282 86 314 fit
107 280 220 312 ibidem
233 305 243 321 ,
268 287 303 315 τῳ
311 277 459 321 fructibus
478 276 627 317 punstum
643 271 833 319 apposueris.
855 271 912 303 At-

47 331 108 364 que
117 322 180 353 boc
190 322 342 365 praefero,
367 329 439 352 cum
459 320 503 351 ita
519 318 597 351 nihil
617 316 838 359 infamamus,
859 323 912 344 ve-

46 372 116 396 rum
138 372 199 404 ope
221 364 417 394 atr-amiam
444 361 581 402 legamus
609 357 697 391 SET
715 365 774 398 pro
788 358 837 396 set
857 354 913 401 ἱρῇ,

47 405 100 436 vel
117 405 172 445 fid
197 405 251 447 δ”,
282 405 315 438 Τ
337 404 420 436 enirn
446 403 476 435 &
500 400 533 434 D
550 400 630 442 apud
650 399 781 431 Veteres
801 396 912 446 saepius

48 448 239 480 commutari
265 446 386 480 constat
446 452 482 475 ut
502 453 533 475 m
557 443 627 473 haut
644 440 698 472 vel
714 440 790 486 lqoeud
803 463 813 478 ‚
839 442 868 470 et
887 448 910 469 1-

47 485 137 529 psum
143 488 192 529 set
213 490 244 521 in
264 488 362 521 Libro
383 469 571 527 F’lorentino
593 483 783 528 aliquotiens
799 489 911 527 occur-

48 529 91 561 rit
114 539 171 570 pro
178 531 242 572 sed.
286 529 385 562 Porro
402 525 583 559 Haloander
597 533 656 566 pro
679 523 850 565 colligitur,
857 518 911 562 sti-

42 570 182 613 putamur
208 571 284 613 legit
300 570 475 612 colligatur,
495 565 669 608 stipulentur
680 587 691 604 ,
714 571 746 596 at
763 573 828 595 non
846 562 891 594 est
902 585 912 602 ‚

47 621 105 644 cur
120 621 137 642 a
155 612 322 644 Librorum
339 620 359 642 o
385 610 464 642 timo
483 608 674 640 recedamus.
754 616 787 636 uo
804 611 911 645 compe-

49 655 87 685 tit
103 652 292 692 FlorentIae‚
315 662 358 684 nu
373 651 405 683 lo
423 650 567 692 equidem
586 648 691 688 sensu,
722 650 799 680 hcet
822 646 913 692 valde

47 702 217 735 torqueas:
250 694 323 726 hinc
349 692 530 725 Haloander
551 715 560 731 ,
591 692 621 723 δε
647 697 815 736 ειῃῑεθςιῑῐῃ
841 687 914 725 alii,

67 737 119 768 uod
137 737 288 778 competit,
313 744 405 776 quam
418 733 603 775 scripturam
624 731 773 772 Cujacius
788 729 911 774 probat.

76 786 118 819 go
145 787 237 819 quam
259 777 392 810 minimo
419 784 511 808 motu
537 774 653 806 vellem
678 783 758 815 quae,
783 779 915 813 pecunia

48 818 212 852 videlicet.
839 855 845 864 .

92 859 191 906 Quod
208 869 312 894 autem
330 861 445 894 attinet
463 860 500 892 ad
515 859 599 891 hunc
614 858 688 900 legis
705 855 776 902 XL.
802 856 916 907 ἕωλον)

48 901 237 939 Latinorum
256 903 466 945 Interpretum
483 911 576 933 nemo
593 899 656 939 est,
668 908 733 945 *qul
750 907 814 929 non
838 902 917 924 καθο-

51 955 86 981 au
106 954 178 977 eum
207 954 240 976 ar
264 944 439 977 umcntanti
462 943 562 975 Paulo
578 940 741 973 adscrlbat.
786 938 846 985 Sed
862 938 918 969 Ba-

50 986 210 1019 filicorum
244 985 432 1019 bcholiastes
457 984 494 1015 ad
534 984 602 1015 Lib.
632 979 756 1014 XXIII.
799 979 859 1010 th.
890 978 914 1009 l.

54 1028 86 1060 C.
119 1039 171 1069 42.
206 1028 266 1060 litt.
298 1026 341 1059 D.
376 1034 521 1067 tanquam
548 1022 660 1069 abbis
678 1044 690 1062 ,
713 1022 800 1065 quina
820 1020 918 1051 Paulo

51 1069 291 1107 diffentiebant,
326 1068 442 1099 dictum
468 1065 620 1105 intelligit
639 1075 647 1095 :
678 1064 741 1110 :Asu
758 1067 778 1098 ῴ
800 1067 915 1108 nume,

51 1113 69 1147 εί
87 1112 213 1145 δυναίμεθα
231 1110 289 1142 δίς.
338 1108 419 1140 Dein
445 1116 515 1138 eum
541 1106 595 1138 res
612 1104 731 1137 ondiffe
749 1111 810 1135 ait:
837 1109 916 1131 Δωσι-

52 1157 120 1189 mon
134 1151 178 1188 μὲν
194 1151 252 1183 &c.
299 1149 341 1182 Et
356 1148 425 1181 sane
440 1147 519 1179 nihil
536 1148 591 1179 obs
607 1155 638 1178 at
649 1170 658 1186 ,
675 1146 844 1187 quominus
856 1145 917 1190 boc

53 1202 162 1225 verum
178 1191 236 1231 fit,
261 1190 434 1223 dummodo
450 1189 703 1230 repraesentatam
722 1187 869 1228 Stephani
888 1195 918 1217 e-

53 1234 211 1272 ditionem
226 1232 384 1274 sequaris,
407 1231 480 1269 vel,
504 1230 652 1272 liquidem
661 1229 782 1270 placeat
798 1228 920 1260 servare

53 1275 131 1310 illud
135 1274 321 1316 fi,rogandi
338 1273 457 1314 iignum
473 1271 614 1313 posueris
624 1269 694 1312 post
714 1273 742 1303 20*
753 1270 923 1311 frustibus,

54 1318 94 1350 eo
107 1326 206 1358 usque
224 1324 292 1348 tum
310 1314 496 1347 Adversarii.
521 1313 637 1356 Paulus
654 1312 778 1344 denuo:
792 1311 873 1344 Idem
890 1311 925 1346 δὲ)

56 1361 90 1391 in
106 1358 199 1401 usuris
245 1355 314 1398 otest
333 1357 482 1397 exprimi,
514 1355 544 1387 ὃς
562 1364 633 1396 quae
654 1353 837 1395 sequuntur.
882 1352 923 1385 A-

55 1400 200 1442 lioquin,
221 1365 244 1432 fi
259 1399 321 1440 jam
345 1397 465 1430 sacrum
493 1397 595 1429 Partis
613 1394 750 1427 adversae
769 1394 926 1441 silentium

56 1441 242 1485 praesumas,
267 1440 433 1472 dicendum
453 1438 518 1477 est,
540 1437 675 1478 JCtum,
701 1446 738 1468 ut
752 1436 796 1468 est
814 1446 845 1468 in
856 1445 926 1477 pro-

56 1483 168 1515 verbio
186 1505 198 1522 ‚
227 1481 367 1514 maluisse
392 1479 566 1521 praevenire
581 1503 590 1519 ,
623 1488 716 1520 quam
734 1478 898 1520 praeveniri
914 1500 926 1516 ,

57 1525 199 1566 adeoque
217 1522 433 1565 Antagonistis
462 1520 638 1563 praecidiffe
661 1520 858 1552 occasionem
879 1529 924 1551 re-

57 1566 250 1610 sponsionis,
275 1574 366 1607 quam
384 1563 530 1603 dederat,
556 1561 785 1603 impugnandae.

101 1607 190 1652 Quid
207 1607 290 1639 enim
307 1606 329 1639 fi
343 1605 415 1638 illi?
442 1605 542 1647 [syiiroe
554 1605 698 1646 foenehri's
709 1605 840 1644 pecuniae
848 1605 925 1636 citra

58 1650 211 1683 vinculum
230 1646 433 1690 stipulationis
452 1648 516 1687 peti
532 1656 589 1677 non
609 1645 724 1687 poffmzt
747 1646 769 1678 i.
786 1656 816 1687 3.
841 1646 873 1678 C.
892 1646 925 1677 de

60 1692 152 1734 Usar.
176 1699 278 1732 neque
299 1690 395 1730 igitur
413 1698 454 1720 ex
473 1697 561 1720 mora
584 1687 603 1719 i.
629 1692 680 1729 38.
706 1686 733 1728 §.
759 1697 788 1728 7.
808 1687 850 1728 ff.
865 1689 924 1719 eod.

57 1743 154 1766 eccur
174 1741 241 1764 tum
256 1731 369 1763 Paulus
387 1730 419 1762 id
435 1730 519 1771 agit,
552 1729 583 1761 id
601 1729 694 1760 unice
709 1730 867 1769 intendit,
893 1735 928 1760 ut

57 1775 236 1807 debitorem
258 1773 290 1805 in
317 1781 405 1804 mora
428 1781 493 1804 non
521 1770 613 1802 fuiffe
636 1770 751 1811 probet
766 1794 776 1810 ‚
801 1780 837 1802 ac
854 1770 926 1803 inde

56 1816 192 1858 colligat
210 1838 223 1854 ,
253 1815 385 1855 integrae
411 1812 504 1845 sortis
524 1812 630 1844 usuras
657 1821 697 1844 ne
715 1812 841 1853 quidem
858 1811 926 1854 ipso

58 1858 126 1900 jure
140 1856 300 1889 committi
317 1856 334 1888 ἱ)
366 1855 418 1886 cui
435 1855 522 1887 bono
540 1853 660 1892 inanis,
682 1854 782 1894 prima
797 1853 924 1893 fronte,

58 1899 190 1933 motus?
214 1908 252 1930 an
269 1907 310 1929 ex
329 1906 417 1928 mora
436 1897 468 1928 in
494 1895 606 1928 strictis
623 1894 750 1935 Judiciis
768 1895 928 1928 usurarum

59 1941 143 1974 ratio
160 1939 301 1971 habenda
317 1937 387 1970 est?

101 1981 181 2014 Haec
194 1981 258 2023 ipsa
268 1980 356 2019 sunt,
371 1990 442 2022 quae
459 1979 685 2012 Hotomannus
695 1980 765 2012 Lib.
778 1979 837 2012 XI.
856 1978 926 2020 Obs.

62 2021 96 2056 ζ’.
123 2033 148 2055 1.
165 2022 221 2063 sub
239 2022 296 2062 fin.
322 2032 433 2054 contra
449 2021 565 2062 JCtum
584 2021 725 2053 nostrum
743 2030 872 2061 movet,
898 2022 929 2053 &

60 2065 126 2105 ejus
143 2064 260 2096 AEmuli
272 2088 281 2103 ,
306 2064 343 2095 ad
361 2063 511 2095 invidiam
521 2063 709 2104 quandoque
727 2062 837 2104 proni,
860 2072 927 2094 rno-

60 2115 136 2137 vere
153 2105 286 2146 possent.
316 2105 426 2145 Itaque
443 2104 577 2143 Paulus,
601 2105 662 2144 jam
680 2103 864 2145 praesagiens
876 2113 926 2135 ru⁴

61 2144 138 2179 stice
162 2146 292 2188 impingi
317 2145 403 2187 posse
434 2146 466 2178 in
494 2146 607 2185 verba,
632 2146 745 2187 quibus
763 2155 860 2177 morae
875 2154 926 2177 ne-

61 2187 231 2219 ceffitatem
256 2196 420 2228 tantopere
447 2187 602 2229 urgebat,
635 2187 790 2218 cautelam
819 2185 927 2218 subne-

61 2228 202 2260 &endam
229 2227 368 2266 censuit,
399 2237 439 2259 ne
461 2229 529 2269 quis
553 2227 706 2260 sinistrum
726 2228 765 2260 iis
780 2227 900 2260 sensum
915 2251 925 2267 ,

62 2269 91 2301 ei
109 2278 246 2301 mentem
266 2268 400 2311 affingat.
445 2269 536 2301 Facit
552 2278 655 2301 autem
672 2270 734 2301 hoc
751 2269 810 2309 ita,
835 2278 869 2301 ut
879 2279 926 2300 ca-

62 2310 149 2350 sum,
174 2320 238 2351 quo
255 2311 358 2342 valere
376 2311 495 2351 poterit
523 2311 680 2342 contraria
696 2309 872 2349 sententia,
895 2311 926 2342 id

62 2351 128 2391 est,
160 2362 223 2393 quo
250 2361 338 2383 mora
359 2351 527 2382 necessaria
548 2361 612 2384 non
628 2351 691 2390 est,
714 2357 872 2393 proponat
896 2352 927 2383 δε

61 2404 104 2426 ex
128 2393 213 2425 licet.
261 2393 368 2425 Placet
384 2400 485 2424 tamen
504 2393 541 2424 ad
558 2402 610 2433 ea,
644 2403 713 2434 quae
731 2393 926 2433 obiecimus,

61 2445 97 2468 re
111 2434 293 2476 ponfionem
318 2434 390 2465 dare
416 2433 585 2475 separatam
606 2435 636 2466 ὃς
651 2435 818 2474 directam,
842 2433 926 2476 post-

63 2476 192 2509 modum
210 2475 283 2507 huic
293 2475 471 2507 exhibitum
480 2475 666 2508 verficulum
676 2476 844 2517 applicare.
867 2475 926 2507 Ni-

62 2518 177 2551 mirum
194 2516 296 2548 usurae
312 2517 344 2548 in
360 2516 573 2549 contractibus
590 2517 668 2557 juris
683 2517 779 2549 stricti
797 2522 860 2549 non
876 2517 927 2548 de-

63 2559 176 2592 bentur
189 2558 372 2599 simpliciter
390 2567 430 2589 ex
447 2567 552 2597 mora,
564 2558 615 2590 sed
634 2567 738 2590 tamen
756 2557 927 2590 secundum

65 2609 120 2638 ea,
150 2609 217 2640 quae
241 2602 267 2627 εῖν
293 2603 328 2635 τῷ
352 2602 508 2635 &wocara-inp
534 2607 775 2641 proponuntur,
800 2600 927 2631 debitor

64 2649 130 2672 erat
146 2640 178 2672 in
199 2649 286 2671 mora
301 2640 538 2673 constituendus
550 2665 559 2680 ‚
583 2649 748 2682 antequam
766 2640 926 2673 usurarum

65 2681 181 2724 petitio
197 2680 322 2713 haberet
343 2681 448 2714 locum
459 2704 471 2720 ,
499 2681 563 2714 fuit
580 2692 713 2724 namque
727 2683 783 2724 ipfi
799 2681 927 2724 stipula-

66 2722 149 2755 tioni
164 2721 275 2753 inserta
293 2732 389 2755 morae
405 2723 566 2755 conditio:
592 2724 723 2766 proinde
745 2734 786 2756 ex
803 2724 927 2765 stipula-

66 2773 124 2802 tu,
156 2772 258 2802 eoque
281 2761 348 2795 solo
366 2764 518 2796 debentur
535 2765 588 2797 hic
610 2764 710 2798 usurae
722 2789 732 2804 ‚
757 2765 808 2797 sed
826 2766 858 2797 in
877 2775 926 2797 ca-

65 2805 133 2838 sum
156 2813 262 2835 morae.
315 2804 389 2836 Uno
412 2806 537 2845 verbo;
572 2806 609 2839 In
624 2806 816 2839 contractibus
826 2805 927 2848 firmi·

63 2847 143 2890 juris
159 2855 215 2876 non
230 2845 367 2876 debentur
381 2847 468 2888 usurae
493 2858 530 2879 ex
554 2859 633 2880 mora
652 2854 771 2889 propter
790 2856 898 2880 moram
915 2871 927 2887 ,

58 2888 114 2930 sed
129 2889 196 2918 bene
216 2887 339 2917 veniunt
354 2896 391 2917 ex
400 2886 591 2928 stipulatione
603 2895 722 2931 propter
739 2900 866 2929 moram,
890 2898 927 2922 ut

68 2926 195 2960 concise
209 2927 239 2958 <St
257 2927 340 2958 recte
356 2927 465 2969 Cynus
482 2929 519 2960 ad
541 2930 569 2962 h.
594 2931 614 2963 l.

112 2969 212 3010 Igitur
222 2968 339 3008 placita
350 2967 558 3009 stipulationis
575 2971 646 3004 sunt
664 2972 812 3006 servanda
821 2998 830 3012 ,
842 2981 926 3015 quae-

66 3011 119 3042 vis
144 3010 220 3040 licet
246 3010 390 3040 conditio
413 3011 538 3043 accedat
567 3013 587 3044 l.
613 3023 662 3046 20.
689 3015 730 3056 ff.
756 3017 789 3046 de
815 3015 855 3047 V.
885 3016 925 3048 Ο.

69 3052 272 3098 Quapropter
296 3050 400 3082 usuras
426 3052 503 3083 licet
527 3052 694 3095 stipulari,
724 3066 788 3089 non
805 3065 927 3089 tanturn

69 3093 102 3124 in
117 3090 221 3123 casum
236 3100 331 3123 morae
349 3115 359 3131 ‚
394 3091 446 3124 sed
461 3093 492 3125 ὅ(
509 3100 595 3126 retro
612 3105 630 3126 a
643 3095 694 3128 die
709 3098 888 3130 contractus
905 3098 929 3130 i-

68 3133 150 3171 niti,
171 3131 193 3167 fi
208 3131 320 3164 existat
335 3132 440 3164 addita
465 3135 618 3168 conditio.
662 3137 738 3170 Hoc
754 3139 819 3178 est,
843 3139 928 3181 quod

70 3172 335 3216 inpraesentiarum
354 3173 468 3207 Paulus
484 3175 618 3217 edocet,
641 3187 713 3211 cum
731 3181 791 3213 ait:
818 3181 874 3213 Sed
894 3180 931 3217 ὅ)

949 186 1129 231 stipulamur
1148 190 1365 231 quantitatem,
1395 193 1497 225 veluti
1523 195 1664 236 usuram,
1689 206 1749 238 quae
1764 205 1822 226 me·-

955 232 1001 262 dio
1028 236 1151 272 tempore
1175 231 1327 273 colligitur
1343 256 1355 272 ,
1386 241 1529 275 tempore
1554 236 1677 269 scilicet
1693 261 1705 278 ‚
1735 237 1822 279 quod

956 273 1126 305 intercedit
1152 272 1182 304 &
1210 275 1346 307 medium
1368 275 1414 308 est
1437 277 1519 309 inter
1539 279 1736 311 contraitum
1765 279 1824 311 ini·
1862 274 1868 282 ⁸

957 323 1046 354 tum,
1071 315 1102 347 &
1124 323 1243 346 moram
1273 317 1486 356 commistam,
1510 323 1575 350 cum
1591 322 1715 352 conditio
1734 320 1823 362 exsti-

956 358 1045 396 terit,
1076 365 1272 398 quaecunque
1293 358 1420 391 demum
1446 359 1500 392 illa
1525 360 1580 401 fit,
1616 369 1651 393 ut
1668 362 1747 402 apud
1765 372 1824 394 nos

955 408 1054 431 mora.
1103 399 1251 439 Adeoque
1272 399 1365 440 potest
1390 401 1515 442 exprimi
1537 425 1548 440 ,
1582 402 1613 434 ὅ(
1638 404 1825 434 nominatim

955 439 1159 482 stipulatione
1185 441 1288 472 caveri
1310 466 1319 481 ,
1351 448 1383 474 ut
1400 445 1437 474 aci
1461 445 1538 475 diem
1554 467 1565 483 ,
1588 453 1652 485 quo
1668 454 1824 476 convene-

955 491 1003 514 rat
1017 506 1026 522 ‚
1051 491 1107 513 non
1114 482 1215 522 fidum
1227 485 1356 522 Pecunia
1366 486 1445 526 lquae
1459 495 1479 525 zi
1492 495 1611 517 urm-um
1627 487 1741 517 nomine
1751 496 1823 517 com-

950 525 1047 566 petit,
1071 533 1136 556 non
1153 533 1193 555 ex
1210 533 1298 556 mora
1316 524 1436 566 solum,
1476 527 1513 558 cd
1533 528 1564 560 ὃς
1585 527 1781 559 retroversus
1791 537 1828 558 ca

952 564 1104 607 praestetur
1129 575 1166 596 ex
1189 566 1236 596 die
1266 566 1661 610 interpofitaestipulationis.
1708 569 1827 610 Propo-

956 616 995 639 ne
1006 618 1020 653 εἰ
1050 605 1188 639 Centum
1213 608 1285 639 dare
1308 608 1458 651 spondes,
1482 611 1504 643 fi
1519 611 1608 643 navis
1626 620 1666 643 ex
1685 610 1755 643 Asia
1772 620 1826 642 ve-

956 656 1057 686 nerit,
1090 648 1120 680 δε
1147 649 1181 680 ni
1207 649 1327 682 dederis
1351 661 1390 683 eo
1407 652 1474 693 ipso
1491 652 1645 685 adventus
1661 653 1734 690 die,
1758 651 1828 684 usu-

957 700 1004 722 ras
1031 699 1141 721 corum
1168 689 1304 723 semiss'es
1334 703 1374 724 ex
1395 694 1457 725 hoc
1476 695 1643 735 tempore?
1665 695 1755 726 venit
1773 704 1825 725 na-

957 731 1006 763 vis
1021 729 1091 772 post
1106 731 1309 764 decennium:
1323 745 1385 766 non
1410 735 1504 767 solvit
1524 746 1563 767 eo
1580 737 1630 768 die
1647 735 1827 778 promissbr.

958 772 1121 817 Quaeritur
1145 773 1218 819 quid
1240 775 1345 813 J‘uris‘?
1371 778 1470 809 totius
1490 778 1655 814 decennii,
1679 778 1756 809 licet
1773 777 1828 808 bu—

958 815 1006 861 jus
1034 814 1121 846 nulla
1145 816 1181 846 iit
1210 825 1297 847 mora
1314 840 1325 855 ‚
1357 817 1462 850 usuras
1487 819 1621 852 semisses
1639 819 1722 851 reete
1739 827 1830 860 petet

960 856 1147 897 stipulator,
1179 864 1292 897 utpote
1316 860 1478 892 commissa
1504 861 1691 894 conditione
1708 870 1830 902 poenae:

960 898 1059 929 efficit
1076 897 1137 928 hoc
1149 896 1213 929 sola
1221 897 1392 943 stipulati&
1404 902 1499 934 Aliud
1517 903 1697 944 exemplum
1708 912 1747 933 ex
1758 901 1830 934 Lib.

962 938 1016 971 III.
1045 937 1153 987 Quaest.
1186 938 1302 971 sufficit
1327 942 1439 974 Paulus
1464 945 1492 975 in
1524 943 1544 976 l.
1575 947 1643 976 126.
1665 951 1710 985 pr.
1731 943 1771 985 ff.
1796 944 1831 974 de

963 981 1005 1013 V.
1034 982 1074 1012 O.
1121 981 1154 1011 Si
1171 982 1234 1019 ira,
1274 983 1396 1022 inquit,
1414 984 1691 1026 Jiisiuhiiusfziew,
1717 996 1743 1017 s1
1769 984 1833 1016 ΤΙ-

963 1032 1040 1054 T1Us
1067 1031 1199 1053 consur.
1228 1032 1356 1056 Μαι-υς
1383 1035 1511 1058 rumim*
1529 1051 1537 1065 ,
1572 1037 1666 1059 'runc
1695 1037 1738 1058 nx
1761 1035 1831 1058 riAc

964 1073 1024 1096 DIE
1044 1074 1079 1095 IN
1097 1072 1212 1095 Annos
1233 1065 1400 1097 simonos
1419 1077 1515 1100 DENA
1537 1077 1629 1101 DARE
1654 1068 1832 1100 spounns?

958 1103 1023 1146 post
1054 1106 1214 1137 trienninm
1242 1108 1405 1139 amalicione
1427 1108 1594 1150 existente,
1628 1112 1757 1153 triginta
1767 1110 1834 1150 peti

959 1153 1105 1188 poterunt.
1153 1145 1205 1177 De
1232 1148 1330 1180 usuris
1356 1150 1482 1190 quidem
1499 1151 1550 1183 hic
1566 1149 1668 1182 sermo
1686 1161 1750 1183 non
1769 1150 1835 1190 est,

965 1185 1017 1220 sed
1037 1195 1139 1220 tamen
1160 1188 1200 1219 de
1217 1190 1393 1229 quantitate
1410 1201 1497 1223 retro
1521 1191 1703 1231 commista,
1728 1202 1835 1234 quam-

967 1230 1016 1262 vis
1033 1230 1159 1262 debitor
1178 1230 1212 1277 in
1227 1239 1314 1262 mora
1333 1242 1398 1264 non
1414 1232 1521 1265 fuerit.
1568 1233 1654 1266 Idem
1671 1235 1763 1276 plane
1781 1244 1836 1266 ex-

967 1273 1127 1313 emplum,
1152 1280 1271 1312 majore
1289 1281 1393 1306 tamen
1410 1284 1578 1316 apparatu,
1602 1275 1770 1308 Africanus
1784 1286 1839 1308 ex-

967 1314 1056 1345 hibet
1072 1315 1104 1346 in
1127 1313 1148 1345 l.
1172 1316 1223 1353 64.
1239 1313 1280 1354 ff.
1304 1317 1363 1347 eod.
1389 1316 1474 1348 addit
1491 1325 1595 1349 autem
1609 1316 1692 1358 ipse,
1717 1319 1843 1349 nemim

967 1357 1068 1388 merito
1093 1357 1257 1400 dubitat-um
1274 1356 1365 1398 smffe
1384 1380 1395 1396 ,
1433 1368 1470 1390 an
1489 1359 1584 1391 etiam
1601 1359 1649 1401 agi
1672 1359 1764 1400 posfit
1780 1367 1841 1392 n0-‘

968 1399 1052 1430 mine
1076 1405 1227 1438 temporis
1251 1399 1404 1438 praeteriti
1424 1400 1441 1432 ἲ)
1473 1399 1524 1432 sed
1543 1401 1632 1433 illico
1648 1400 1838 1443 respondet,

968 1440 998 1471 δε
1017 1439 1089 1472 dein
1107 1437 1237 1484 probat,
1261 1449 1324 1471 eam
1332 1439 1556 1482 stipulationem
1571 1443 1674 1474 utilem
1691 1443 1752 1484 effe.
1778 1443 1838 1476 Ra-

968 1482 1015 1513 tio
1033 1479 1196 1513 dubitandi
1211 1488 1297 1521 erat,
1322 1484 1396 1524 quia
1413 1483 1592 1524 huiusmodi
1619 1483 1844 1525 stipulationes·

967 1523 1155 1555 videbantur
1181 1523 1379 1564 praeposterae
1396 1547 1407 1563 ‚
1439 1535 1515 1566 quas
1538 1525 1607 1565 jure
1631 1526 1672 1567 ff.
1708 1526 1841 1559 inutiles

966 1564 1059 1597 fuisse
1077 1564 1210 1597 constat.
1256 1564 1374 1597 Verum
1387 1566 1432 1598 ita
1447 1577 1511 1599 non
1526 1566 1608 1606 effe,
1631 1566 1697 1609 ipse
1712 1567 1840 1600 Africa-

967 1616 1026 1639 nus
1053 1607 1085 1638 in
1108 1605 1192 1649 seqq.
1218 1604 1430 1647 demonstrat,
1465 1609 1495 1641 &
1509 1618 1550 1640 ex
1568 1619 1608 1641 eo
1625 1609 1720 1642 latius
1742 1608 1843 1651 Cujas·

968 1648 1005 1680 ad
1028 1647 1157 1680 Lib.III.
1218 1647 1295 1690 uest.
1319 1649 1408 1682 Paul.
1434 1650 1467 1682 in
1490 1651 1511 1683 l.
1541 1654 1611 1683 126.
1629 1650 1670 1692 ff.
1682 1652 1715 1683 de
1738 1651 1779 1684 V.
1795 1652 1838 1684 O.

968 1689 1127 1731 praecipue
1149 1690 1181 1722 in
1227 1690 1307 1722 ‘rath
1332 1690 1404 1722 VII.
1436 1693 1475 1723 ad
1499 1693 1603 1732 Afric.
1629 1694 1662 1724 in
1685 1694 1714 1725 d.
1739 1694 1760 1726 l.
1783 1697 1837 1734 64.

968 1731 1077 1773 thue
1094 1731 1172 1763 adeo
1190 1743 1226 1765 ea
1241 1732 1417 1764 describere
1432 1743 1496 1765 non
1517 1734 1554 1766 fit
1573 1733 1788 1766 neceffarium.

1010 1773 1059 1805 Ita
1084 1783 1211 1815 quoque
1244 1773 1300 1815 (ut
1322 1774 1353 1806 in
1369 1784 1434 1806 rem
1451 1775 1638 1816 praesentem
1656 1776 1781 1817 eamus)
1804 1775 1840 1808 P.

968 1814 1109 1848 Maevius
1134 1816 1274 1848 creditor
1303 1814 1440 1857 stipulari
1469 1817 1623 1858 potuisset
1647 1818 1711 1850 non
1743 1818 1841 1850 modo

971 1856 1064 1889 sortis
1088 1857 1242 1889 universae
1271 1857 1463 1889 Centefimas
1493 1862 1533 1890 ex
1554 1867 1697 1900 tempore
1717 1869 1815 1891 morae
1831 1882 1844 1898 ,

972 1898 1026 1930 vel
1047 1898 1079 1929 in
1101 1908 1160 1930 una
1208 1899 1332 1940 enfione
1349 1899 1521 1932 commiffae
1553 1901 1736 1941 (quomodo
1754 1902 1843 1932 vele-

972 1940 1049 1972 bant
1066 1939 1171 1972 Adver
1188 1941 1263 1981 arii)
1289 1940 1339 1972 sed
1355 1942 1404 1979 ἃ,
1427 1939 1520 1980 quod'
1531 1942 1628 1982 majus
1646 1941 1842 1983 postulatum

973 1982 1017 2013 est
1028 2005 1040 2021 ,
1063 1981 1100 2013 ab
1117 1982 1301 2023 interposita
1318 1982 1412 2013 etiam
1431 1982 1643 2024 stipulatione.
1688 1983 1845 2015 Potuisset

972 2023 1055 2061 hoc,
1084 2031 1119 2054 ut
1147 2024 1213 2055 dixi
1234 2048 1243 2063 ,
1268 2022 1373 2055 facere
1389 2024 1552 2063 creditor,
1573 2024 1624 2057 sed
1640 2024 1758 2057 faCtum
1776 2035 1842 2057 non

971 2063 1055 2103 fuit,
1083 2074 1146 2097 non
1174 2065 1257 2097 enim
1284 2073 1414 2106 propter
1442 2066 1565 2099 lucrum
1595 2067 1681 2106 ejus,
1705 2064 1751 2099 ast
1767 2076 1839 2108 pro-

970 2113 1042 2147 pter
1058 2115 1179 2139 moram
1198 2106 1350 2138 debitoris
1378 2106 1483 2139 usuras
1498 2107 1590 2140 fuiffe
1608 2107 1740 2140 inflifitas
1760 2108 1842 2140 vidi-

971 2157 1052 2180 mus.
1096 2145 1244 2180 Kalendae
1269 2147 1387 2180 futur-az
1412 2150 1600 2182 nominatim
1627 2157 1715 2181 erant
1731 2149 1840 2181 condi-

972 2189 1048 2229 ctae,
1074 2197 1110 2221 ut
1126 2190 1241 2221 exinde
1258 2199 1346 2222 mora
1364 2190 1454 2221 fieret
1470 2213 1482 2229 ,
1503 2193 1602 2233 eaque
1618 2199 1782 2232 putaretur
1800 2190 1843 2222 se-

972 2231 1108 2263 cundum
1132 2232 1288 2263 rationem
1313 2230 1474 2264 solvendae
1507 2231 1618 2272 sortis,
1640 2233 1842 2274 quemadmo-

969 2272 1043 2303 dum
1064 2272 1096 2304 in
1113 2271 1324 2314 superioribus
1339 2271 1496 2305 ostensum
1515 2273 1560 2306 est
1579 2274 1708 2306 affatim.
1753 2274 1851 2315 Ergo·

971 2313 1093 2355 Capitis
1120 2314 1234 2355 integri
1261 2313 1367 2346 foenus
1396 2315 1595 2355 pendendum
1620 2316 1683 2347 non
1710 2325 1727 2346 a
1743 2316 1844 2357 prima

970 2355 1074 2387 ssatim
1102 2356 1213 2387 mensis
1234 2356 1326 2396 primi
1353 2365 1464 2395 mora,
1494 2357 1661 2397 multoque
1679 2357 1782 2388 minus
1799 2365 1842 2388 ex

971 2396 1021 2428 die
1038 2396 1188 2428 celebrati
1208 2397 1405 2436 contr-astus,
1436 2398 1492 2430 etsi
1510 2406 1573 2429 tam
1590 2398 1653 2429 hoc
1662 2420 1673 2437 ,
1697 2407 1789 2439 quam
1806 2398 1840 2429 il·

970 2438 1024 2470 Iud
1043 2438 1186 2479 express'e
1202 2439 1307 2469 caveri
1322 2437 1480 2479 potuisset.
1626 2478 1629 2479 ⁷
1711 2476 1713 2478 ³

1048 2480 1110 2511 uod
1132 2480 1271 2511 diximus
1287 2503 1297 2519 ‚
1330 2480 1360 2511 &
1382 2489 1423 2511 ex
1443 2480 1542 2512 Paulo
1563 2479 1595 2514 iri
1614 2480 1722 2514 nostro
1737 2480 1839 2520 verfic.

971 2521 1002 2553 ὅ(
1026 2531 1043 2552 a
1058 2521 1150 2553 iunde
1176 2521 1378 2562 probavimus
1402 2522 1441 2553 de
1462 2523 1496 2553 vi
1514 2522 1724 2564 stipulationis
1740 2531 1841 2555 retro-

969 2562 1061 2603 grada
1072 2585 1084 2601 ,
1106 2572 1215 2604 parum
1234 2561 1337 2602 abest,
1361 2563 1438 2604 quin
1466 2564 1549 2596 idem
1571 2564 1686 2597 Paulus
1702 2564 1840 2596 destruat

969 2605 1001 2635 in
1024 2604 1044 2635 i.
1073 2613 1120 2645 17.
1140 2609 1188 2644 pr.
1208 2603 1247 2645 ff.
1272 2605 1306 2635 de
1335 2604 1421 2646 Usitr.
1476 2604 1589 2638 Refert
1609 2606 1672 2645 ibi,
1696 2607 1840 2648 quendam

969 2645 1074 2686 caviffe
1092 2669 1102 2684 ,
1126 2646 1160 2687 se
1188 2647 1343 2687 quotannis
1363 2647 1541 2688 quincunces'
1563 2647 1664 2689 usuras
1686 2646 1837 2689 praestatu-

970 2697 1055 2718 rum:
1079 2686 1131 2726 &,
1148 2685 1177 2726 fi
1191 2697 1242 2728 quo
1258 2687 1333 2719 cinno
1359 2688 1580 2730 nonfhlviffiet5
1598 2691 1668 2720 tzinc
1688 2691 1774 2720 totius
1784 2694 1838 2729 pe-

970 2729 1062 2760 cuniae
1076 2739 1113 2760 ex
1130 2730 1176 2760 die
1185 2751 1198 2767 ,
1210 2738 1266 2770 qim
1284 2734 1433 2761 mutuatus
1451 2727 1492 2770 est
1503 2752 1514 2768 ,
1527 2730 1846 2772 stmiffis'ffiluturum.

967 2769 1055 2802 Dein
1082 2779 1197 2811 vagum
1222 2769 1301 2802 Divi
1336 2771 1440 2803 Marci
1470 2781 1506 2802 ea
1532 2772 1571 2804 de
1594 2781 1628 2802 re
1650 2771 1838 2812 rescriptum

969 2820 1220 2843 commemorans
1239 2835 1249 2850 ‚
1282 2811 1368 2844 addit
1386 2812 1466 2844 hanc
1484 2813 1621 2847 e'xhamw:
1647 2812 1719 2843 Haec
1736 2809 1840 2852 confli-

972 2854 1045 2884 tutio
1063 2854 1101 2884 ad
1114 2852 1237 2893 finitum
1261 2853 1463 2894 (Haloander
1478 2854 1507 2885 ἅ
1524 2854 1576 2885 alii
1592 2853 1742 2894 infinitum
1751 2875 1762 2891 ,
1785 2853 1838 2884 sed

969 2894 1081 2926 eodem
1114 2893 1218 2926 sensus
1245 2894 1346 2935 redit)
1383 2895 1508 2925 excedit.
1563 2894 1646 2943 Qiz'd
1667 2896 1761 2937 ergo?
1787 2895 1837 2926 Sic

969 2937 1155 2977 temperanda
1187 2945 1232 2966 rer
1257 2937 1313 2967 erit
1330 2957 1341 2973 ,
1370 2942 1403 2965 ur
1422 2935 1604 2975 infuturum
1636 2938 1784 2967 duntaxat
1801 2946 1839 2967 ex

968 2979 1014 3009 die
1030 2977 1191 3018 cefflztionir
1207 2977 1317 3016 crescat
1332 2976 1426 3016 usura.
1474 2976 1540 3008 Cur
1548 2987 1611 3009 non
1628 2978 1658 3009 ὃς
1675 2978 1706 3008 in
1725 2985 1835 3018 praete·

968 3019 1084 3057 ritum,
1115 3017 1277 3049 commiss‘a
1302 3016 1504 3057 stipulatione
1524 3041 1535 3056 ,
1569 3027 1664 3059 prout
1681 3028 1748 3050 erat
1767 3028 1836 3050 cau-

972 3060 1038 3091 t'um
1057 3059 1074 3091 2
1107 3058 1299 3098 interpretes
1324 3066 1358 3089 ut
1383 3058 1537 3090 rationem
1557 3059 1838 3092 comminiscantur

971 3101 1114 3133 laborant
1139 3099 1231 3130 valde
1250 3114 1269 3137 ‚·
1290 3098 1342 3130 sed
1365 3099 1539 3140 proficiunt
1556 3101 1653 3139 nibil,
1683 3110 1735 3133 aut
1752 3110 1839 3133 certe

971 3151 1088 3183 parum.
1135 3139 1244 3172 Gloss'a
1262 3141 1299 3172 ad
1321 3141 1350 3172 cl.
1375 3141 1396 3172 l.
1425 3149 1470 3182 17.
1516 3141 1687 3174 Balduinus
1703 3143 1739 3174 ad
1760 3143 1839 3174 Par:-

972 3184 1033 3215 lum
1051 3184 1086 3214 de
1103 3181 1338 3254 cautionefilesta
1355 3183 1386 3213 in
1400 3184 1542 3214 auditorio
1563 3184 1737 3225 Papiniani.
1763 3185 1843 3222 Moe

1240 3229 1242 3232 ’
1280 3229 1301 3255 2'
1804 3226 1839 3256 Ti-
