<?xml version="1.0" encoding="UTF-8"?>
<!DOCTYPE html PUBLIC "-//W3C//DTD XHTML 1.0 Transitional//EN"
    "http://www.w3.org/TR/xhtml1/DTD/xhtml1-transitional.dtd">
<html xmlns="http://www.w3.org/1999/xhtml" xml:lang="en" lang="en">
 <head>
  <title>
</title>
<meta http-equiv="Content-Type" content="text/html;charset=utf-8" />
  <meta name='ocr-system' content='tesseract 3.04.00' />
  <meta name='ocr-capabilities' content='ocr_page ocr_carea ocr_par ocr_line ocrx_word'/>
</head>
<body>
  <div class='ocr_page' id='page_1' title='image "./corneliivanbynke00bijn_0682.png"; bbox 0 0 2008 3436; ppageno 0'>
   <div class='ocr_carea' id='block_1_1' title="bbox 198 117 1060 527">
    <p class='ocr_par' dir='ltr' id='par_1_1' title="bbox 202 117 1030 163">
     <span class='ocr_line' id='line_1_1' title="bbox 202 117 1030 163; baseline 0.001 -9"><span class='ocrx_word' id='word_1_1' title='bbox 202 130 271 163; x_wconf 82' lang='lat'>204</span> <span class='ocrx_word' id='word_1_2' title='bbox 453 117 848 156; x_wconf 83' lang='lat' dir='ltr'><strong>CORNELII</strong></span> <span class='ocrx_word' id='word_1_3' title='bbox 923 129 1030 156; x_wconf 76' lang='lat' dir='ltr'>VAN</span> 
     </span>
    </p>

    <p class='ocr_par' dir='ltr' id='par_1_2' title="bbox 198 197 1060 527">
     <span class='ocr_line' id='line_1_2' title="bbox 203 197 1058 241; baseline 0.002 -13"><span class='ocrx_word' id='word_1_4' title='bbox 203 201 295 234; x_wconf 77' lang='lat'>1629.</span> <span class='ocrx_word' id='word_1_5' title='bbox 318 197 437 237; x_wconf 79' lang='lat' dir='ltr'>edixit,</span> <span class='ocrx_word' id='word_1_6' title='bbox 462 199 660 239; x_wconf 86' lang='lat' dir='ltr'>Fcudorum,</span> <span class='ocrx_word' id='word_1_7' title='bbox 684 210 752 241; x_wconf 81' lang='lat' dir='ltr'>quae</span> <span class='ocrx_word' id='word_1_8' title='bbox 783 200 813 231; x_wconf 90' lang='lat' dir='ltr'>in</span> <span class='ocrx_word' id='word_1_9' title='bbox 843 209 918 241; x_wconf 83' lang='lat' dir='ltr'>agro</span> <span class='ocrx_word' id='word_1_10' title='bbox 943 197 1058 231; x_wconf 88' lang='lat' dir='ltr'>Busco-</span> 
     </span>
     <span class='ocr_line' id='line_1_3' title="bbox 198 238 1059 285; baseline 0.001 -16"><span class='ocrx_word' id='word_1_11' title='bbox 198 238 323 271; x_wconf 87' lang='lat' dir='ltr'>ducenfi</span> <span class='ocrx_word' id='word_1_12' title='bbox 347 239 401 271; x_wconf 85' lang='lat' dir='ltr'>fita</span> <span class='ocrx_word' id='word_1_13' title='bbox 427 249 533 280; x_wconf 88' lang='lat' dir='ltr'>erant,</span> <span class='ocrx_word' id='word_1_14' title='bbox 558 242 772 274; x_wconf 85' lang='lat' dir='ltr'>investituram</span> <span class='ocrx_word' id='word_1_15' title='bbox 790 250 807 272; x_wconf 88' lang='lat' dir='ltr'>a</span> <span class='ocrx_word' id='word_1_16' title='bbox 825 240 855 272; x_wconf 85' lang='lat' dir='ltr'>se</span> <span class='ocrx_word' id='word_1_17' title='bbox 876 240 937 272; x_wconf 83' lang='lat' dir='ltr'>effe</span> <span class='ocrx_word' id='word_1_18' title='bbox 955 247 1059 285; x_wconf 84' lang='lat' dir='ltr'>peteu-</span> 
     </span>
     <span class='ocr_line' id='line_1_4' title="bbox 199 280 1060 322; baseline 0.001 -12"><span class='ocrx_word' id='word_1_19' title='bbox 199 280 269 310; x_wconf 86' lang='lat' dir='ltr'>dam</span> <span class='ocrx_word' id='word_1_20' title='bbox 285 304 295 319; x_wconf 92' lang='lat'>,</span> <span class='ocrx_word' id='word_1_21' title='bbox 327 290 389 312; x_wconf 90' lang='lat' dir='ltr'>non</span> <span class='ocrx_word' id='word_1_22' title='bbox 410 291 426 312; x_wconf 85' lang='lat' dir='ltr'>a</span> <span class='ocrx_word' id='word_1_23' title='bbox 444 283 560 314; x_wconf 88' lang='lat' dir='ltr'>Senatu</span> <span class='ocrx_word' id='word_1_24' title='bbox 578 283 767 315; x_wconf 71' lang='lat' dir='ltr'>Brabantino</span> <span class='ocrx_word' id='word_1_25' title='bbox 783 305 792 320; x_wconf 93' lang='lat'>,</span> <span class='ocrx_word' id='word_1_26' title='bbox 825 283 879 322; x_wconf 87' lang='lat' dir='ltr'>qui</span> <span class='ocrx_word' id='word_1_27' title='bbox 904 281 1060 313; x_wconf 86' lang='lat' dir='ltr'>Bruxellis</span> 
     </span>
     <span class='ocr_line' id='line_1_5' title="bbox 199 320 1060 364; baseline 0.001 -13"><span class='ocrx_word' id='word_1_28' title='bbox 199 320 263 358; x_wconf 87' lang='lat' dir='ltr'>est,</span> <span class='ocrx_word' id='word_1_29' title='bbox 288 322 317 353; x_wconf 67' lang='lat' dir='ltr'>dc</span> <span class='ocrx_word' id='word_1_30' title='bbox 336 321 423 354; x_wconf 86' lang='lat' dir='ltr'>simul</span> <span class='ocrx_word' id='word_1_31' title='bbox 440 333 585 364; x_wconf 81' lang='lat' dir='ltr'>apparet,</span> <span class='ocrx_word' id='word_1_32' title='bbox 609 324 696 355; x_wconf 86' lang='lat' dir='ltr'>nullo</span> <span class='ocrx_word' id='word_1_33' title='bbox 714 324 782 362; x_wconf 89' lang='lat' dir='ltr'>jure</span> <span class='ocrx_word' id='word_1_34' title='bbox 802 332 913 354; x_wconf 88' lang='lat' dir='ltr'>contra</span> <span class='ocrx_word' id='word_1_35' title='bbox 931 320 1060 353; x_wconf 84' lang='lat' dir='ltr'>edixisse</span> 
     </span>
     <span class='ocr_line' id='line_1_6' title="bbox 200 360 1058 405; baseline 0.002 -13"><span class='ocrx_word' id='word_1_36' title='bbox 200 360 413 403; x_wconf 73' lang='lat' dir='ltr'>Hispanorum</span> <span class='ocrx_word' id='word_1_37' title='bbox 434 364 550 405; x_wconf 74' lang='lat' dir='ltr'>Regem</span> <span class='ocrx_word' id='word_1_38' title='bbox 581 374 625 404; x_wconf 77' lang='lat'>15.</span> <span class='ocrx_word' id='word_1_39' title='bbox 649 363 737 395; x_wconf 85' lang='lat' dir='ltr'>Nov.</span> <span class='ocrx_word' id='word_1_40' title='bbox 759 367 847 400; x_wconf 81' lang='lat'>1629.</span> <span class='ocrx_word' id='word_1_41' title='bbox 867 371 901 394; x_wconf 91' lang='lat' dir='ltr'>ut</span> <span class='ocrx_word' id='word_1_42' title='bbox 929 364 996 394; x_wconf 85' lang='lat' dir='ltr'>haec</span> <span class='ocrx_word' id='word_1_43' title='bbox 1024 371 1058 393; x_wconf 93' lang='lat' dir='ltr'>o-</span> 
     </span>
     <span class='ocr_line' id='line_1_7' title="bbox 201 403 1059 445; baseline 0.001 -12"><span class='ocrx_word' id='word_1_44' title='bbox 201 404 285 434; x_wconf 84' lang='lat' dir='ltr'>mnia</span> <span class='ocrx_word' id='word_1_45' title='bbox 308 413 410 435; x_wconf 82' lang='lat' dir='ltr'>narrat</span> <span class='ocrx_word' id='word_1_46' title='bbox 437 406 580 436; x_wconf 77' lang='lat' dir='ltr'>Aitzema</span> <span class='ocrx_word' id='word_1_47' title='bbox 603 405 689 445; x_wconf 79' lang='lat'>(5).</span> <span class='ocrx_word' id='word_1_48' title='bbox 740 403 925 436; x_wconf 83' lang='lat' dir='ltr'>Buscoduco</span> <span class='ocrx_word' id='word_1_49' title='bbox 945 405 1059 444; x_wconf 90' lang='lat' dir='ltr'>quippe</span> 
     </span>
     <span class='ocr_line' id='line_1_8' title="bbox 199 445 1059 486; baseline 0.002 -13"><span class='ocrx_word' id='word_1_50' title='bbox 199 453 395 486; x_wconf 78' lang='lat' dir='ltr'>expugnata,</span> <span class='ocrx_word' id='word_1_51' title='bbox 418 447 520 477; x_wconf 85' lang='lat' dir='ltr'>omnis</span> <span class='ocrx_word' id='word_1_52' title='bbox 541 456 612 486; x_wconf 79' lang='lat' dir='ltr'>ager</span> <span class='ocrx_word' id='word_1_53' title='bbox 631 446 854 485; x_wconf 79' lang='lat' dir='ltr'>circumjacens</span> <span class='ocrx_word' id='word_1_54' title='bbox 871 445 906 475; x_wconf 88' lang='lat' dir='ltr'>ad</span> <span class='ocrx_word' id='word_1_55' title='bbox 924 445 1059 476; x_wconf 78' lang='lat' dir='ltr'>Ordines</span> 
     </span>
     <span class='ocr_line' id='line_1_9' title="bbox 202 483 1056 527; baseline 0 -11"><span class='ocrx_word' id='word_1_56' title='bbox 202 483 370 523; x_wconf 77' lang='lat' dir='ltr'>Generalcs</span> <span class='ocrx_word' id='word_1_57' title='bbox 389 488 585 527; x_wconf 79' lang='lat' dir='ltr'>pertinebat,</span> <span class='ocrx_word' id='word_1_58' title='bbox 617 495 710 527; x_wconf 85' lang='lat' dir='ltr'>atque</span> <span class='ocrx_word' id='word_1_59' title='bbox 735 487 779 518; x_wconf 86' lang='lat' dir='ltr'>ita</span> <span class='ocrx_word' id='word_1_60' title='bbox 806 487 835 518; x_wconf 67' lang='grc' dir='ltr'>δε</span> <span class='ocrx_word' id='word_1_61' title='bbox 861 486 1056 524; x_wconf 83' lang='lat' dir='ltr'>Feudorurn,</span> 
     </span>
    </p>
   </div>
   <div class='ocr_carea' id='block_1_2' title="bbox 801 576 1153 629">
    <p class='ocr_par' dir='ltr' id='par_1_3' title="bbox 801 576 1153 629">
     <span class='ocr_line' id='line_1_10' title="bbox 801 576 1153 629; baseline -0.006 0"><span class='ocrx_word' id='word_1_62' title='bbox 801 576 1153 629; x_wconf 84' lang='lat' dir='ltr'>CAPUT</span> 
     </span>
    </p>
   </div>
   <div class='ocr_carea' id='block_1_3' title="bbox 1103 117 1706 156">
    <p class='ocr_par' dir='ltr' id='par_1_4' title="bbox 1103 117 1706 156">
     <span class='ocr_line' id='line_1_11' title="bbox 1103 117 1706 156; baseline 0.005 -3"><span class='ocrx_word' id='word_1_63' title='bbox 1103 117 1706 156; x_wconf 80' lang='lat' dir='ltr'>BYNKERSHOEK</span> 
     </span>
    </p>
   </div>
   <div class='ocr_carea' id='block_1_4' title="bbox 1101 198 1997 490">
    <p class='ocr_par' dir='ltr' id='par_1_5' title="bbox 1102 198 1997 322">
     <span class='ocr_line' id='line_1_12' title="bbox 1102 198 1997 243; baseline 0.009 -14"><span class='ocrx_word' id='word_1_64' title='bbox 1102 208 1170 239; x_wconf 77' lang='lat' dir='ltr'>quae</span> <span class='ocrx_word' id='word_1_65' title='bbox 1192 198 1233 230; x_wconf 92' lang='lat' dir='ltr'>ibi</span> <span class='ocrx_word' id='word_1_66' title='bbox 1257 208 1363 237; x_wconf 86' lang='lat' dir='ltr'>erant,</span> <span class='ocrx_word' id='word_1_67' title='bbox 1393 205 1481 230; x_wconf 89' lang='lat' dir='ltr'>erant</span> <span class='ocrx_word' id='word_1_68' title='bbox 1502 208 1628 239; x_wconf 89' lang='lat' dir='ltr'>quoque</span> <span class='ocrx_word' id='word_1_69' title='bbox 1650 199 1804 240; x_wconf 89' lang='lat' dir='ltr'>Domini;</span> <span class='ocrx_word' id='word_1_70' title='bbox 1827 203 1955 239; x_wconf 81' lang='lat' dir='ltr'>vasallus</span> <span class='ocrx_word' id='word_1_71' title='bbox 1995 236 1997 243; x_wconf 31' lang='lat' dir='ltr'><strong><em>s</em></strong></span> 
     </span>
     <span class='ocr_line' id='line_1_13' title="bbox 1102 239 1955 283; baseline 0.006 -13"><span class='ocrx_word' id='word_1_72' title='bbox 1102 248 1204 271; x_wconf 86' lang='lat' dir='ltr'>autem</span> <span class='ocrx_word' id='word_1_73' title='bbox 1222 241 1323 272; x_wconf 60' lang='lat' dir='ltr'>vietus</span> <span class='ocrx_word' id='word_1_74' title='bbox 1341 240 1436 271; x_wconf 89' lang='lat' dir='ltr'>debet</span> <span class='ocrx_word' id='word_1_75' title='bbox 1455 239 1547 272; x_wconf 87' lang='lat' dir='ltr'>fidem</span> <span class='ocrx_word' id='word_1_76' title='bbox 1568 241 1598 272; x_wconf 84' lang='lat'>&amp;</span> <span class='ocrx_word' id='word_1_77' title='bbox 1617 240 1720 273; x_wconf 89' lang='lat' dir='ltr'>officia</span> <span class='ocrx_word' id='word_1_78' title='bbox 1739 242 1849 275; x_wconf 59' lang='lat' dir='ltr'>vietori</span> <span class='ocrx_word' id='word_1_79' title='bbox 1863 267 1874 283; x_wconf 94' lang='lat'>,</span> <span class='ocrx_word' id='word_1_80' title='bbox 1893 255 1955 280; x_wconf 80' lang='lat' dir='ltr'>non</span> 
     </span>
     <span class='ocr_line' id='line_1_14' title="bbox 1102 279 1359 322; baseline 0.008 -11"><span class='ocrx_word' id='word_1_81' title='bbox 1102 279 1239 322; x_wconf 89' lang='lat' dir='ltr'>Principi</span> <span class='ocrx_word' id='word_1_82' title='bbox 1264 282 1359 313; x_wconf 67' lang='lat' dir='ltr'>vieto.</span> 
     </span>
    </p>

    <p class='ocr_par' dir='ltr' id='par_1_6' title="bbox 1101 322 1958 490">
     <span class='ocr_line' id='line_1_15' title="bbox 1146 322 1956 364; baseline 0.009 -10"><span class='ocrx_word' id='word_1_83' title='bbox 1146 322 1255 354; x_wconf 90' lang='lat' dir='ltr'>Minus</span> <span class='ocrx_word' id='word_1_84' title='bbox 1275 323 1470 354; x_wconf 84' lang='lat' dir='ltr'>dubitabitur</span> <span class='ocrx_word' id='word_1_85' title='bbox 1487 346 1496 362; x_wconf 90' lang='lat'><strong>‚</strong></span> <span class='ocrx_word' id='word_1_86' title='bbox 1532 322 1554 354; x_wconf 86' lang='lat' dir='ltr'><strong>fi</strong></span> <span class='ocrx_word' id='word_1_87' title='bbox 1577 332 1636 364; x_wconf 90' lang='lat' dir='ltr'>qua</span> <span class='ocrx_word' id='word_1_88' title='bbox 1654 323 1820 357; x_wconf 88' lang='lat' dir='ltr'>Provincia</span> <span class='ocrx_word' id='word_1_89' title='bbox 1843 327 1956 362; x_wconf 75' lang='lat' dir='ltr'>celsum</span> 
     </span>
     <span class='ocr_line' id='line_1_16' title="bbox 1102 362 1958 407; baseline 0.008 -13"><span class='ocrx_word' id='word_1_90' title='bbox 1102 362 1154 401; x_wconf 83' lang='lat' dir='ltr'>fit,</span> <span class='ocrx_word' id='word_1_91' title='bbox 1169 363 1312 395; x_wconf 85' lang='lat' dir='ltr'>omnibus</span> <span class='ocrx_word' id='word_1_92' title='bbox 1331 364 1396 403; x_wconf 87' lang='lat' dir='ltr'>ejus</span> <span class='ocrx_word' id='word_1_93' title='bbox 1413 364 1552 405; x_wconf 86' lang='lat' dir='ltr'>partibus</span> <span class='ocrx_word' id='word_1_94' title='bbox 1566 364 1681 395; x_wconf 80' lang='lat' dir='ltr'>cess&#39;um</span> <span class='ocrx_word' id='word_1_95' title='bbox 1697 365 1774 404; x_wconf 80' lang='lat' dir='ltr'>effe,</span> <span class='ocrx_word' id='word_1_96' title='bbox 1797 376 1857 407; x_wconf 88' lang='lat' dir='ltr'>qua</span> <span class='ocrx_word' id='word_1_97' title='bbox 1875 369 1914 400; x_wconf 91' lang='lat' dir='ltr'>de</span> <span class='ocrx_word' id='word_1_98' title='bbox 1924 379 1958 401; x_wconf 86' lang='lat' dir='ltr'>re</span> 
     </span>
     <span class='ocr_line' id='line_1_17' title="bbox 1101 403 1957 445; baseline 0.009 -11"><span class='ocrx_word' id='word_1_99' title='bbox 1101 404 1185 434; x_wconf 89' lang='lat' dir='ltr'>circa</span> <span class='ocrx_word' id='word_1_100' title='bbox 1197 403 1303 435; x_wconf 81' lang='lat' dir='ltr'>Twent</span> <span class='ocrx_word' id='word_1_101' title='bbox 1314 427 1325 443; x_wconf 86' lang='lat'>,</span> <span class='ocrx_word' id='word_1_102' title='bbox 1336 414 1423 444; x_wconf 84' lang='lat' dir='ltr'>parte</span> <span class='ocrx_word' id='word_1_103' title='bbox 1436 404 1674 437; x_wconf 76' lang='lat' dir='ltr'>Transistilaniae</span> <span class='ocrx_word' id='word_1_104' title='bbox 1685 430 1693 445; x_wconf 94' lang='lat'>,</span> <span class='ocrx_word' id='word_1_105' title='bbox 1705 415 1793 438; x_wconf 83' lang='lat' dir='ltr'>extat</span> <span class='ocrx_word' id='word_1_106' title='bbox 1804 408 1957 442; x_wconf 89' lang='lat' dir='ltr'>Ordinum</span> 
     </span>
     <span class='ocr_line' id='line_1_18' title="bbox 1102 442 1864 490; baseline 0.007 -14"><span class='ocrx_word' id='word_1_107' title='bbox 1102 442 1304 478; x_wconf 84' lang='lat' dir='ltr'>Generalium</span> <span class='ocrx_word' id='word_1_108' title='bbox 1320 446 1466 478; x_wconf 68' lang='lat' dir='ltr'>Edictum</span> <span class='ocrx_word' id='word_1_109' title='bbox 1485 456 1540 478; x_wconf 84' lang='lat'>22.</span> <span class='ocrx_word' id='word_1_110' title='bbox 1557 445 1638 478; x_wconf 90' lang='lat' dir='ltr'>Dec.</span> <span class='ocrx_word' id='word_1_111' title='bbox 1662 451 1751 480; x_wconf 82' lang='lat'>1610.</span> <span class='ocrx_word' id='word_1_112' title='bbox 1777 447 1864 490; x_wconf 87' lang='lat'>(6).</span> 
     </span>
    </p>
   </div>
   <div class='ocr_carea' id='block_1_5' title="bbox 1247 594 1357 630">
    <p class='ocr_par' dir='ltr' id='par_1_7' title="bbox 1247 594 1423 633">
     <span class='ocr_line' id='line_1_19' title="bbox 1247 594 1357 630; baseline 0.023 0"><span class='ocrx_word' id='word_1_113' title='bbox 1247 594 1357 630; x_wconf 92' lang='lat' dir='ltr'>V11.</span> 
     </span>
    </p>
   </div>
   <div class='ocr_carea' id='block_1_6' title="bbox 251 678 1913 731">
    <p class='ocr_par' dir='ltr' id='par_1_8' title="bbox 251 678 1913 731">
     <span class='ocr_line' id='line_1_20' title="bbox 251 678 1913 731; baseline 0.005 -18"><span class='ocrx_word' id='word_1_114' title='bbox 251 678 398 725; x_wconf 75' lang='lat' dir='ltr'>Hostium</span> <span class='ocrx_word' id='word_1_115' title='bbox 422 679 560 714; x_wconf 61' lang='lat' dir='ltr'>abliones</span> <span class='ocrx_word' id='word_1_116' title='bbox 579 678 619 720; x_wconf 56' lang='grc' dir='ltr'>ἐξ</span> <span class='ocrx_word' id='word_1_117' title='bbox 638 680 781 724; x_wconf 81' lang='lat' dir='ltr'>credita,</span> <span class='ocrx_word' id='word_1_118' title='bbox 809 693 875 727; x_wconf 82' lang='lat' dir='ltr'>quae</span> <span class='ocrx_word' id='word_1_119' title='bbox 891 682 975 728; x_wconf 80' lang='lat' dir='ltr'>apud</span> <span class='ocrx_word' id='word_1_120' title='bbox 994 692 1048 716; x_wconf 88' lang='lat' dir='ltr'>nos</span> <span class='ocrx_word' id='word_1_121' title='bbox 1070 681 1298 725; x_wconf 76' lang='lat' dir='ltr'>inveniuntur,</span> <span class='ocrx_word' id='word_1_122' title='bbox 1322 693 1363 717; x_wconf 84' lang='lat' dir='ltr'>an</span> <span class='ocrx_word' id='word_1_123' title='bbox 1379 689 1486 718; x_wconf 81' lang='lat' dir='ltr'>exorto</span> <span class='ocrx_word' id='word_1_124' title='bbox 1502 683 1579 718; x_wconf 83' lang='lat' dir='ltr'>bello</span> <span class='ocrx_word' id='word_1_125' title='bbox 1593 684 1673 719; x_wconf 56' lang='lat' dir='ltr'>recle</span> <span class='ocrx_word' id='word_1_126' title='bbox 1686 685 1913 731; x_wconf 72' lang='lat' dir='ltr'>publicentur?</span> 
     </span>
    </p>
   </div>
   <div class='ocr_carea' id='block_1_7' title="bbox 202 775 1069 2871">
    <p class='ocr_par' dir='ltr' id='par_1_9' title="bbox 202 775 1069 2871">
     <span class='ocr_line' id='line_1_21' title="bbox 268 775 1058 818; baseline 0.005 -12"><span class='ocrx_word' id='word_1_127' title='bbox 268 776 276 806; x_wconf 94' lang='lat' dir='ltr'>i</span> <span class='ocrx_word' id='word_1_128' title='bbox 298 775 388 807; x_wconf 67' lang='lat' dir='ltr'>Paua</span> <span class='ocrx_word' id='word_1_129' title='bbox 415 776 496 808; x_wconf 86' lang='lat' dir='ltr'>inter</span> <span class='ocrx_word' id='word_1_130' title='bbox 524 776 684 818; x_wconf 78' lang='lat' dir='ltr'>Principes</span> <span class='ocrx_word' id='word_1_131' title='bbox 709 778 904 810; x_wconf 79' lang='lat' dir='ltr'>intercedant</span> <span class='ocrx_word' id='word_1_132' title='bbox 929 779 968 810; x_wconf 89' lang='lat' dir='ltr'>de</span> <span class='ocrx_word' id='word_1_133' title='bbox 990 777 1058 810; x_wconf 91' lang='lat' dir='ltr'>sub-</span> 
     </span>
     <span class='ocr_line' id='line_1_22' title="bbox 280 817 1061 860; baseline 0.004 -13"><span class='ocrx_word' id='word_1_134' title='bbox 280 817 426 849; x_wconf 72' lang='lat' dir='ltr'>ducendis</span> <span class='ocrx_word' id='word_1_135' title='bbox 448 818 527 849; x_wconf 87' lang='lat' dir='ltr'>intra</span> <span class='ocrx_word' id='word_1_136' title='bbox 545 826 668 850; x_wconf 87' lang='lat' dir='ltr'>certum</span> <span class='ocrx_word' id='word_1_137' title='bbox 690 827 812 860; x_wconf 89' lang='lat' dir='ltr'>tempus</span> <span class='ocrx_word' id='word_1_138' title='bbox 832 820 922 851; x_wconf 88' lang='lat' dir='ltr'>bonis</span> <span class='ocrx_word' id='word_1_139' title='bbox 936 843 946 859; x_wconf 90' lang='lat'>,</span> <span class='ocrx_word' id='word_1_140' title='bbox 970 819 1061 860; x_wconf 83' lang='lat' dir='ltr'>siqui-</span> 
     </span>
     <span class='ocr_line' id='line_1_23' title="bbox 202 858 1059 902; baseline 0.001 -12"><span class='ocrx_word' id='word_1_141' title='bbox 202 860 274 890; x_wconf 83' lang='lat' dir='ltr'>dem</span> <span class='ocrx_word' id='word_1_142' title='bbox 297 858 415 889; x_wconf 88' lang='lat' dir='ltr'>bellum</span> <span class='ocrx_word' id='word_1_143' title='bbox 439 859 608 898; x_wconf 74' lang='lat' dir='ltr'>exardeat,</span> <span class='ocrx_word' id='word_1_144' title='bbox 632 861 890 900; x_wconf 79' lang='lat' dir='ltr'>quemadmodum</span> <span class='ocrx_word' id='word_1_145' title='bbox 918 862 1006 902; x_wconf 86' lang='lat' dir='ltr'>plura</span> <span class='ocrx_word' id='word_1_146' title='bbox 1030 870 1059 891; x_wconf 91' lang='lat' dir='ltr'>e-</span> 
     </span>
     <span class='ocr_line' id='line_1_24' title="bbox 202 899 1060 943; baseline 0.003 -13"><span class='ocrx_word' id='word_1_147' title='bbox 202 899 339 941; x_wconf 80' lang='lat' dir='ltr'>jusmodi</span> <span class='ocrx_word' id='word_1_148' title='bbox 360 900 447 940; x_wconf 68' lang='lat' dir='ltr'>paCta</span> <span class='ocrx_word' id='word_1_149' title='bbox 466 902 711 932; x_wconf 89' lang='lat' dir='ltr'>commemoravi</span> <span class='ocrx_word' id='word_1_150' title='bbox 729 901 818 943; x_wconf 91' lang='lat' dir='ltr'>supra</span> <span class='ocrx_word' id='word_1_151' title='bbox 839 903 870 933; x_wconf 91' lang='lat' dir='ltr'>C.</span> <span class='ocrx_word' id='word_1_152' title='bbox 899 912 928 934; x_wconf 85' lang='grc'>2.</span> <span class='ocrx_word' id='word_1_153' title='bbox 951 911 1060 933; x_wconf 81' lang='lat' dir='ltr'>verum</span> 
     </span>
     <span class='ocr_line' id='line_1_25' title="bbox 204 941 1063 984; baseline 0.001 -12"><span class='ocrx_word' id='word_1_154' title='bbox 204 941 269 979; x_wconf 82' lang='lat' dir='ltr'>est,</span> <span class='ocrx_word' id='word_1_155' title='bbox 294 948 329 971; x_wconf 91' lang='lat' dir='ltr'>ut</span> <span class='ocrx_word' id='word_1_156' title='bbox 348 941 466 981; x_wconf 84' lang='lat' dir='ltr'>reliqua</span> <span class='ocrx_word' id='word_1_157' title='bbox 484 942 589 979; x_wconf 84' lang='lat' dir='ltr'>bona,</span> <span class='ocrx_word' id='word_1_158' title='bbox 611 941 652 974; x_wconf 87' lang='lat' dir='ltr'>fic</span> <span class='ocrx_word' id='word_1_159' title='bbox 673 943 703 975; x_wconf 85' lang='lat'>&amp;</span> <span class='ocrx_word' id='word_1_160' title='bbox 723 944 859 975; x_wconf 63' lang='lat' dir='ltr'>actiones</span> <span class='ocrx_word' id='word_1_161' title='bbox 883 943 1063 984; x_wconf 81' lang='lat' dir='ltr'>creditaque</span> 
     </span>
     <span class='ocr_line' id='line_1_26' title="bbox 202 981 1062 1023; baseline 0.001 -9"><span class='ocrx_word' id='word_1_162' title='bbox 202 981 332 1014; x_wconf 85' lang='lat' dir='ltr'>subduci</span> <span class='ocrx_word' id='word_1_163' title='bbox 354 982 448 1022; x_wconf 85' lang='lat' dir='ltr'>poffe.</span> <span class='ocrx_word' id='word_1_164' title='bbox 494 983 547 1014; x_wconf 91' lang='lat' dir='ltr'>Sin</span> <span class='ocrx_word' id='word_1_165' title='bbox 567 991 669 1014; x_wconf 88' lang='lat' dir='ltr'>autem</span> <span class='ocrx_word' id='word_1_166' title='bbox 691 993 754 1016; x_wconf 90' lang='lat' dir='ltr'>non</span> <span class='ocrx_word' id='word_1_167' title='bbox 774 985 988 1023; x_wconf 85' lang='lat' dir='ltr'>intercedant,</span> <span class='ocrx_word' id='word_1_168' title='bbox 1010 983 1062 1015; x_wconf 87' lang='lat' dir='ltr'>vel</span> 
     </span>
     <span class='ocr_line' id='line_1_27' title="bbox 203 1022 1063 1065; baseline 0.002 -10"><span class='ocrx_word' id='word_1_169' title='bbox 203 1023 288 1055; x_wconf 85' lang='lat' dir='ltr'>intra</span> <span class='ocrx_word' id='word_1_170' title='bbox 307 1022 514 1055; x_wconf 88' lang='lat' dir='ltr'>constitutum</span> <span class='ocrx_word' id='word_1_171' title='bbox 541 1031 662 1065; x_wconf 83' lang='lat' dir='ltr'>tempus</span> <span class='ocrx_word' id='word_1_172' title='bbox 688 1025 770 1057; x_wconf 89' lang='lat' dir='ltr'>bona</span> <span class='ocrx_word' id='word_1_173' title='bbox 796 1025 825 1057; x_wconf 65' lang='grc' dir='ltr'>ὅ(</span> <span class='ocrx_word' id='word_1_174' title='bbox 843 1025 980 1057; x_wconf 69' lang='lat' dir='ltr'>astiones</span> <span class='ocrx_word' id='word_1_175' title='bbox 1000 1034 1063 1057; x_wconf 90' lang='lat' dir='ltr'>non</span> 
     </span>
     <span class='ocr_line' id='line_1_28' title="bbox 204 1063 1060 1106; baseline 0.004 -11"><span class='ocrx_word' id='word_1_176' title='bbox 204 1063 438 1102; x_wconf 80' lang='lat' dir='ltr'>subducantur,</span> <span class='ocrx_word' id='word_1_177' title='bbox 457 1064 646 1104; x_wconf 66' lang='lat' dir='ltr'>quaesstnm,</span> <span class='ocrx_word' id='word_1_178' title='bbox 670 1066 743 1106; x_wconf 89' lang='lat' dir='ltr'>quid</span> <span class='ocrx_word' id='word_1_179' title='bbox 773 1066 876 1106; x_wconf 73' lang='lat' dir='ltr'>juris?</span> <span class='ocrx_word' id='word_1_180' title='bbox 899 1067 942 1098; x_wconf 88' lang='lat' dir='ltr'>Et</span> <span class='ocrx_word' id='word_1_181' title='bbox 971 1065 1060 1104; x_wconf 85' lang='lat' dir='ltr'>sane,</span> 
     </span>
     <span class='ocr_line' id='line_1_29' title="bbox 203 1104 1062 1145; baseline 0.005 -10"><span class='ocrx_word' id='word_1_182' title='bbox 203 1114 279 1136; x_wconf 88' lang='lat' dir='ltr'>cum</span> <span class='ocrx_word' id='word_1_183' title='bbox 305 1114 339 1136; x_wconf 92' lang='lat' dir='ltr'>ea</span> <span class='ocrx_word' id='word_1_184' title='bbox 365 1104 401 1136; x_wconf 83' lang='lat' dir='ltr'>fit</span> <span class='ocrx_word' id='word_1_185' title='bbox 426 1105 502 1137; x_wconf 88' lang='lat' dir='ltr'>belli</span> <span class='ocrx_word' id='word_1_186' title='bbox 521 1106 686 1145; x_wconf 90' lang='lat' dir='ltr'>conditio,</span> <span class='ocrx_word' id='word_1_187' title='bbox 711 1115 745 1138; x_wconf 91' lang='lat' dir='ltr'>ut</span> <span class='ocrx_word' id='word_1_188' title='bbox 763 1107 865 1139; x_wconf 89' lang='lat' dir='ltr'>hostes</span> <span class='ocrx_word' id='word_1_189' title='bbox 887 1107 946 1139; x_wconf 79' lang='lat' dir='ltr'>fint</span> <span class='ocrx_word' id='word_1_190' title='bbox 975 1117 1062 1139; x_wconf 84' lang='lat' dir='ltr'>omni</span> 
     </span>
     <span class='ocr_line' id='line_1_30' title="bbox 205 1145 1061 1190; baseline 0.005 -14"><span class='ocrx_word' id='word_1_191' title='bbox 205 1146 272 1186; x_wconf 82' lang='lat' dir='ltr'>jure</span> <span class='ocrx_word' id='word_1_192' title='bbox 300 1145 424 1186; x_wconf 87' lang='lat' dir='ltr'>spoliati</span> <span class='ocrx_word' id='word_1_193' title='bbox 451 1146 702 1189; x_wconf 82' lang='lat' dir='ltr'>proscriptique,</span> <span class='ocrx_word' id='word_1_194' title='bbox 727 1149 857 1180; x_wconf 88' lang='lat' dir='ltr'>rationis</span> <span class='ocrx_word' id='word_1_195' title='bbox 882 1148 947 1188; x_wconf 90' lang='lat' dir='ltr'>est,</span> <span class='ocrx_word' id='word_1_196' title='bbox 972 1158 1061 1190; x_wconf 88' lang='lat' dir='ltr'>quas-</span> 
     </span>
     <span class='ocr_line' id='line_1_31' title="bbox 203 1187 1064 1230; baseline 0.003 -13"><span class='ocrx_word' id='word_1_197' title='bbox 203 1196 329 1228; x_wconf 87' lang='lat' dir='ltr'>cunque</span> <span class='ocrx_word' id='word_1_198' title='bbox 346 1196 393 1218; x_wconf 90' lang='lat' dir='ltr'>res</span> <span class='ocrx_word' id='word_1_199' title='bbox 413 1187 547 1218; x_wconf 88' lang='lat' dir='ltr'>hostium</span> <span class='ocrx_word' id='word_1_200' title='bbox 559 1212 568 1225; x_wconf 91' lang='lat'>‚</span> <span class='ocrx_word' id='word_1_201' title='bbox 594 1190 674 1230; x_wconf 90' lang='lat' dir='ltr'>apud</span> <span class='ocrx_word' id='word_1_202' title='bbox 704 1189 805 1222; x_wconf 85' lang='lat' dir='ltr'>hostes</span> <span class='ocrx_word' id='word_1_203' title='bbox 823 1191 987 1228; x_wconf 86' lang='lat' dir='ltr'>inventas,</span> <span class='ocrx_word' id='word_1_204' title='bbox 1010 1190 1064 1220; x_wconf 89' lang='lat' dir='ltr'>do-</span> 
     </span>
     <span class='ocr_line' id='line_1_32' title="bbox 203 1228 1065 1271; baseline 0.001 -11"><span class='ocrx_word' id='word_1_205' title='bbox 203 1228 324 1260; x_wconf 86' lang='lat' dir='ltr'>minum</span> <span class='ocrx_word' id='word_1_206' title='bbox 344 1235 466 1259; x_wconf 81' lang='lat' dir='ltr'>mutare</span> <span class='ocrx_word' id='word_1_207' title='bbox 488 1229 517 1260; x_wconf 71' lang='grc' dir='ltr'>ἃ</span> <span class='ocrx_word' id='word_1_208' title='bbox 537 1228 562 1259; x_wconf 81' lang='lat' dir='ltr'>F</span> <span class='ocrx_word' id='word_1_209' title='bbox 565 1228 630 1261; x_wconf 93' lang='lat' dir='ltr'>isco</span> <span class='ocrx_word' id='word_1_210' title='bbox 648 1230 767 1262; x_wconf 86' lang='lat' dir='ltr'>cedere.</span> <span class='ocrx_word' id='word_1_211' title='bbox 811 1232 901 1263; x_wconf 84' lang='lat' dir='ltr'>Solet</span> <span class='ocrx_word' id='word_1_212' title='bbox 916 1240 1065 1271; x_wconf 79' lang='lat' dir='ltr'>praeterea</span> 
     </span>
     <span class='ocr_line' id='line_1_33' title="bbox 205 1268 1065 1310; baseline 0.002 -10"><span class='ocrx_word' id='word_1_213' title='bbox 205 1269 239 1301; x_wconf 85' lang='lat' dir='ltr'>in</span> <span class='ocrx_word' id='word_1_214' title='bbox 270 1268 398 1310; x_wconf 79' lang='lat' dir='ltr'>lingulis</span> <span class='ocrx_word' id='word_1_215' title='bbox 430 1268 498 1300; x_wconf 89' lang='lat' dir='ltr'>fere</span> <span class='ocrx_word' id='word_1_216' title='bbox 523 1269 598 1301; x_wconf 87' lang='lat' dir='ltr'>belli</span> <span class='ocrx_word' id='word_1_217' title='bbox 630 1271 853 1303; x_wconf 59' lang='lat' dir='ltr'>indictionibus</span> <span class='ocrx_word' id='word_1_218' title='bbox 884 1271 1065 1309; x_wconf 88' lang='lat' dir='ltr'>constitui,</span> 
     </span>
     <span class='ocr_line' id='line_1_34' title="bbox 205 1309 1065 1353; baseline 0.003 -13"><span class='ocrx_word' id='word_1_219' title='bbox 205 1316 242 1341; x_wconf 84' lang='lat' dir='ltr'>ut</span> <span class='ocrx_word' id='word_1_220' title='bbox 261 1309 342 1341; x_wconf 87' lang='lat' dir='ltr'>bona</span> <span class='ocrx_word' id='word_1_221' title='bbox 362 1309 515 1347; x_wconf 82' lang='lat' dir='ltr'>hostium,</span> <span class='ocrx_word' id='word_1_222' title='bbox 543 1319 605 1341; x_wconf 90' lang='lat' dir='ltr'>tam</span> <span class='ocrx_word' id='word_1_223' title='bbox 629 1312 709 1352; x_wconf 85' lang='lat' dir='ltr'>apud</span> <span class='ocrx_word' id='word_1_224' title='bbox 730 1322 788 1343; x_wconf 88' lang='lat' dir='ltr'>nos</span> <span class='ocrx_word' id='word_1_225' title='bbox 808 1320 950 1353; x_wconf 85' lang='lat' dir='ltr'>reperta,</span> <span class='ocrx_word' id='word_1_226' title='bbox 974 1322 1065 1353; x_wconf 86' lang='lat' dir='ltr'>quam</span> 
     </span>
     <span class='ocr_line' id='line_1_35' title="bbox 204 1350 1065 1395; baseline 0.005 -14"><span class='ocrx_word' id='word_1_227' title='bbox 204 1360 296 1392; x_wconf 84' lang='lat' dir='ltr'>capta</span> <span class='ocrx_word' id='word_1_228' title='bbox 314 1350 421 1388; x_wconf 90' lang='lat' dir='ltr'>bello,</span> <span class='ocrx_word' id='word_1_229' title='bbox 445 1350 654 1391; x_wconf 84' lang='lat' dir='ltr'>publicentur.</span> <span class='ocrx_word' id='word_1_230' title='bbox 680 1352 813 1384; x_wconf 86' lang='lat' dir='ltr'>Exstant</span> <span class='ocrx_word' id='word_1_231' title='bbox 831 1354 1017 1395; x_wconf 89' lang='lat' dir='ltr'>quandoque</span> <span class='ocrx_word' id='word_1_232' title='bbox 1036 1354 1065 1385; x_wconf 89' lang='lat'>&amp;</span> 
     </span>
     <span class='ocr_line' id='line_1_36' title="bbox 204 1391 1064 1433; baseline 0.002 -9"><span class='ocrx_word' id='word_1_233' title='bbox 204 1391 344 1433; x_wconf 81' lang='lat' dir='ltr'>separata</span> <span class='ocrx_word' id='word_1_234' title='bbox 364 1392 395 1423; x_wconf 92' lang='lat' dir='ltr'>in</span> <span class='ocrx_word' id='word_1_235' title='bbox 423 1400 490 1423; x_wconf 85' lang='lat' dir='ltr'>eam</span> <span class='ocrx_word' id='word_1_236' title='bbox 515 1401 581 1423; x_wconf 90' lang='lat' dir='ltr'>rem</span> <span class='ocrx_word' id='word_1_237' title='bbox 602 1392 729 1433; x_wconf 65' lang='lat' dir='ltr'>Edicta,</span> <span class='ocrx_word' id='word_1_238' title='bbox 754 1394 816 1426; x_wconf 83' lang='lat' dir='ltr'>five</span> <span class='ocrx_word' id='word_1_239' title='bbox 840 1395 970 1426; x_wconf 69' lang='lat' dir='ltr'>indistio</span> <span class='ocrx_word' id='word_1_240' title='bbox 990 1395 1064 1426; x_wconf 89' lang='lat' dir='ltr'>belli</span> 
     </span>
     <span class='ocr_line' id='line_1_37' title="bbox 230 1432 1065 1478; baseline 0.006 -15"><span class='ocrx_word' id='word_1_241' title='bbox 230 1432 397 1464; x_wconf 77' lang='lat' dir='ltr'>raecess&#39;erit</span> <span class='ocrx_word' id='word_1_242' title='bbox 419 1455 429 1470; x_wconf 94' lang='lat'>,</span> <span class='ocrx_word' id='word_1_243' title='bbox 461 1432 524 1464; x_wconf 84' lang='lat' dir='ltr'>sive</span> <span class='ocrx_word' id='word_1_244' title='bbox 555 1442 618 1465; x_wconf 88' lang='lat' dir='ltr'>non</span> <span class='ocrx_word' id='word_1_245' title='bbox 655 1435 854 1475; x_wconf 60' lang='lat' dir='ltr'>praecellerit.</span> <span class='ocrx_word' id='word_1_246' title='bbox 909 1437 1065 1478; x_wconf 80' lang='lat' dir='ltr'>Orangius</span> 
     </span>
     <span class='ocr_line' id='line_1_38' title="bbox 205 1442 1065 1519; baseline 0.002 -13"><span class='ocrx_word' id='word_1_247' title='bbox 205 1442 348 1514; x_wconf 51' lang='lat' dir='ltr'>gynasta</span> <span class='ocrx_word' id='word_1_248' title='bbox 377 1482 427 1513; x_wconf 81' lang='lat'>25.</span> <span class='ocrx_word' id='word_1_249' title='bbox 462 1473 541 1513; x_wconf 80' lang='lat' dir='ltr'>Aug.</span> <span class='ocrx_word' id='word_1_250' title='bbox 578 1484 667 1515; x_wconf 83' lang='lat'>1572.</span> <span class='ocrx_word' id='word_1_251' title='bbox 699 1476 839 1516; x_wconf 66' lang='lat' dir='ltr'>formae,</span> <span class='ocrx_word' id='word_1_252' title='bbox 869 1487 959 1519; x_wconf 89' lang='lat' dir='ltr'>quam</span> <span class='ocrx_word' id='word_1_253' title='bbox 989 1485 1065 1508; x_wconf 90' lang='lat' dir='ltr'>tunc</span> 
     </span>
     <span class='ocr_line' id='line_1_39' title="bbox 206 1514 1062 1560; baseline 0.006 -15"><span class='ocrx_word' id='word_1_254' title='bbox 206 1514 306 1546; x_wconf 82' lang='lat' dir='ltr'>edidit</span> <span class='ocrx_word' id='word_1_255' title='bbox 331 1514 369 1545; x_wconf 89' lang='lat' dir='ltr'>de</span> <span class='ocrx_word' id='word_1_256' title='bbox 396 1515 546 1556; x_wconf 87' lang='lat' dir='ltr'>regimine</span> <span class='ocrx_word' id='word_1_257' title='bbox 572 1515 751 1549; x_wconf 84' lang='lat' dir='ltr'>Hollandiae</span> <span class='ocrx_word' id='word_1_258' title='bbox 776 1517 852 1560; x_wconf 87' lang='grc'>(1)</span> <span class='ocrx_word' id='word_1_259' title='bbox 871 1542 880 1555; x_wconf 85' lang='grc'>,</span> <span class='ocrx_word' id='word_1_260' title='bbox 916 1518 1062 1550; x_wconf 85' lang='lat' dir='ltr'>inseruit:</span> 
     </span>
     <span class='ocr_line' id='line_1_40' title="bbox 205 1557 1063 1600; baseline 0.003 -12"><span class='ocrx_word' id='word_1_261' title='bbox 205 1558 258 1588; x_wconf 67' lang='lat' dir='ltr'>dat</span> <span class='ocrx_word' id='word_1_262' title='bbox 275 1557 308 1587; x_wconf 80' lang='lat' dir='ltr'>de</span> <span class='ocrx_word' id='word_1_263' title='bbox 331 1558 472 1598; x_wconf 74' lang='lat' dir='ltr'>goederen</span> <span class='ocrx_word' id='word_1_264' title='bbox 499 1566 560 1588; x_wconf 84' lang='lat' dir='ltr'>van</span> <span class='ocrx_word' id='word_1_265' title='bbox 580 1558 625 1588; x_wconf 82' lang='lat' dir='ltr'>die</span> <span class='ocrx_word' id='word_1_266' title='bbox 651 1568 725 1600; x_wconf 79' lang='lat' dir='ltr'>gene</span> <span class='ocrx_word' id='word_1_267' title='bbox 739 1581 749 1597; x_wconf 96' lang='lat'>,</span> <span class='ocrx_word' id='word_1_268' title='bbox 772 1560 818 1590; x_wconf 75' lang='lat' dir='ltr'>die</span> <span class='ocrx_word' id='word_1_269' title='bbox 836 1561 892 1591; x_wconf 83' lang='lat' dir='ltr'>hen</span> <span class='ocrx_word' id='word_1_270' title='bbox 909 1562 1063 1600; x_wconf 80' lang='lat' dir='ltr'>openlmar-</span> 
     </span>
     <span class='ocr_line' id='line_1_41' title="bbox 207 1598 1064 1643; baseline 0.005 -14"><span class='ocrx_word' id='word_1_271' title='bbox 207 1598 257 1639; x_wconf 59' lang='lat' dir='ltr'>lyk</span> <span class='ocrx_word' id='word_1_272' title='bbox 275 1607 343 1628; x_wconf 84' lang='lat' dir='ltr'>voor</span> <span class='ocrx_word' id='word_1_273' title='bbox 360 1599 495 1638; x_wconf 63' lang='lat' dir='ltr'>vymzden</span> <span class='ocrx_word' id='word_1_274' title='bbox 512 1600 644 1641; x_wconf 67' lang='lat' dir='ltr'>cli-agen,</span> <span class='ocrx_word' id='word_1_275' title='bbox 656 1598 775 1641; x_wconf 80' lang='lat' dir='ltr'>terstom</span> <span class='ocrx_word' id='word_1_276' title='bbox 793 1602 828 1642; x_wconf 76' lang='lat' dir='ltr'>by</span> <span class='ocrx_word' id='word_1_277' title='bbox 846 1603 879 1632; x_wconf 81' lang='lat' dir='ltr'>cle</span> <span class='ocrx_word' id='word_1_278' title='bbox 898 1599 1064 1643; x_wconf 63' lang='lat' dir='ltr'>Magistra-</span> 
     </span>
     <span class='ocr_line' id='line_1_42' title="bbox 206 1640 1061 1685; baseline 0.005 -16"><span class='ocrx_word' id='word_1_279' title='bbox 206 1645 277 1678; x_wconf 76' lang='lat' dir='ltr'>ten,</span> <span class='ocrx_word' id='word_1_280' title='bbox 302 1648 389 1670; x_wconf 64' lang='lat' dir='ltr'>waar</span> <span class='ocrx_word' id='word_1_281' title='bbox 410 1640 497 1670; x_wconf 74' lang='lat' dir='ltr'>omler</span> <span class='ocrx_word' id='word_1_282' title='bbox 514 1641 559 1671; x_wconf 71' lang='lat' dir='ltr'>die</span> <span class='ocrx_word' id='word_1_283' title='bbox 576 1640 787 1683; x_wconf 76' lang='lat' dir='ltr'>gelegensyn,</span> <span class='ocrx_word' id='word_1_284' title='bbox 809 1642 1061 1685; x_wconf 70' lang='lat' dir='ltr'>geanizoteertsitl-</span> 
     </span>
     <span class='ocr_line' id='line_1_43' title="bbox 208 1681 1063 1726; baseline 0.002 -14"><span class='ocrx_word' id='word_1_285' title='bbox 208 1681 256 1712; x_wconf 73' lang='lat' dir='ltr'>len</span> <span class='ocrx_word' id='word_1_286' title='bbox 271 1682 413 1719; x_wconf 78' lang='lat' dir='ltr'>werden,</span> <span class='ocrx_word' id='word_1_287' title='bbox 436 1691 471 1711; x_wconf 79' lang='lat' dir='ltr'>en</span> <span class='ocrx_word' id='word_1_288' title='bbox 497 1683 542 1712; x_wconf 75' lang='lat' dir='ltr'>die</span> <span class='ocrx_word' id='word_1_289' title='bbox 566 1689 692 1724; x_wconf 69' lang='lat' dir='ltr'>vrugcen</span> <span class='ocrx_word' id='word_1_290' title='bbox 711 1683 876 1726; x_wconf 70' lang='lat' dir='ltr'>outfangen</span> <span class='ocrx_word' id='word_1_291' title='bbox 901 1690 941 1715; x_wconf 75' lang='lat' dir='ltr'>tot</span> <span class='ocrx_word' id='word_1_292' title='bbox 964 1685 1063 1716; x_wconf 72' lang='lat' dir='ltr'>vorde-</span> 
     </span>
     <span class='ocr_line' id='line_1_44' title="bbox 205 1722 1065 1764; baseline 0.003 -11"><span class='ocrx_word' id='word_1_293' title='bbox 205 1723 277 1763; x_wconf 82' lang='lat' dir='ltr'>ring</span> <span class='ocrx_word' id='word_1_294' title='bbox 294 1732 355 1752; x_wconf 80' lang='lat' dir='ltr'>van</span> <span class='ocrx_word' id='word_1_295' title='bbox 371 1722 405 1753; x_wconf 80' lang='lat' dir='ltr'>de</span> <span class='ocrx_word' id='word_1_296' title='bbox 422 1732 555 1764; x_wconf 77' lang='lat' dir='ltr'>gemeene</span> <span class='ocrx_word' id='word_1_297' title='bbox 564 1723 653 1763; x_wconf 75' lang='lat' dir='ltr'>saak.</span> <span class='ocrx_word' id='word_1_298' title='bbox 697 1723 749 1756; x_wconf 91' lang='lat' dir='ltr'>De</span> <span class='ocrx_word' id='word_1_299' title='bbox 767 1725 981 1757; x_wconf 78' lang='lat' dir='ltr'>immobilibus</span> <span class='ocrx_word' id='word_1_300' title='bbox 997 1725 1065 1756; x_wconf 76' lang='lat' dir='ltr'>liaec</span> 
     </span>
     <span class='ocr_line' id='line_1_45' title="bbox 206 1763 1065 1804; baseline 0.005 -11"><span class='ocrx_word' id='word_1_301' title='bbox 206 1763 374 1803; x_wconf 85' lang='lat' dir='ltr'>intelligO,</span> <span class='ocrx_word' id='word_1_302' title='bbox 398 1773 467 1804; x_wconf 82' lang='lat' dir='ltr'>quae</span> <span class='ocrx_word' id='word_1_303' title='bbox 493 1765 590 1795; x_wconf 91' lang='lat' dir='ltr'>moris</span> <span class='ocrx_word' id='word_1_304' title='bbox 617 1764 662 1796; x_wconf 88' lang='lat' dir='ltr'>est</span> <span class='ocrx_word' id='word_1_305' title='bbox 694 1767 864 1803; x_wconf 81' lang='lat' dir='ltr'>annotari,</span> <span class='ocrx_word' id='word_1_306' title='bbox 897 1774 931 1798; x_wconf 89' lang='lat' dir='ltr'>ut</span> <span class='ocrx_word' id='word_1_307' title='bbox 957 1776 1065 1801; x_wconf 90' lang='lat' dir='ltr'>eorum</span> 
     </span>
     <span class='ocr_line' id='line_1_46' title="bbox 206 1802 1065 1848; baseline 0.005 -14"><span class='ocrx_word' id='word_1_308' title='bbox 206 1802 328 1835; x_wconf 58' lang='lat' dir='ltr'>fruetus</span> <span class='ocrx_word' id='word_1_309' title='bbox 341 1827 349 1841; x_wconf 98' lang='lat'>‚</span> <span class='ocrx_word' id='word_1_310' title='bbox 376 1811 518 1844; x_wconf 86' lang='lat' dir='ltr'>tempore</span> <span class='ocrx_word' id='word_1_311' title='bbox 539 1804 613 1837; x_wconf 90' lang='lat' dir='ltr'>belli</span> <span class='ocrx_word' id='word_1_312' title='bbox 628 1829 636 1844; x_wconf 87' lang='lat'>,</span> <span class='ocrx_word' id='word_1_313' title='bbox 661 1806 772 1838; x_wconf 84' lang='lat' dir='ltr'>cedant</span> <span class='ocrx_word' id='word_1_314' title='bbox 789 1808 929 1848; x_wconf 89' lang='lat' dir='ltr'>publico.</span> <span class='ocrx_word' id='word_1_315' title='bbox 954 1808 985 1840; x_wconf 86' lang='lat' dir='ltr'>Si</span> <span class='ocrx_word' id='word_1_316' title='bbox 1003 1817 1065 1839; x_wconf 88' lang='lat' dir='ltr'>me-</span> 
     </span>
     <span class='ocr_line' id='line_1_47' title="bbox 206 1844 1064 1890; baseline 0.007 -15"><span class='ocrx_word' id='word_1_317' title='bbox 206 1854 276 1876; x_wconf 85' lang='lat' dir='ltr'>rum</span> <span class='ocrx_word' id='word_1_318' title='bbox 295 1845 343 1885; x_wconf 86' lang='lat' dir='ltr'>jus</span> <span class='ocrx_word' id='word_1_319' title='bbox 360 1844 436 1877; x_wconf 89' lang='lat' dir='ltr'>belli</span> <span class='ocrx_word' id='word_1_320' title='bbox 465 1845 648 1886; x_wconf 81' lang='lat' dir='ltr'>sequamur,</span> <span class='ocrx_word' id='word_1_321' title='bbox 672 1848 766 1879; x_wconf 86' lang='lat' dir='ltr'>ctiam</span> <span class='ocrx_word' id='word_1_322' title='bbox 794 1849 967 1880; x_wconf 83' lang='lat' dir='ltr'>immobilia</span> <span class='ocrx_word' id='word_1_323' title='bbox 993 1858 1064 1890; x_wconf 89' lang='lat' dir='ltr'>pos-</span> 
     </span>
     <span class='ocr_line' id='line_1_48' title="bbox 207 1885 1063 1929; baseline 0.004 -12"><span class='ocrx_word' id='word_1_324' title='bbox 207 1885 277 1917; x_wconf 84' lang='lat' dir='ltr'>sent</span> <span class='ocrx_word' id='word_1_325' title='bbox 297 1886 413 1924; x_wconf 86' lang='lat' dir='ltr'>vendi,</span> <span class='ocrx_word' id='word_1_326' title='bbox 437 1887 467 1918; x_wconf 87' lang='lat'>&amp;</span> <span class='ocrx_word' id='word_1_327' title='bbox 489 1896 599 1919; x_wconf 90' lang='lat' dir='ltr'>eorum</span> <span class='ocrx_word' id='word_1_328' title='bbox 621 1889 756 1929; x_wconf 86' lang='lat' dir='ltr'>pretium</span> <span class='ocrx_word' id='word_1_329' title='bbox 783 1890 815 1921; x_wconf 95' lang='lat' dir='ltr'>in</span> <span class='ocrx_word' id='word_1_330' title='bbox 837 1889 960 1922; x_wconf 89' lang='lat' dir='ltr'>Fiscum</span> <span class='ocrx_word' id='word_1_331' title='bbox 985 1890 1063 1921; x_wconf 87' lang='lat' dir='ltr'>redi-</span> 
     </span>
     <span class='ocr_line' id='line_1_49' title="bbox 207 1927 1065 1969; baseline 0.006 -12"><span class='ocrx_word' id='word_1_332' title='bbox 207 1927 260 1967; x_wconf 83' lang='lat' dir='ltr'>gi,</span> <span class='ocrx_word' id='word_1_333' title='bbox 285 1935 320 1958; x_wconf 91' lang='lat' dir='ltr'>ut</span> <span class='ocrx_word' id='word_1_334' title='bbox 346 1928 377 1959; x_wconf 92' lang='lat' dir='ltr'>in</span> <span class='ocrx_word' id='word_1_335' title='bbox 396 1928 567 1960; x_wconf 84' lang='lat' dir='ltr'>mobilibus</span> <span class='ocrx_word' id='word_1_336' title='bbox 595 1930 739 1969; x_wconf 89' lang='lat' dir='ltr'>obtinet,</span> <span class='ocrx_word' id='word_1_337' title='bbox 764 1929 814 1962; x_wconf 89' lang='lat' dir='ltr'>sed</span> <span class='ocrx_word' id='word_1_338' title='bbox 841 1932 872 1962; x_wconf 93' lang='lat' dir='ltr'>in</span> <span class='ocrx_word' id='word_1_339' title='bbox 890 1931 975 1962; x_wconf 91' lang='lat' dir='ltr'>omni</span> <span class='ocrx_word' id='word_1_340' title='bbox 999 1930 1065 1962; x_wconf 85' lang='lat' dir='ltr'>sere</span> 
     </span>
     <span class='ocr_line' id='line_1_50' title="bbox 208 1968 1063 2009; baseline 0.004 -9"><span class='ocrx_word' id='word_1_341' title='bbox 208 1968 337 2009; x_wconf 82' lang='lat' dir='ltr'>Europa</span> <span class='ocrx_word' id='word_1_342' title='bbox 359 1968 423 2000; x_wconf 86' lang='lat' dir='ltr'>sola</span> <span class='ocrx_word' id='word_1_343' title='bbox 449 1969 485 2001; x_wconf 90' lang='lat' dir='ltr'>fit</span> <span class='ocrx_word' id='word_1_344' title='bbox 513 1969 710 2003; x_wconf 87' lang='lat' dir='ltr'>immobilum</span> <span class='ocrx_word' id='word_1_345' title='bbox 740 1973 924 2009; x_wconf 85' lang='lat' dir='ltr'>annotatio,</span> <span class='ocrx_word' id='word_1_346' title='bbox 951 1981 986 2003; x_wconf 87' lang='lat' dir='ltr'>ut</span> <span class='ocrx_word' id='word_1_347' title='bbox 1011 1982 1063 2003; x_wconf 90' lang='lat' dir='ltr'>eo-</span> 
     </span>
     <span class='ocr_line' id='line_1_51' title="bbox 207 2008 1066 2054; baseline 0.007 -15"><span class='ocrx_word' id='word_1_348' title='bbox 207 2018 277 2040; x_wconf 83' lang='lat' dir='ltr'>rum</span> <span class='ocrx_word' id='word_1_349' title='bbox 303 2008 422 2040; x_wconf 73' lang='lat' dir='ltr'>fructus</span> <span class='ocrx_word' id='word_1_350' title='bbox 437 2032 446 2046; x_wconf 89' lang='lat'>,</span> <span class='ocrx_word' id='word_1_351' title='bbox 470 2010 600 2042; x_wconf 82' lang='lat' dir='ltr'>durante</span> <span class='ocrx_word' id='word_1_352' title='bbox 628 2011 736 2051; x_wconf 91' lang='lat' dir='ltr'>bello,</span> <span class='ocrx_word' id='word_1_353' title='bbox 761 2014 912 2054; x_wconf 89' lang='lat' dir='ltr'>percipiat</span> <span class='ocrx_word' id='word_1_354' title='bbox 937 2012 1066 2051; x_wconf 85' lang='lat' dir='ltr'>Fiscus,</span> 
     </span>
     <span class='ocr_line' id='line_1_52' title="bbox 206 2050 1064 2095; baseline 0.005 -13"><span class='ocrx_word' id='word_1_355' title='bbox 206 2050 300 2082; x_wconf 83' lang='lat' dir='ltr'>finito</span> <span class='ocrx_word' id='word_1_356' title='bbox 320 2057 431 2082; x_wconf 76' lang='lat' dir='ltr'>,autem</span> <span class='ocrx_word' id='word_1_357' title='bbox 459 2051 544 2082; x_wconf 88' lang='lat' dir='ltr'>bello</span> <span class='ocrx_word' id='word_1_358' title='bbox 569 2051 634 2092; x_wconf 85' lang='lat' dir='ltr'>ipsa</span> <span class='ocrx_word' id='word_1_359' title='bbox 657 2053 830 2085; x_wconf 86' lang='lat' dir='ltr'>immobilia</span> <span class='ocrx_word' id='word_1_360' title='bbox 851 2078 858 2088; x_wconf 81' lang='grc'>.</span> <span class='ocrx_word' id='word_1_361' title='bbox 884 2064 924 2086; x_wconf 84' lang='lat' dir='ltr'>ex</span> <span class='ocrx_word' id='word_1_362' title='bbox 949 2054 1064 2095; x_wconf 74' lang='lat' dir='ltr'>paffis,</span> 
     </span>
     <span class='ocr_line' id='line_1_53' title="bbox 206 2089 1065 2131; baseline 0.007 -10"><span class='ocrx_word' id='word_1_363' title='bbox 206 2089 413 2122; x_wconf 81' lang='lat' dir='ltr'>restituuntur</span> <span class='ocrx_word' id='word_1_364' title='bbox 429 2090 564 2131; x_wconf 88' lang='lat' dir='ltr'>prissinis</span> <span class='ocrx_word' id='word_1_365' title='bbox 587 2093 733 2126; x_wconf 86' lang='lat' dir='ltr'>dominis.</span> <span class='ocrx_word' id='word_1_366' title='bbox 779 2094 895 2127; x_wconf 83' lang='lat' dir='ltr'>Rursus</span> <span class='ocrx_word' id='word_1_367' title='bbox 911 2096 949 2127; x_wconf 89' lang='lat' dir='ltr'>de</span> <span class='ocrx_word' id='word_1_368' title='bbox 965 2095 1065 2126; x_wconf 90' lang='lat' dir='ltr'>omni-</span> 
     </span>
     <span class='ocr_line' id='line_1_54' title="bbox 207 2131 1064 2177; baseline 0.005 -13"><span class='ocrx_word' id='word_1_369' title='bbox 207 2133 267 2164; x_wconf 87' lang='lat' dir='ltr'>bus</span> <span class='ocrx_word' id='word_1_370' title='bbox 287 2131 463 2163; x_wconf 76' lang='lat' dir='ltr'>indistinCte</span> <span class='ocrx_word' id='word_1_371' title='bbox 479 2132 570 2163; x_wconf 89' lang='lat' dir='ltr'>bonis</span> <span class='ocrx_word' id='word_1_372' title='bbox 596 2134 776 2176; x_wconf 88' lang='lat' dir='ltr'>ubicunque</span> <span class='ocrx_word' id='word_1_373' title='bbox 798 2137 950 2177; x_wconf 81' lang='lat' dir='ltr'>repertis.</span> <span class='ocrx_word' id='word_1_374' title='bbox 974 2136 1064 2168; x_wconf 90' lang='lat' dir='ltr'>Ordi-</span> 
     </span>
     <span class='ocr_line' id='line_1_55' title="bbox 208 2171 1067 2219; baseline 0.003 -13"><span class='ocrx_word' id='word_1_375' title='bbox 208 2183 264 2206; x_wconf 86' lang='lat' dir='ltr'>nes</span> <span class='ocrx_word' id='word_1_376' title='bbox 290 2171 460 2205; x_wconf 88' lang='lat' dir='ltr'>Generales</span> <span class='ocrx_word' id='word_1_377' title='bbox 488 2173 655 2207; x_wconf 85' lang='lat' dir='ltr'>edixerunt</span> <span class='ocrx_word' id='word_1_378' title='bbox 674 2186 702 2207; x_wconf 89' lang='grc'>2.</span> <span class='ocrx_word' id='word_1_379' title='bbox 725 2176 801 2217; x_wconf 90' lang='lat' dir='ltr'>Apr.</span> <span class='ocrx_word' id='word_1_380' title='bbox 831 2186 918 2218; x_wconf 86' lang='lat'>1599.</span> <span class='ocrx_word' id='word_1_381' title='bbox 943 2177 1016 2219; x_wconf 83' lang='lat'>(2)</span> <span class='ocrx_word' id='word_1_382' title='bbox 1035 2178 1067 2209; x_wconf 91' lang='lat' dir='ltr'>in</span> 
     </span>
     <span class='ocr_line' id='line_1_56' title="bbox 207 2213 1067 2260; baseline 0.005 -14"><span class='ocrx_word' id='word_1_383' title='bbox 207 2213 426 2246; x_wconf 84' lang='lat' dir='ltr'>haec&#39;verba:</span> <span class='ocrx_word' id='word_1_384' title='bbox 461 2215 626 2247; x_wconf 76' lang='lat' dir='ltr'>Verklaren</span> <span class='ocrx_word' id='word_1_385' title='bbox 649 2227 717 2248; x_wconf 84' lang='lat' dir='ltr'>voor</span> <span class='ocrx_word' id='word_1_386' title='bbox 748 2219 856 2259; x_wconf 80' lang='lat' dir='ltr'>goeden</span> <span class='ocrx_word' id='word_1_387' title='bbox 880 2219 983 2260; x_wconf 74' lang='lat' dir='ltr'>prinse</span> <span class='ocrx_word' id='word_1_388' title='bbox 1010 2219 1067 2250; x_wconf 83' lang='lat' dir='ltr'>alle</span> 
     </span>
     <span class='ocr_line' id='line_1_57' title="bbox 202 2256 1067 2302; baseline 0.006 -16"><span class='ocrx_word' id='word_1_389' title='bbox 202 2256 343 2298; x_wconf 65' lang='lat' dir='ltr'>personen</span> <span class='ocrx_word' id='word_1_390' title='bbox 359 2266 394 2287; x_wconf 85' lang='lat' dir='ltr'>en</span> <span class='ocrx_word' id='word_1_391' title='bbox 412 2257 552 2298; x_wconf 78' lang='lat' dir='ltr'>goederen</span> <span class='ocrx_word' id='word_1_392' title='bbox 564 2280 572 2295; x_wconf 91' lang='lat'>,</span> <span class='ocrx_word' id='word_1_393' title='bbox 590 2258 705 2300; x_wconf 58' lang='lat' dir='ltr'>gestatem</span> <span class='ocrx_word' id='word_1_394' title='bbox 725 2260 811 2290; x_wconf 76' lang='lat' dir='ltr'>onder</span> <span class='ocrx_word' id='word_1_395' title='bbox 825 2260 872 2291; x_wconf 80' lang='lat' dir='ltr'>het</span> <span class='ocrx_word' id='word_1_396' title='bbox 890 2262 991 2302; x_wconf 78' lang='lat' dir='ltr'>gebiecl</span> <span class='ocrx_word' id='word_1_397' title='bbox 1007 2270 1067 2291; x_wconf 82' lang='lat' dir='ltr'>van</span> 
     </span>
     <span class='ocr_line' id='line_1_58' title="bbox 206 2296 1064 2342; baseline 0.006 -15"><span class='ocrx_word' id='word_1_398' title='bbox 206 2299 265 2328; x_wconf 77' lang='lat' dir='ltr'>den</span> <span class='ocrx_word' id='word_1_399' title='bbox 283 2296 406 2340; x_wconf 78' lang='lat' dir='ltr'>Koning</span> <span class='ocrx_word' id='word_1_400' title='bbox 425 2307 486 2329; x_wconf 78' lang='lat' dir='ltr'>vem</span> <span class='ocrx_word' id='word_1_401' title='bbox 505 2298 673 2341; x_wconf 80' lang='lat' dir='ltr'>Spangz&#39;en‚</span> <span class='ocrx_word' id='word_1_402' title='bbox 699 2305 740 2330; x_wconf 79' lang='lat' dir='ltr'>tot</span> <span class='ocrx_word' id='word_1_403' title='bbox 755 2300 812 2331; x_wconf 78' lang='lat' dir='ltr'>alle</span> <span class='ocrx_word' id='word_1_404' title='bbox 822 2301 974 2342; x_wconf 80' lang='lat' dir='ltr'>plaatsen,</span> <span class='ocrx_word' id='word_1_405' title='bbox 992 2302 1064 2333; x_wconf 73' lang='lat' dir='ltr'>elacir</span> 
     </span>
     <span class='ocr_line' id='line_1_59' title="bbox 205 2339 1067 2383; baseline 0.005 -13"><span class='ocrx_word' id='word_1_406' title='bbox 205 2349 275 2370; x_wconf 78' lang='lat' dir='ltr'>men</span> <span class='ocrx_word' id='word_1_407' title='bbox 294 2339 340 2371; x_wconf 80' lang='lat' dir='ltr'>die</span> <span class='ocrx_word' id='word_1_408' title='bbox 359 2339 407 2369; x_wconf 73' lang='lat' dir='ltr'>zai</span> <span class='ocrx_word' id='word_1_409' title='bbox 434 2349 535 2382; x_wconf 73' lang='lat' dir='ltr'>mugen</span> <span class='ocrx_word' id='word_1_410' title='bbox 560 2341 700 2372; x_wconf 73' lang='lat' dir='ltr'>hekonzen.</span> <span class='ocrx_word' id='word_1_411' title='bbox 747 2341 858 2373; x_wconf 87' lang='lat' dir='ltr'>Exstat</span> <span class='ocrx_word' id='word_1_412' title='bbox 885 2342 914 2374; x_wconf 66' lang='grc' dir='ltr'>ὃ(</span> <span class='ocrx_word' id='word_1_413' title='bbox 937 2341 1067 2383; x_wconf 86' lang='lat' dir='ltr'>epistola</span> 
     </span>
     <span class='ocr_line' id='line_1_60' title="bbox 209 2379 1065 2424; baseline 0.004 -12"><span class='ocrx_word' id='word_1_414' title='bbox 209 2379 365 2412; x_wconf 85' lang='lat' dir='ltr'>Ordinum</span> <span class='ocrx_word' id='word_1_415' title='bbox 390 2379 573 2412; x_wconf 81' lang='lat' dir='ltr'>Hollandiae</span> <span class='ocrx_word' id='word_1_416' title='bbox 601 2381 638 2413; x_wconf 83' lang='lat' dir='ltr'>ad</span> <span class='ocrx_word' id='word_1_417' title='bbox 664 2381 790 2414; x_wconf 88' lang='lat' dir='ltr'>Curiam</span> <span class='ocrx_word' id='word_1_418' title='bbox 814 2382 997 2415; x_wconf 84' lang='lat' dir='ltr'>Hollandiae</span> <span class='ocrx_word' id='word_1_419' title='bbox 1016 2393 1065 2424; x_wconf 80' lang='lat'>25.</span> 
     </span>
     <span class='ocr_line' id='line_1_61' title="bbox 209 2420 1066 2464; baseline 0.004 -11"><span class='ocrx_word' id='word_1_420' title='bbox 209 2420 299 2453; x_wconf 86' lang='lat' dir='ltr'>Nov.</span> <span class='ocrx_word' id='word_1_421' title='bbox 323 2424 411 2462; x_wconf 87' lang='grc'>1672.</span> <span class='ocrx_word' id='word_1_422' title='bbox 437 2421 510 2464; x_wconf 78' lang='grc'>(3)</span> <span class='ocrx_word' id='word_1_423' title='bbox 533 2430 592 2462; x_wconf 84' lang='lat' dir='ltr'>qua</span> <span class='ocrx_word' id='word_1_424' title='bbox 615 2422 796 2464; x_wconf 69' lang='lat' dir='ltr'>simpliciter</span> <span class='ocrx_word' id='word_1_425' title='bbox 814 2425 908 2456; x_wconf 89' lang='lat' dir='ltr'>etiam</span> <span class='ocrx_word' id='word_1_426' title='bbox 934 2424 1066 2456; x_wconf 87' lang='lat' dir='ltr'>detineri</span> 
     </span>
     <span class='ocr_line' id='line_1_62' title="bbox 208 2461 1067 2506; baseline 0.006 -14"><span class='ocrx_word' id='word_1_427' title='bbox 208 2461 426 2503; x_wconf 85' lang='lat' dir='ltr'>publicarique</span> <span class='ocrx_word' id='word_1_428' title='bbox 442 2463 589 2503; x_wconf 90' lang='lat' dir='ltr'>jubentur</span> <span class='ocrx_word' id='word_1_429' title='bbox 605 2463 685 2495; x_wconf 90' lang='lat' dir='ltr'>bona</span> <span class='ocrx_word' id='word_1_430' title='bbox 703 2474 832 2504; x_wconf 88' lang='lat' dir='ltr'>eorum,</span> <span class='ocrx_word' id='word_1_431' title='bbox 846 2466 898 2506; x_wconf 91' lang='lat' dir='ltr'>qui</span> <span class='ocrx_word' id='word_1_432' title='bbox 917 2465 996 2506; x_wconf 89' lang='lat' dir='ltr'>apud</span> <span class='ocrx_word' id='word_1_433' title='bbox 1015 2466 1067 2497; x_wconf 89' lang='lat' dir='ltr'>ho-</span> 
     </span>
     <span class='ocr_line' id='line_1_63' title="bbox 204 2502 1068 2547; baseline 0.003 -12"><span class='ocrx_word' id='word_1_434' title='bbox 204 2502 269 2535; x_wconf 77' lang='lat' dir='ltr'>stes</span> <span class='ocrx_word' id='word_1_435' title='bbox 296 2511 477 2540; x_wconf 80' lang='lat' dir='ltr'>morantur,</span> <span class='ocrx_word' id='word_1_436' title='bbox 502 2505 530 2536; x_wconf 75' lang='lat' dir='ltr'>zi</span> <span class='ocrx_word' id='word_1_437' title='bbox 578 2505 756 2544; x_wconf 72' lang='lat' dir='ltr'>orzthouden3</span> <span class='ocrx_word' id='word_1_438' title='bbox 778 2507 809 2538; x_wconf 89' lang='lat' dir='ltr'>in</span> <span class='ocrx_word' id='word_1_439' title='bbox 838 2516 930 2547; x_wconf 88' lang='lat' dir='ltr'>quam</span> <span class='ocrx_word' id='word_1_440' title='bbox 948 2506 1068 2539; x_wconf 86' lang='lat' dir='ltr'>senten-</span> 
     </span>
     <span class='ocr_line' id='line_1_64' title="bbox 208 2543 1067 2584; baseline 0.007 -10"><span class='ocrx_word' id='word_1_441' title='bbox 208 2544 286 2574; x_wconf 85' lang='lat' dir='ltr'>tiam</span> <span class='ocrx_word' id='word_1_442' title='bbox 305 2543 334 2573; x_wconf 87' lang='lat'>&amp;</span> <span class='ocrx_word' id='word_1_443' title='bbox 358 2544 477 2576; x_wconf 84' lang='lat' dir='ltr'>editum</span> <span class='ocrx_word' id='word_1_444' title='bbox 501 2555 519 2575; x_wconf 89' lang='lat' dir='ltr'>e</span> <span class='ocrx_word' id='word_1_445' title='bbox 560 2545 694 2584; x_wconf 85' lang='lat' dir='ltr'>ejusdem</span> <span class='ocrx_word' id='word_1_446' title='bbox 714 2547 775 2578; x_wconf 88' lang='lat' dir='ltr'>diei</span> <span class='ocrx_word' id='word_1_447' title='bbox 794 2547 938 2579; x_wconf 64' lang='lat' dir='ltr'>Edictum</span> <span class='ocrx_word' id='word_1_448' title='bbox 964 2547 1067 2580; x_wconf 87' lang='lat' dir='ltr'>Curiae</span> 
     </span>
     <span class='ocr_line' id='line_1_65' title="bbox 209 2583 1068 2626; baseline 0.005 -10"><span class='ocrx_word' id='word_1_449' title='bbox 209 2583 301 2616; x_wconf 87' lang='lat' dir='ltr'>Holl.</span> <span class='ocrx_word' id='word_1_450' title='bbox 319 2583 379 2625; x_wconf 81' lang='lat'>(4)</span> <span class='ocrx_word' id='word_1_451' title='bbox 405 2594 446 2616; x_wconf 86' lang='lat' dir='ltr'>ex</span> <span class='ocrx_word' id='word_1_452' title='bbox 456 2595 518 2626; x_wconf 91' lang='lat' dir='ltr'>quo</span> <span class='ocrx_word' id='word_1_453' title='bbox 529 2585 663 2625; x_wconf 88' lang='lat' dir='ltr'>necpost</span> <span class='ocrx_word' id='word_1_454' title='bbox 672 2586 754 2618; x_wconf 89' lang='lat' dir='ltr'>diem</span> <span class='ocrx_word' id='word_1_455' title='bbox 767 2587 843 2619; x_wconf 89' lang='lat' dir='ltr'>editi</span> <span class='ocrx_word' id='word_1_456' title='bbox 861 2588 952 2620; x_wconf 65' lang='lat' dir='ltr'>edicti</span> <span class='ocrx_word' id='word_1_457' title='bbox 971 2588 1068 2620; x_wconf 90' lang='lat' dir='ltr'>domi-</span> 
     </span>
     <span class='ocr_line' id='line_1_66' title="bbox 211 2625 1068 2670; baseline 0.007 -15"><span class='ocrx_word' id='word_1_458' title='bbox 211 2625 259 2656; x_wconf 85' lang='lat' dir='ltr'>nis</span> <span class='ocrx_word' id='word_1_459' title='bbox 275 2626 360 2656; x_wconf 86' lang='lat' dir='ltr'>reddi</span> <span class='ocrx_word' id='word_1_460' title='bbox 371 2626 507 2665; x_wconf 74' lang='lat' dir='ltr'>poliunt.</span> <span class='ocrx_word' id='word_1_461' title='bbox 525 2625 620 2670; x_wconf 84' lang='lat' dir='ltr'>Quod</span> <span class='ocrx_word' id='word_1_462' title='bbox 637 2635 674 2657; x_wconf 91' lang='lat' dir='ltr'>an</span> <span class='ocrx_word' id='word_1_463' title='bbox 692 2625 762 2658; x_wconf 88' lang='lat' dir='ltr'>satis</span> <span class='ocrx_word' id='word_1_464' title='bbox 778 2629 947 2659; x_wconf 88' lang='lat' dir='ltr'>conveniat</span> <span class='ocrx_word' id='word_1_465' title='bbox 958 2628 1068 2667; x_wconf 77' lang='lat' dir='ltr'>Paetis,</span> 
     </span>
     <span class='ocr_line' id='line_1_67' title="bbox 209 2665 1069 2707; baseline 0.005 -11"><span class='ocrx_word' id='word_1_466' title='bbox 209 2674 293 2697; x_wconf 80' lang='lat' dir='ltr'>anno</span> <span class='ocrx_word' id='word_1_467' title='bbox 317 2669 405 2698; x_wconf 85' lang='lat'>1662.</span> <span class='ocrx_word' id='word_1_468' title='bbox 430 2667 513 2698; x_wconf 88' lang='lat' dir='ltr'>inter</span> <span class='ocrx_word' id='word_1_469' title='bbox 523 2666 639 2707; x_wconf 88' lang='lat' dir='ltr'>Regem</span> <span class='ocrx_word' id='word_1_470' title='bbox 652 2665 792 2698; x_wconf 88' lang='lat' dir='ltr'>Franciae</span> <span class='ocrx_word' id='word_1_471' title='bbox 811 2668 840 2699; x_wconf 90' lang='lat'>&amp;</span> <span class='ocrx_word' id='word_1_472' title='bbox 858 2667 991 2700; x_wconf 89' lang='lat' dir='ltr'>Ordines</span> <span class='ocrx_word' id='word_1_473' title='bbox 1008 2668 1069 2700; x_wconf 91' lang='lat' dir='ltr'>Ge-</span> 
     </span>
     <span class='ocr_line' id='line_1_68' title="bbox 210 2707 1068 2748; baseline 0.005 -10"><span class='ocrx_word' id='word_1_474' title='bbox 210 2707 329 2738; x_wconf 84' lang='lat' dir='ltr'>nerales</span> <span class='ocrx_word' id='word_1_475' title='bbox 347 2707 449 2743; x_wconf 77' lang='lat' dir='ltr'>initis.</span> <span class='ocrx_word' id='word_1_476' title='bbox 475 2717 556 2742; x_wconf 89' lang='lat' dir='ltr'>nunc</span> <span class='ocrx_word' id='word_1_477' title='bbox 582 2716 645 2738; x_wconf 90' lang='lat' dir='ltr'>non</span> <span class='ocrx_word' id='word_1_478' title='bbox 672 2707 806 2748; x_wconf 88' lang='lat' dir='ltr'>disputo.</span> <span class='ocrx_word' id='word_1_479' title='bbox 852 2707 931 2740; x_wconf 85' lang='lat' dir='ltr'>Cum</span> <span class='ocrx_word' id='word_1_480' title='bbox 965 2717 1068 2742; x_wconf 85' lang='lat' dir='ltr'>autem</span> 
     </span>
     <span class='ocr_line' id='line_1_69' title="bbox 210 2748 1067 2786; baseline 0.006 -9"><span class='ocrx_word' id='word_1_481' title='bbox 210 2748 294 2778; x_wconf 84' lang='lat' dir='ltr'>inter</span> <span class='ocrx_word' id='word_1_482' title='bbox 312 2748 392 2779; x_wconf 88' lang='lat' dir='ltr'>bona</span> <span class='ocrx_word' id='word_1_483' title='bbox 409 2749 462 2780; x_wconf 90' lang='lat' dir='ltr'>vel</span> <span class='ocrx_word' id='word_1_484' title='bbox 479 2748 614 2781; x_wconf 83' lang='lat' dir='ltr'>maxime</span> <span class='ocrx_word' id='word_1_485' title='bbox 629 2748 665 2780; x_wconf 83' lang='lat' dir='ltr'>lit</span> <span class='ocrx_word' id='word_1_486' title='bbox 679 2748 851 2786; x_wconf 76' lang='lat' dir='ltr'>hereditas,</span> <span class='ocrx_word' id='word_1_487' title='bbox 876 2749 998 2781; x_wconf 81' lang='lat' dir='ltr'>constat</span> <span class='ocrx_word' id='word_1_488' title='bbox 1017 2760 1067 2782; x_wconf 91' lang='lat' dir='ltr'>ne-</span> 
     </span>
     <span class='ocr_line' id='line_1_70' title="bbox 209 2787 1066 2831; baseline 0.004 -11"><span class='ocrx_word' id='word_1_489' title='bbox 209 2797 270 2828; x_wconf 85' lang='lat' dir='ltr'>que</span> <span class='ocrx_word' id='word_1_490' title='bbox 297 2789 417 2822; x_wconf 74' lang='lat' dir='ltr'>hostem</span> <span class='ocrx_word' id='word_1_491' title='bbox 442 2791 600 2831; x_wconf 84' lang='lat' dir='ltr'>acquirere</span> <span class='ocrx_word' id='word_1_492' title='bbox 625 2787 711 2830; x_wconf 78' lang='lat' dir='ltr'>poss&#39;e</span> <span class='ocrx_word' id='word_1_493' title='bbox 736 2789 940 2821; x_wconf 85' lang='lat' dir='ltr'>hereditatem</span> <span class='ocrx_word' id='word_1_494' title='bbox 955 2812 964 2827; x_wconf 82' lang='lat'>,</span> <span class='ocrx_word' id='word_1_495' title='bbox 988 2792 1066 2831; x_wconf 89' lang='lat' dir='ltr'>apud</span> 
     </span>
     <span class='ocr_line' id='line_1_71' title="bbox 210 2829 1064 2871; baseline 0.002 -10"><span class='ocrx_word' id='word_1_496' title='bbox 210 2837 266 2862; x_wconf 89' lang='lat' dir='ltr'>nos</span> <span class='ocrx_word' id='word_1_497' title='bbox 282 2829 458 2871; x_wconf 84' lang='lat' dir='ltr'>jacentem,</span> <span class='ocrx_word' id='word_1_498' title='bbox 483 2831 539 2866; x_wconf 79' lang='lat' dir='ltr'>etsi</span> <span class='ocrx_word' id='word_1_499' title='bbox 555 2840 596 2863; x_wconf 84' lang='lat' dir='ltr'>ex</span> <span class='ocrx_word' id='word_1_500' title='bbox 615 2829 800 2865; x_wconf 85' lang='lat' dir='ltr'>testamento</span> <span class='ocrx_word' id='word_1_501' title='bbox 817 2831 868 2864; x_wconf 88' lang='lat' dir='ltr'>vel</span> <span class='ocrx_word' id='word_1_502' title='bbox 883 2830 921 2863; x_wconf 80' lang='lat' dir='ltr'>ab</span> <span class='ocrx_word' id='word_1_503' title='bbox 940 2830 1064 2864; x_wconf 81' lang='lat' dir='ltr'>intesta-</span> 
     </span>
    </p>
   </div>
   <div class='ocr_carea' id='block_1_8' title="bbox 210 2964 1064 3228">
    <p class='ocr_par' dir='ltr' id='par_1_10' title="bbox 247 2964 676 3003">
     <span class='ocr_line' id='line_1_72' title="bbox 247 2964 676 3003; baseline -0.002 -9"><span class='ocrx_word' id='word_1_504' title='bbox 247 2964 307 3000; x_wconf 78' lang='grc'>(5)</span> <span class='ocrx_word' id='word_1_505' title='bbox 327 2964 427 3002; x_wconf 71' lang='lat' dir='ltr'>Hister.</span> <span class='ocrx_word' id='word_1_506' title='bbox 447 2966 482 2995; x_wconf 93' lang='lat' dir='ltr'>L.</span> <span class='ocrx_word' id='word_1_507' title='bbox 496 2965 546 2995; x_wconf 86' lang='lat' dir='ltr'>IX.</span> <span class='ocrx_word' id='word_1_508' title='bbox 567 2975 594 3003; x_wconf 90' lang='lat' dir='ltr'>p.</span> <span class='ocrx_word' id='word_1_509' title='bbox 611 2969 676 2997; x_wconf 89' lang='lat'>882.</span> 
     </span>
    </p>

    <p class='ocr_par' dir='ltr' id='par_1_11' title="bbox 243 3003 652 3039">
     <span class='ocr_line' id='line_1_73' title="bbox 243 3003 652 3039; baseline 0.005 -8"><span class='ocrx_word' id='word_1_510' title='bbox 243 3003 305 3038; x_wconf 85' lang='lat'>(6)</span> <span class='ocrx_word' id='word_1_511' title='bbox 327 3004 401 3032; x_wconf 79' lang='lat' dir='ltr'>Flac.</span> <span class='ocrx_word' id='word_1_512' title='bbox 422 3005 460 3033; x_wconf 90' lang='lat'>11.</span> <span class='ocrx_word' id='word_1_513' title='bbox 483 3012 507 3039; x_wconf 84' lang='grc' dir='ltr'>ς.</span> <span class='ocrx_word' id='word_1_514' title='bbox 529 3011 553 3039; x_wconf 85' lang='lat'>5.</span> <span class='ocrx_word' id='word_1_515' title='bbox 577 3013 603 3033; x_wconf 85' lang='lat'>2.</span> <span class='ocrx_word' id='word_1_516' title='bbox 625 3013 652 3034; x_wconf 88' lang='lat'>2.</span> 
     </span>
    </p>

    <p class='ocr_par' dir='ltr' id='par_1_12' title="bbox 246 3039 658 3078">
     <span class='ocr_line' id='line_1_74' title="bbox 246 3039 658 3078; baseline 0.01 -11"><span class='ocrx_word' id='word_1_517' title='bbox 246 3039 306 3076; x_wconf 85' lang='lat'>(1)</span> <span class='ocrx_word' id='word_1_518' title='bbox 326 3042 427 3070; x_wconf 72' lang='lat' dir='ltr'>Ibidem</span> <span class='ocrx_word' id='word_1_519' title='bbox 446 3043 495 3071; x_wconf 88' lang='grc' dir='ltr'>ΙΙΙ.</span> <span class='ocrx_word' id='word_1_520' title='bbox 520 3051 543 3071; x_wconf 88' lang='grc'>1.</span> <span class='ocrx_word' id='word_1_521' title='bbox 565 3051 589 3071; x_wconf 85' lang='grc'>1.</span> <span class='ocrx_word' id='word_1_522' title='bbox 611 3051 658 3078; x_wconf 84' lang='grc'>23.</span> 
     </span>
    </p>

    <p class='ocr_par' dir='ltr' id='par_1_13' title="bbox 210 3076 678 3115">
     <span class='ocr_line' id='line_1_75' title="bbox 210 3076 678 3115; baseline 0.009 -11"><span class='ocrx_word' id='word_1_523' title='bbox 210 3095 212 3097; x_wconf 66' lang='grc'><em>»</em></span> <span class='ocrx_word' id='word_1_524' title='bbox 249 3076 309 3112; x_wconf 90' lang='grc'>(2)</span> <span class='ocrx_word' id='word_1_525' title='bbox 330 3079 429 3107; x_wconf 78' lang='lat' dir='ltr'>Ibidem</span> <span class='ocrx_word' id='word_1_526' title='bbox 449 3081 484 3108; x_wconf 91' lang='lat'>11.</span> <span class='ocrx_word' id='word_1_527' title='bbox 506 3089 533 3115; x_wconf 82' lang='lat'>4.</span> <span class='ocrx_word' id='word_1_528' title='bbox 555 3088 581 3108; x_wconf 90' lang='grc'>2.</span> <span class='ocrx_word' id='word_1_529' title='bbox 607 3089 630 3108; x_wconf 95' lang='lat'>1.</span> <span class='ocrx_word' id='word_1_530' title='bbox 652 3089 678 3108; x_wconf 88' lang='grc'>2.</span> 
     </span>
    </p>

    <p class='ocr_par' dir='ltr' id='par_1_14' title="bbox 246 3115 1064 3188">
     <span class='ocr_line' id='line_1_76' title="bbox 248 3115 1064 3155; baseline 0.007 -14"><span class='ocrx_word' id='word_1_531' title='bbox 248 3115 285 3149; x_wconf 74' lang='lat'>(3</span> <span class='ocrx_word' id='word_1_532' title='bbox 296 3116 307 3148; x_wconf 85' lang='lat'><em>)</em></span> <span class='ocrx_word' id='word_1_533' title='bbox 328 3115 400 3143; x_wconf 74' lang='lat' dir='ltr'>Bello</span> <span class='ocrx_word' id='word_1_534' title='bbox 414 3118 542 3155; x_wconf 74' lang='lat' dir='ltr'>Juriaico</span> <span class='ocrx_word' id='word_1_535' title='bbox 562 3118 632 3147; x_wconf 87' lang='lat' dir='ltr'>Casu</span> <span class='ocrx_word' id='word_1_536' title='bbox 647 3126 693 3154; x_wconf 81' lang='lat'>52·</span> <span class='ocrx_word' id='word_1_537' title='bbox 711 3125 740 3147; x_wconf 89' lang='lat' dir='ltr'>n.</span> <span class='ocrx_word' id='word_1_538' title='bbox 757 3125 784 3148; x_wconf 84' lang='lat'>2.</span> <span class='ocrx_word' id='word_1_539' title='bbox 805 3115 831 3147; x_wconf 67' lang='grc' dir='ltr'>δε</span> <span class='ocrx_word' id='word_1_540' title='bbox 847 3116 916 3147; x_wconf 82' lang='lat' dir='ltr'>Casu</span> <span class='ocrx_word' id='word_1_541' title='bbox 931 3124 978 3153; x_wconf 85' lang='lat'>99.</span> <span class='ocrx_word' id='word_1_542' title='bbox 998 3125 1025 3148; x_wconf 89' lang='lat' dir='ltr'>n.</span> <span class='ocrx_word' id='word_1_543' title='bbox 1037 3125 1064 3147; x_wconf 81' lang='lat'>2.</span> 
     </span>
     <span class='ocr_line' id='line_1_77' title="bbox 246 3151 616 3188; baseline 0.016 -10"><span class='ocrx_word' id='word_1_544' title='bbox 246 3151 402 3188; x_wconf 79' lang='lat' dir='ltr'>(4).Plac.</span> <span class='ocrx_word' id='word_1_545' title='bbox 426 3156 473 3183; x_wconf 81' lang='lat'>111.</span> <span class='ocrx_word' id='word_1_546' title='bbox 496 3163 521 3184; x_wconf 82' lang='lat'>1.</span> <span class='ocrx_word' id='word_1_547' title='bbox 543 3159 567 3185; x_wconf 90' lang='lat'>8.</span> <span class='ocrx_word' id='word_1_548' title='bbox 590 3163 616 3184; x_wconf 85' lang='lat'>2.</span> 
     </span>
    </p>

    <p class='ocr_par' dir='ltr' id='par_1_15' title="bbox 246 3189 636 3228">
     <span class='ocr_line' id='line_1_78' title="bbox 246 3189 636 3228; baseline 0.013 -11"><span class='ocrx_word' id='word_1_549' title='bbox 246 3191 303 3228; x_wconf 66' lang='lat'>(5)</span> <span class='ocrx_word' id='word_1_550' title='bbox 322 3189 421 3219; x_wconf 82' lang='lat' dir='ltr'>Ibidem</span> <span class='ocrx_word' id='word_1_551' title='bbox 441 3192 493 3220; x_wconf 87' lang='lat'>111.</span> <span class='ocrx_word' id='word_1_552' title='bbox 517 3201 542 3221; x_wconf 90' lang='lat'>1.</span> <span class='ocrx_word' id='word_1_553' title='bbox 563 3195 588 3223; x_wconf 85' lang='lat'>8.</span> <span class='ocrx_word' id='word_1_554' title='bbox 608 3202 636 3228; x_wconf 90' lang='grc'>4.</span> 
     </span>
    </p>
   </div>
   <div class='ocr_carea' id='block_1_9' title="bbox 1101 777 1964 2871">
    <p class='ocr_par' dir='ltr' id='par_1_16' title="bbox 1101 777 1964 2871">
     <span class='ocr_line' id='line_1_79' title="bbox 1103 777 1960 822; baseline 0.006 -14"><span class='ocrx_word' id='word_1_555' title='bbox 1103 785 1138 809; x_wconf 92' lang='lat' dir='ltr'>to</span> <span class='ocrx_word' id='word_1_556' title='bbox 1155 777 1182 808; x_wconf 82' lang='lat' dir='ltr'>ei</span> <span class='ocrx_word' id='word_1_557' title='bbox 1201 778 1357 810; x_wconf 83' lang='lat' dir='ltr'>debeatur.</span> <span class='ocrx_word' id='word_1_558' title='bbox 1377 779 1552 812; x_wconf 89' lang='lat' dir='ltr'>Secundum</span> <span class='ocrx_word' id='word_1_559' title='bbox 1575 779 1642 811; x_wconf 81' lang='lat' dir='ltr'>haec</span> <span class='ocrx_word' id='word_1_560' title='bbox 1656 790 1747 821; x_wconf 90' lang='lat' dir='ltr'>quum</span> <span class='ocrx_word' id='word_1_561' title='bbox 1765 791 1847 813; x_wconf 86' lang='lat' dir='ltr'>anno</span> <span class='ocrx_word' id='word_1_562' title='bbox 1870 784 1960 822; x_wconf 87' lang='lat'>1695.</span> 
     </span>
     <span class='ocr_line' id='line_1_80' title="bbox 1101 818 1962 862; baseline 0.006 -12"><span class='ocrx_word' id='word_1_563' title='bbox 1101 818 1225 860; x_wconf 86' lang='lat' dir='ltr'>quidam</span> <span class='ocrx_word' id='word_1_564' title='bbox 1247 820 1277 851; x_wconf 91' lang='lat' dir='ltr'>in</span> <span class='ocrx_word' id='word_1_565' title='bbox 1298 819 1466 852; x_wconf 83' lang='lat' dir='ltr'>Hollandia</span> <span class='ocrx_word' id='word_1_566' title='bbox 1483 820 1651 852; x_wconf 84' lang='lat' dir='ltr'>deceffisset</span> <span class='ocrx_word' id='word_1_567' title='bbox 1673 821 1853 861; x_wconf 83' lang='lat' dir='ltr'>intestatus,</span> <span class='ocrx_word' id='word_1_568' title='bbox 1877 823 1962 862; x_wconf 85' lang='lat' dir='ltr'>cujus</span> 
     </span>
     <span class='ocr_line' id='line_1_81' title="bbox 1104 861 1961 902; baseline 0.005 -11"><span class='ocrx_word' id='word_1_569' title='bbox 1104 861 1230 901; x_wconf 85' lang='lat' dir='ltr'>cognati</span> <span class='ocrx_word' id='word_1_570' title='bbox 1248 862 1385 901; x_wconf 87' lang='lat' dir='ltr'>proximi</span> <span class='ocrx_word' id='word_1_571' title='bbox 1404 862 1433 893; x_wconf 86' lang='lat'>&amp;</span> <span class='ocrx_word' id='word_1_572' title='bbox 1450 862 1576 893; x_wconf 83' lang='lat' dir='ltr'>heredes</span> <span class='ocrx_word' id='word_1_573' title='bbox 1592 862 1623 893; x_wconf 93' lang='lat' dir='ltr'>in</span> <span class='ocrx_word' id='word_1_574' title='bbox 1641 862 1773 894; x_wconf 80' lang='lat' dir='ltr'>Francia</span> <span class='ocrx_word' id='word_1_575' title='bbox 1789 872 1894 902; x_wconf 87' lang='lat' dir='ltr'>erant,</span> <span class='ocrx_word' id='word_1_576' title='bbox 1910 863 1961 895; x_wconf 86' lang='lat' dir='ltr'>he-</span> 
     </span>
     <span class='ocr_line' id='line_1_82' title="bbox 1105 902 1718 943; baseline 0.005 -11"><span class='ocrx_word' id='word_1_577' title='bbox 1105 903 1271 933; x_wconf 86' lang='lat' dir='ltr'>reditatem</span> <span class='ocrx_word' id='word_1_578' title='bbox 1289 902 1350 933; x_wconf 89' lang='lat' dir='ltr'>esse</span> <span class='ocrx_word' id='word_1_579' title='bbox 1372 903 1560 943; x_wconf 78' lang='lat' dir='ltr'>publicatam</span> <span class='ocrx_word' id='word_1_580' title='bbox 1580 903 1718 935; x_wconf 87' lang='lat' dir='ltr'>memini.</span> 
     </span>
     <span class='ocr_line' id='line_1_83' title="bbox 1148 943 1961 987; baseline 0.005 -14"><span class='ocrx_word' id='word_1_581' title='bbox 1148 943 1418 987; x_wconf 80' lang='lat' dir='ltr'>Quemadmodum</span> <span class='ocrx_word' id='word_1_582' title='bbox 1436 944 1508 978; x_wconf 78' lang='lat' dir='ltr'>illa.</span> <span class='ocrx_word' id='word_1_583' title='bbox 1532 953 1597 984; x_wconf 79' lang='lat' dir='ltr'>quae</span> <span class='ocrx_word' id='word_1_584' title='bbox 1617 944 1771 983; x_wconf 87' lang='lat' dir='ltr'>recitavi,</span> <span class='ocrx_word' id='word_1_585' title='bbox 1794 944 1903 976; x_wconf 71' lang='lat' dir='ltr'>Edicta</span> <span class='ocrx_word' id='word_1_586' title='bbox 1917 945 1961 977; x_wconf 92' lang='lat' dir='ltr'>lo-</span> 
     </span>
     <span class='ocr_line' id='line_1_84' title="bbox 1106 985 1962 1026; baseline 0.004 -11"><span class='ocrx_word' id='word_1_587' title='bbox 1106 992 1238 1025; x_wconf 91' lang='lat' dir='ltr'>quuntur</span> <span class='ocrx_word' id='word_1_588' title='bbox 1262 985 1467 1024; x_wconf 83' lang='lat' dir='ltr'>generaliter,</span> <span class='ocrx_word' id='word_1_589' title='bbox 1493 985 1534 1016; x_wconf 88' lang='lat' dir='ltr'>fic</span> <span class='ocrx_word' id='word_1_590' title='bbox 1563 986 1592 1016; x_wconf 70' lang='grc' dir='ltr'>ὅ(</span> <span class='ocrx_word' id='word_1_591' title='bbox 1607 985 1792 1026; x_wconf 82' lang='lat' dir='ltr'>generaliter</span> <span class='ocrx_word' id='word_1_592' title='bbox 1816 987 1962 1018; x_wconf 80' lang='lat' dir='ltr'>videntur</span> 
     </span>
     <span class='ocr_line' id='line_1_85' title="bbox 1105 1026 1961 1066; baseline 0.002 -9"><span class='ocrx_word' id='word_1_593' title='bbox 1105 1026 1285 1066; x_wconf 82' lang='lat' dir='ltr'>accipienda</span> <span class='ocrx_word' id='word_1_594' title='bbox 1303 1026 1341 1057; x_wconf 91' lang='lat' dir='ltr'>de</span> <span class='ocrx_word' id='word_1_595' title='bbox 1369 1026 1557 1066; x_wconf 87' lang='lat' dir='ltr'>quibuslibet</span> <span class='ocrx_word' id='word_1_596' title='bbox 1575 1026 1664 1058; x_wconf 88' lang='lat' dir='ltr'>bonis</span> <span class='ocrx_word' id='word_1_597' title='bbox 1677 1050 1685 1063; x_wconf 82' lang='lat'>,</span> <span class='ocrx_word' id='word_1_598' title='bbox 1710 1026 1772 1058; x_wconf 86' lang='lat' dir='ltr'>five</span> <span class='ocrx_word' id='word_1_599' title='bbox 1792 1027 1961 1066; x_wconf 70' lang='lat' dir='ltr'>corporali-</span> 
     </span>
     <span class='ocr_line' id='line_1_86' title="bbox 1103 1066 1962 1109; baseline 0.001 -10"><span class='ocrx_word' id='word_1_600' title='bbox 1103 1068 1159 1099; x_wconf 88' lang='lat' dir='ltr'>bus</span> <span class='ocrx_word' id='word_1_601' title='bbox 1186 1066 1249 1107; x_wconf 71' lang='lat' dir='ltr'>five</span> <span class='ocrx_word' id='word_1_602' title='bbox 1270 1066 1529 1108; x_wconf 84' lang='lat' dir='ltr'>incorporalibus.</span> <span class='ocrx_word' id='word_1_603' title='bbox 1576 1066 1626 1097; x_wconf 87' lang='lat' dir='ltr'>De</span> <span class='ocrx_word' id='word_1_604' title='bbox 1646 1069 1894 1109; x_wconf 69' lang='lat' dir='ltr'>incorporalibus</span> <span class='ocrx_word' id='word_1_605' title='bbox 1917 1075 1962 1100; x_wconf 89' lang='lat' dir='ltr'>ta-</span> 
     </span>
     <span class='ocr_line' id='line_1_87' title="bbox 1105 1106 1963 1146; baseline 0 -5"><span class='ocrx_word' id='word_1_606' title='bbox 1105 1118 1199 1146; x_wconf 91' lang='lat' dir='ltr'>men,</span> <span class='ocrx_word' id='word_1_607' title='bbox 1223 1114 1258 1139; x_wconf 88' lang='lat' dir='ltr'>ut</span> <span class='ocrx_word' id='word_1_608' title='bbox 1280 1106 1351 1139; x_wconf 91' lang='lat' dir='ltr'>sunt</span> <span class='ocrx_word' id='word_1_609' title='bbox 1377 1108 1558 1140; x_wconf 71' lang='lat' dir='ltr'>aftiones&amp;</span> <span class='ocrx_word' id='word_1_610' title='bbox 1586 1108 1722 1145; x_wconf 74' lang='lat' dir='ltr'>credita.</span> <span class='ocrx_word' id='word_1_611' title='bbox 1748 1109 1882 1141; x_wconf 80' lang='lat' dir='ltr'>dubitari</span> <span class='ocrx_word' id='word_1_612' title='bbox 1916 1109 1963 1141; x_wconf 89' lang='lat' dir='ltr'>vi-</span> 
     </span>
     <span class='ocr_line' id='line_1_88' title="bbox 1105 1148 1962 1190; baseline 0.002 -10"><span class='ocrx_word' id='word_1_613' title='bbox 1105 1149 1188 1185; x_wconf 83' lang='lat' dir='ltr'>deo,</span> <span class='ocrx_word' id='word_1_614' title='bbox 1214 1149 1244 1180; x_wconf 87' lang='lat'>&amp;</span> <span class='ocrx_word' id='word_1_615' title='bbox 1271 1148 1439 1186; x_wconf 70' lang='lat' dir='ltr'>dubitasse,</span> <span class='ocrx_word' id='word_1_616' title='bbox 1464 1149 1536 1190; x_wconf 91' lang='lat' dir='ltr'>quin</span> <span class='ocrx_word' id='word_1_617' title='bbox 1560 1149 1590 1180; x_wconf 86' lang='lat'>&amp;</span> <span class='ocrx_word' id='word_1_618' title='bbox 1613 1149 1777 1190; x_wconf 77' lang='lat' dir='ltr'>aliquando</span> <span class='ocrx_word' id='word_1_619' title='bbox 1802 1150 1962 1182; x_wconf 87' lang='lat' dir='ltr'>contradi-</span> 
     </span>
     <span class='ocr_line' id='line_1_89' title="bbox 1107 1188 1963 1223; baseline 0.002 -2"><span class='ocrx_word' id='word_1_620' title='bbox 1107 1189 1184 1222; x_wconf 81' lang='lat' dir='ltr'>xiffe</span> <span class='ocrx_word' id='word_1_621' title='bbox 1200 1189 1322 1221; x_wconf 81' lang='lat' dir='ltr'>nostros</span> <span class='ocrx_word' id='word_1_622' title='bbox 1343 1189 1487 1221; x_wconf 87' lang='lat' dir='ltr'>Ordines.</span> <span class='ocrx_word' id='word_1_623' title='bbox 1533 1188 1612 1220; x_wconf 92' lang='lat' dir='ltr'>Cum</span> <span class='ocrx_word' id='word_1_624' title='bbox 1637 1189 1824 1223; x_wconf 84' lang='lat' dir='ltr'>Francorum</span> <span class='ocrx_word' id='word_1_625' title='bbox 1847 1191 1914 1222; x_wconf 85' lang='lat' dir='ltr'>Rex</span> <span class='ocrx_word' id='word_1_626' title='bbox 1931 1191 1963 1223; x_wconf 87' lang='lat'>&amp;</span> 
     </span>
     <span class='ocr_line' id='line_1_90' title="bbox 1107 1229 1961 1274; baseline 0.001 -11"><span class='ocrx_word' id='word_1_627' title='bbox 1107 1230 1255 1272; x_wconf 88' lang='lat' dir='ltr'>Episcopi</span> <span class='ocrx_word' id='word_1_628' title='bbox 1265 1229 1460 1261; x_wconf 81' lang='lat' dir='ltr'>Colonienfis</span> <span class='ocrx_word' id='word_1_629' title='bbox 1472 1230 1500 1261; x_wconf 88' lang='lat'>&amp;</span> <span class='ocrx_word' id='word_1_630' title='bbox 1509 1229 1761 1263; x_wconf 85' lang='lat' dir='ltr'>Monasterienfis</span> <span class='ocrx_word' id='word_1_631' title='bbox 1776 1241 1858 1263; x_wconf 87' lang='lat' dir='ltr'>anno</span> <span class='ocrx_word' id='word_1_632' title='bbox 1871 1237 1961 1274; x_wconf 81' lang='grc'>1673.</span> 
     </span>
     <span class='ocr_line' id='line_1_91' title="bbox 1107 1269 1964 1313; baseline 0.001 -10"><span class='ocrx_word' id='word_1_633' title='bbox 1107 1273 1201 1303; x_wconf 84' lang='lat' dir='ltr'>etiam</span> <span class='ocrx_word' id='word_1_634' title='bbox 1227 1270 1362 1303; x_wconf 69' lang='lat' dir='ltr'>actiones</span> <span class='ocrx_word' id='word_1_635' title='bbox 1388 1269 1614 1311; x_wconf 81' lang='lat' dir='ltr'>publicassent,</span> <span class='ocrx_word' id='word_1_636' title='bbox 1639 1271 1668 1302; x_wconf 88' lang='lat'>&amp;</span> <span class='ocrx_word' id='word_1_637' title='bbox 1693 1272 1775 1313; x_wconf 86' lang='lat' dir='ltr'>exigi</span> <span class='ocrx_word' id='word_1_638' title='bbox 1792 1272 1964 1312; x_wconf 75' lang='lat' dir='ltr'>juffill‘ent,</span> 
     </span>
     <span class='ocr_line' id='line_1_92' title="bbox 1108 1310 1964 1354; baseline 0.002 -10"><span class='ocrx_word' id='word_1_639' title='bbox 1108 1313 1190 1354; x_wconf 88' lang='lat' dir='ltr'>quod</span> <span class='ocrx_word' id='word_1_640' title='bbox 1207 1311 1319 1344; x_wconf 88' lang='lat' dir='ltr'>subditi</span> <span class='ocrx_word' id='word_1_641' title='bbox 1342 1310 1386 1343; x_wconf 89' lang='lat' dir='ltr'>sui</span> <span class='ocrx_word' id='word_1_642' title='bbox 1405 1311 1557 1343; x_wconf 87' lang='lat' dir='ltr'>debebant</span> <span class='ocrx_word' id='word_1_643' title='bbox 1575 1312 1678 1352; x_wconf 86' lang='lat' dir='ltr'>Belgis</span> <span class='ocrx_word' id='word_1_644' title='bbox 1695 1312 1884 1352; x_wconf 84' lang='lat' dir='ltr'>Foederatis,</span> <span class='ocrx_word' id='word_1_645' title='bbox 1903 1313 1964 1346; x_wconf 83' lang='lat' dir='ltr'>Or-</span> 
     </span>
     <span class='ocr_line' id='line_1_93' title="bbox 1108 1352 1964 1396; baseline 0 -10"><span class='ocrx_word' id='word_1_646' title='bbox 1108 1355 1194 1386; x_wconf 85' lang='lat' dir='ltr'>dines</span> <span class='ocrx_word' id='word_1_647' title='bbox 1224 1352 1393 1385; x_wconf 82' lang='lat' dir='ltr'>Generales</span> <span class='ocrx_word' id='word_1_648' title='bbox 1420 1352 1533 1384; x_wconf 62' lang='lat' dir='ltr'>Edicto</span> <span class='ocrx_word' id='word_1_649' title='bbox 1558 1356 1588 1384; x_wconf 90' lang='lat'>6.</span> <span class='ocrx_word' id='word_1_650' title='bbox 1622 1352 1680 1393; x_wconf 81' lang='lat' dir='ltr'>Jul.</span> <span class='ocrx_word' id='word_1_651' title='bbox 1717 1357 1806 1395; x_wconf 81' lang='lat'>1673.</span> <span class='ocrx_word' id='word_1_652' title='bbox 1840 1354 1911 1396; x_wconf 84' lang='lat'>(5)</span> <span class='ocrx_word' id='word_1_653' title='bbox 1933 1354 1964 1386; x_wconf 87' lang='lat' dir='ltr'>id</span> 
     </span>
     <span class='ocr_line' id='line_1_94' title="bbox 1108 1393 1964 1437; baseline 0.002 -11"><span class='ocrx_word' id='word_1_654' title='bbox 1108 1395 1326 1436; x_wconf 83' lang='lat' dir='ltr'>improbarunt</span> <span class='ocrx_word' id='word_1_655' title='bbox 1345 1418 1353 1429; x_wconf 83' lang='grc'>,</span> <span class='ocrx_word' id='word_1_656' title='bbox 1387 1393 1613 1434; x_wconf 79' lang='lat' dir='ltr'>edixeruntque</span> <span class='ocrx_word' id='word_1_657' title='bbox 1632 1417 1641 1430; x_wconf 80' lang='grc'>,</span> <span class='ocrx_word' id='word_1_658' title='bbox 1673 1393 1755 1426; x_wconf 91' lang='lat' dir='ltr'>solvi</span> <span class='ocrx_word' id='word_1_659' title='bbox 1788 1404 1850 1427; x_wconf 92' lang='lat' dir='ltr'>non</span> <span class='ocrx_word' id='word_1_660' title='bbox 1868 1394 1964 1437; x_wconf 16' lang='lat' dir='ltr'>,posse</span> 
     </span>
     <span class='ocr_line' id='line_1_95' title="bbox 1106 1434 1962 1479; baseline 0 -10"><span class='ocrx_word' id='word_1_661' title='bbox 1106 1437 1161 1469; x_wconf 81' lang='lat' dir='ltr'>nili</span> <span class='ocrx_word' id='word_1_662' title='bbox 1178 1445 1255 1467; x_wconf 88' lang='lat' dir='ltr'>vero</span> <span class='ocrx_word' id='word_1_663' title='bbox 1274 1435 1424 1467; x_wconf 87' lang='lat' dir='ltr'>creditori</span> <span class='ocrx_word' id='word_1_664' title='bbox 1437 1459 1445 1470; x_wconf 80' lang='grc'>,</span> <span class='ocrx_word' id='word_1_665' title='bbox 1470 1435 1603 1476; x_wconf 87' lang='lat' dir='ltr'>ideoque</span> <span class='ocrx_word' id='word_1_666' title='bbox 1621 1434 1651 1467; x_wconf 92' lang='lat' dir='ltr'>se</span> <span class='ocrx_word' id='word_1_667' title='bbox 1670 1444 1738 1468; x_wconf 88' lang='lat' dir='ltr'>eam</span> <span class='ocrx_word' id='word_1_668' title='bbox 1755 1436 1962 1479; x_wconf 74' lang='lat' dir='ltr'>exaCtionem‚</span> 
     </span>
     <span class='ocr_line' id='line_1_96' title="bbox 1106 1475 1958 1515; baseline 0.001 -6"><span class='ocrx_word' id='word_1_669' title='bbox 1106 1478 1170 1510; x_wconf 81' lang='lat' dir='ltr'>sive</span> <span class='ocrx_word' id='word_1_670' title='bbox 1197 1477 1252 1515; x_wconf 86' lang='lat' dir='ltr'>vi,</span> <span class='ocrx_word' id='word_1_671' title='bbox 1275 1476 1339 1509; x_wconf 90' lang='lat' dir='ltr'>five</span> <span class='ocrx_word' id='word_1_672' title='bbox 1365 1476 1514 1508; x_wconf 83' lang='lat' dir='ltr'>consensu</span> <span class='ocrx_word' id='word_1_673' title='bbox 1536 1475 1668 1510; x_wconf 61' lang='lat' dir='ltr'>factam.</span> <span class='ocrx_word' id='word_1_674' title='bbox 1697 1484 1795 1510; x_wconf 89' lang='lat' dir='ltr'>ratam</span> <span class='ocrx_word' id='word_1_675' title='bbox 1819 1487 1883 1510; x_wconf 90' lang='lat' dir='ltr'>non</span> <span class='ocrx_word' id='word_1_676' title='bbox 1896 1477 1958 1510; x_wconf 84' lang='lat' dir='ltr'>effe</span> 
     </span>
     <span class='ocr_line' id='line_1_97' title="bbox 1107 1517 1964 1559; baseline 0.002 -9"><span class='ocrx_word' id='word_1_677' title='bbox 1107 1519 1275 1551; x_wconf 83' lang='lat' dir='ltr'>habituros.</span> <span class='ocrx_word' id='word_1_678' title='bbox 1321 1518 1380 1550; x_wconf 89' lang='lat' dir='ltr'>Sed</span> <span class='ocrx_word' id='word_1_679' title='bbox 1406 1517 1549 1558; x_wconf 62' lang='lat' dir='ltr'>profecto</span> <span class='ocrx_word' id='word_1_680' title='bbox 1575 1518 1698 1550; x_wconf 89' lang='lat' dir='ltr'>videtur</span> <span class='ocrx_word' id='word_1_681' title='bbox 1724 1518 1785 1550; x_wconf 85' lang='lat' dir='ltr'>effe</span> <span class='ocrx_word' id='word_1_682' title='bbox 1813 1518 1862 1559; x_wconf 90' lang='lat' dir='ltr'>Jus</span> <span class='ocrx_word' id='word_1_683' title='bbox 1877 1529 1964 1552; x_wconf 90' lang='lat' dir='ltr'>com-</span> 
     </span>
     <span class='ocr_line' id='line_1_98' title="bbox 1106 1558 1963 1600; baseline 0 -7"><span class='ocrx_word' id='word_1_684' title='bbox 1106 1569 1199 1593; x_wconf 87' lang='lat' dir='ltr'>mune</span> <span class='ocrx_word' id='word_1_685' title='bbox 1220 1583 1228 1598; x_wconf 70' lang='grc'>,</span> <span class='ocrx_word' id='word_1_686' title='bbox 1259 1566 1293 1591; x_wconf 89' lang='lat' dir='ltr'>ut</span> <span class='ocrx_word' id='word_1_687' title='bbox 1320 1559 1349 1591; x_wconf 89' lang='lat'>&amp;</span> <span class='ocrx_word' id='word_1_688' title='bbox 1379 1559 1515 1591; x_wconf 70' lang='lat' dir='ltr'>actiones</span> <span class='ocrx_word' id='word_1_689' title='bbox 1537 1558 1733 1600; x_wconf 89' lang='lat' dir='ltr'>publicentur</span> <span class='ocrx_word' id='word_1_690' title='bbox 1750 1582 1761 1598; x_wconf 89' lang='lat'>,</span> <span class='ocrx_word' id='word_1_691' title='bbox 1792 1569 1832 1592; x_wconf 89' lang='lat' dir='ltr'>ex</span> <span class='ocrx_word' id='word_1_692' title='bbox 1858 1561 1963 1594; x_wconf 85' lang='lat' dir='ltr'>eadem</span> 
     </span>
     <span class='ocr_line' id='line_1_99' title="bbox 1106 1600 1964 1642; baseline 0.001 -9"><span class='ocrx_word' id='word_1_693' title='bbox 1106 1610 1218 1642; x_wconf 89' lang='lat' dir='ltr'>nempe</span> <span class='ocrx_word' id='word_1_694' title='bbox 1241 1600 1384 1639; x_wconf 85' lang='lat' dir='ltr'>ratione,</span> <span class='ocrx_word' id='word_1_695' title='bbox 1410 1610 1467 1642; x_wconf 89' lang='lat' dir='ltr'>qua</span> <span class='ocrx_word' id='word_1_696' title='bbox 1493 1600 1670 1642; x_wconf 83' lang='lat' dir='ltr'>corporalia</span> <span class='ocrx_word' id='word_1_697' title='bbox 1690 1601 1844 1642; x_wconf 87' lang='lat' dir='ltr'>quaelibet.</span> <span class='ocrx_word' id='word_1_698' title='bbox 1878 1601 1964 1634; x_wconf 73' lang='lat' dir='ltr'>Affl-</span> 
     </span>
     <span class='ocr_line' id='line_1_100' title="bbox 1106 1640 1962 1683; baseline 0.001 -9"><span class='ocrx_word' id='word_1_699' title='bbox 1106 1652 1182 1674; x_wconf 88' lang='lat' dir='ltr'>ones</span> <span class='ocrx_word' id='word_1_700' title='bbox 1195 1642 1304 1683; x_wconf 75' lang='lat' dir='ltr'>utique</span> <span class='ocrx_word' id='word_1_701' title='bbox 1324 1640 1388 1673; x_wconf 88' lang='lat' dir='ltr'>five</span> <span class='ocrx_word' id='word_1_702' title='bbox 1410 1642 1528 1673; x_wconf 82' lang='lat' dir='ltr'>credita</span> <span class='ocrx_word' id='word_1_703' title='bbox 1554 1651 1617 1674; x_wconf 91' lang='lat' dir='ltr'>non</span> <span class='ocrx_word' id='word_1_704' title='bbox 1642 1642 1742 1675; x_wconf 88' lang='lat' dir='ltr'>minus</span> <span class='ocrx_word' id='word_1_705' title='bbox 1762 1642 1834 1683; x_wconf 85' lang='lat' dir='ltr'>Jure</span> <span class='ocrx_word' id='word_1_706' title='bbox 1849 1642 1962 1675; x_wconf 85' lang='lat' dir='ltr'>Genti-</span> 
     </span>
     <span class='ocr_line' id='line_1_101' title="bbox 1105 1682 1963 1724; baseline 0 -8"><span class='ocrx_word' id='word_1_707' title='bbox 1105 1694 1158 1716; x_wconf 90' lang='lat' dir='ltr'>um</span> <span class='ocrx_word' id='word_1_708' title='bbox 1176 1683 1244 1715; x_wconf 86' lang='lat' dir='ltr'>sunt</span> <span class='ocrx_word' id='word_1_709' title='bbox 1258 1684 1290 1715; x_wconf 87' lang='lat' dir='ltr'>in</span> <span class='ocrx_word' id='word_1_710' title='bbox 1305 1683 1446 1715; x_wconf 87' lang='lat' dir='ltr'>dominio</span> <span class='ocrx_word' id='word_1_711' title='bbox 1463 1682 1568 1714; x_wconf 88' lang='lat' dir='ltr'>nostro</span> <span class='ocrx_word' id='word_1_712' title='bbox 1579 1706 1589 1721; x_wconf 95' lang='lat'><strong><em>‚</em></strong></span> <span class='ocrx_word' id='word_1_713' title='bbox 1612 1692 1702 1724; x_wconf 91' lang='lat' dir='ltr'>quam</span> <span class='ocrx_word' id='word_1_714' title='bbox 1719 1683 1778 1716; x_wconf 86' lang='lat' dir='ltr'>alia</span> <span class='ocrx_word' id='word_1_715' title='bbox 1796 1684 1896 1723; x_wconf 89' lang='lat' dir='ltr'>bona,</span> <span class='ocrx_word' id='word_1_716' title='bbox 1913 1693 1963 1716; x_wconf 91' lang='lat' dir='ltr'>ec-</span> 
     </span>
     <span class='ocr_line' id='line_1_102' title="bbox 1106 1724 1962 1767; baseline 0.001 -10"><span class='ocrx_word' id='word_1_717' title='bbox 1106 1735 1160 1757; x_wconf 89' lang='lat' dir='ltr'>cur</span> <span class='ocrx_word' id='word_1_718' title='bbox 1178 1725 1272 1766; x_wconf 79' lang='lat' dir='ltr'>igitur</span> <span class='ocrx_word' id='word_1_719' title='bbox 1291 1725 1322 1756; x_wconf 90' lang='lat' dir='ltr'>in</span> <span class='ocrx_word' id='word_1_720' title='bbox 1344 1725 1390 1757; x_wconf 90' lang='lat' dir='ltr'>his</span> <span class='ocrx_word' id='word_1_721' title='bbox 1404 1724 1455 1765; x_wconf 88' lang='lat' dir='ltr'>Jus</span> <span class='ocrx_word' id='word_1_722' title='bbox 1471 1725 1547 1767; x_wconf 83' lang='lat' dir='ltr'>belli</span> <span class='ocrx_word' id='word_1_723' title='bbox 1567 1724 1746 1764; x_wconf 84' lang='lat' dir='ltr'>sequamur,</span> <span class='ocrx_word' id='word_1_724' title='bbox 1771 1725 1802 1757; x_wconf 87' lang='lat' dir='ltr'>in</span> <span class='ocrx_word' id='word_1_725' title='bbox 1818 1725 1880 1758; x_wconf 85' lang='lat' dir='ltr'>illis</span> <span class='ocrx_word' id='word_1_726' title='bbox 1897 1735 1962 1758; x_wconf 86' lang='lat' dir='ltr'>non</span> 
     </span>
     <span class='ocr_line' id='line_1_103' title="bbox 1107 1765 1962 1808; baseline 0 -10"><span class='ocrx_word' id='word_1_727' title='bbox 1107 1765 1266 1807; x_wconf 87' lang='lat' dir='ltr'>sequamur</span> <span class='ocrx_word' id='word_1_728' title='bbox 1283 1765 1299 1797; x_wconf 76' lang='lat'>.9</span> <span class='ocrx_word' id='word_1_729' title='bbox 1330 1765 1360 1797; x_wconf 68' lang='grc' dir='ltr'>δε</span> <span class='ocrx_word' id='word_1_730' title='bbox 1390 1775 1461 1798; x_wconf 91' lang='lat' dir='ltr'>cum</span> <span class='ocrx_word' id='word_1_731' title='bbox 1490 1765 1569 1798; x_wconf 87' lang='lat' dir='ltr'>nihil</span> <span class='ocrx_word' id='word_1_732' title='bbox 1598 1765 1755 1797; x_wconf 86' lang='lat' dir='ltr'>succurrat</span> <span class='ocrx_word' id='word_1_733' title='bbox 1772 1789 1782 1805; x_wconf 92' lang='lat'>,</span> <span class='ocrx_word' id='word_1_734' title='bbox 1812 1765 1894 1808; x_wconf 86' lang='lat' dir='ltr'>quod</span> <span class='ocrx_word' id='word_1_735' title='bbox 1917 1767 1962 1799; x_wconf 88' lang='lat' dir='ltr'>di-</span> 
     </span>
     <span class='ocr_line' id='line_1_104' title="bbox 1107 1807 1962 1848; baseline 0.001 -10"><span class='ocrx_word' id='word_1_736' title='bbox 1107 1807 1264 1839; x_wconf 70' lang='lat' dir='ltr'>stinCtioni</span> <span class='ocrx_word' id='word_1_737' title='bbox 1293 1807 1413 1838; x_wconf 86' lang='lat' dir='ltr'>idoneae</span> <span class='ocrx_word' id='word_1_738' title='bbox 1439 1808 1544 1838; x_wconf 90' lang='lat' dir='ltr'>locum</span> <span class='ocrx_word' id='word_1_739' title='bbox 1573 1807 1711 1848; x_wconf 87' lang='lat' dir='ltr'>praebere</span> <span class='ocrx_word' id='word_1_740' title='bbox 1736 1807 1845 1848; x_wconf 87' lang='lat' dir='ltr'>poffit,</span> <span class='ocrx_word' id='word_1_741' title='bbox 1867 1807 1962 1840; x_wconf 89' lang='lat' dir='ltr'>etiam</span> 
     </span>
     <span class='ocr_line' id='line_1_105' title="bbox 1109 1847 1962 1888; baseline -0.001 -7"><span class='ocrx_word' id='word_1_742' title='bbox 1109 1849 1173 1881; x_wconf 86' lang='lat' dir='ltr'>sola</span> <span class='ocrx_word' id='word_1_743' title='bbox 1198 1848 1279 1880; x_wconf 86' lang='lat' dir='ltr'>ratio</span> <span class='ocrx_word' id='word_1_744' title='bbox 1304 1848 1354 1888; x_wconf 89' lang='lat' dir='ltr'>Jus</span> <span class='ocrx_word' id='word_1_745' title='bbox 1380 1857 1546 1880; x_wconf 89' lang='lat' dir='ltr'>commune</span> <span class='ocrx_word' id='word_1_746' title='bbox 1562 1847 1713 1880; x_wconf 88' lang='lat' dir='ltr'>defendit.</span> <span class='ocrx_word' id='word_1_747' title='bbox 1758 1848 1817 1881; x_wconf 89' lang='lat' dir='ltr'>Sed</span> <span class='ocrx_word' id='word_1_748' title='bbox 1833 1857 1892 1880; x_wconf 90' lang='lat' dir='ltr'>nec</span> <span class='ocrx_word' id='word_1_749' title='bbox 1910 1848 1962 1880; x_wconf 91' lang='lat' dir='ltr'>de-</span> 
     </span>
     <span class='ocr_line' id='line_1_106' title="bbox 1108 1888 1961 1931; baseline 0 -9"><span class='ocrx_word' id='word_1_750' title='bbox 1108 1890 1177 1922; x_wconf 88' lang='lat' dir='ltr'>sunt</span> <span class='ocrx_word' id='word_1_751' title='bbox 1202 1890 1347 1930; x_wconf 88' lang='lat' dir='ltr'>exempla</span> <span class='ocrx_word' id='word_1_752' title='bbox 1369 1889 1397 1921; x_wconf 70' lang='grc' dir='ltr'>ὃ(</span> <span class='ocrx_word' id='word_1_753' title='bbox 1424 1889 1623 1921; x_wconf 67' lang='lat' dir='ltr'>auctoritates</span> <span class='ocrx_word' id='word_1_754' title='bbox 1638 1912 1648 1929; x_wconf 88' lang='lat'>‚</span> <span class='ocrx_word' id='word_1_755' title='bbox 1682 1899 1749 1931; x_wconf 83' lang='lat' dir='ltr'>quae</span> <span class='ocrx_word' id='word_1_756' title='bbox 1782 1888 1961 1922; x_wconf 86' lang='lat' dir='ltr'>defendant.</span> 
     </span>
     <span class='ocr_line' id='line_1_107' title="bbox 1109 1929 1960 1975; baseline -0.001 -12"><span class='ocrx_word' id='word_1_757' title='bbox 1109 1929 1240 1963; x_wconf 84' lang='lat' dir='ltr'>Constat</span> <span class='ocrx_word' id='word_1_758' title='bbox 1256 1940 1296 1962; x_wconf 86' lang='lat' dir='ltr'>ex</span> <span class='ocrx_word' id='word_1_759' title='bbox 1317 1930 1452 1973; x_wconf 85' lang='lat' dir='ltr'>Polybio</span> <span class='ocrx_word' id='word_1_760' title='bbox 1475 1930 1616 1971; x_wconf 71' lang='lat' dir='ltr'>Excerpt.</span> <span class='ocrx_word' id='word_1_761' title='bbox 1633 1930 1743 1972; x_wconf 82' lang='lat' dir='ltr'>Legat.</span> <span class='ocrx_word' id='word_1_762' title='bbox 1769 1931 1800 1962; x_wconf 84' lang='lat' dir='ltr'>C.</span> <span class='ocrx_word' id='word_1_763' title='bbox 1814 1929 1960 1975; x_wconf 67' lang='lat' dir='ltr'>XXXV.</span> 
     </span>
     <span class='ocr_line' id='line_1_108' title="bbox 1106 1969 1961 2012; baseline -0.002 -8"><span class='ocrx_word' id='word_1_764' title='bbox 1106 1983 1136 2004; x_wconf 76' lang='lat' dir='ltr'>n.</span> <span class='ocrx_word' id='word_1_765' title='bbox 1161 1982 1190 2012; x_wconf 85' lang='lat'>4.</span> <span class='ocrx_word' id='word_1_766' title='bbox 1217 1972 1298 2003; x_wconf 88' lang='lat' dir='ltr'>inter</span> <span class='ocrx_word' id='word_1_767' title='bbox 1315 1971 1473 2003; x_wconf 88' lang='lat' dir='ltr'>Romanos</span> <span class='ocrx_word' id='word_1_768' title='bbox 1495 1972 1525 2002; x_wconf 87' lang='lat'>&amp;</span> <span class='ocrx_word' id='word_1_769' title='bbox 1546 1971 1740 2002; x_wconf 88' lang='lat' dir='ltr'>Antiochum</span> <span class='ocrx_word' id='word_1_770' title='bbox 1760 1969 1961 2010; x_wconf 84' lang='lat' dir='ltr'>conveniss&#39;e,</span> 
     </span>
     <span class='ocr_line' id='line_1_109' title="bbox 1109 2011 1963 2053; baseline -0.004 -8"><span class='ocrx_word' id='word_1_771' title='bbox 1109 2021 1144 2045; x_wconf 91' lang='lat' dir='ltr'>ut</span> <span class='ocrx_word' id='word_1_772' title='bbox 1160 2022 1223 2044; x_wconf 90' lang='lat' dir='ltr'>non</span> <span class='ocrx_word' id='word_1_773' title='bbox 1240 2012 1341 2043; x_wconf 87' lang='lat' dir='ltr'>minus</span> <span class='ocrx_word' id='word_1_774' title='bbox 1358 2012 1513 2050; x_wconf 64' lang='lat' dir='ltr'>actiones,</span> <span class='ocrx_word' id='word_1_775' title='bbox 1552 2021 1619 2042; x_wconf 87' lang='lat' dir='ltr'>uam</span> <span class='ocrx_word' id='word_1_776' title='bbox 1635 2011 1693 2043; x_wconf 83' lang='lat' dir='ltr'>alia</span> <span class='ocrx_word' id='word_1_777' title='bbox 1711 2021 1780 2053; x_wconf 83' lang='lat' dir='ltr'>quae</span> <span class='ocrx_word' id='word_1_778' title='bbox 1804 2014 1861 2050; x_wconf 78' lang='lat' dir='ltr'>ue,</span> <span class='ocrx_word' id='word_1_779' title='bbox 1884 2019 1963 2043; x_wconf 90' lang='lat' dir='ltr'>tem-</span> 
     </span>
     <span class='ocr_line' id='line_1_110' title="bbox 1131 2052 1962 2093; baseline -0.001 -8"><span class='ocrx_word' id='word_1_780' title='bbox 1131 2063 1185 2085; x_wconf 89' lang='lat' dir='ltr'>ore</span> <span class='ocrx_word' id='word_1_781' title='bbox 1202 2053 1277 2084; x_wconf 90' lang='lat' dir='ltr'>belli</span> <span class='ocrx_word' id='word_1_782' title='bbox 1297 2052 1474 2093; x_wconf 79' lang='lat' dir='ltr'>publicata,</span> <span class='ocrx_word' id='word_1_783' title='bbox 1496 2061 1529 2083; x_wconf 88' lang='lat' dir='ltr'>re</span> <span class='ocrx_word' id='word_1_784' title='bbox 1559 2052 1750 2092; x_wconf 88' lang='lat' dir='ltr'>ituerentur,</span> <span class='ocrx_word' id='word_1_785' title='bbox 1776 2053 1784 2084; x_wconf 90' lang='lat' dir='ltr'>i</span> <span class='ocrx_word' id='word_1_786' title='bbox 1808 2061 1868 2093; x_wconf 89' lang='lat' dir='ltr'>que</span> <span class='ocrx_word' id='word_1_787' title='bbox 1883 2061 1962 2093; x_wconf 87' lang='lat' dir='ltr'>prae-</span> 
     </span>
     <span class='ocr_line' id='line_1_111' title="bbox 1108 2066 1964 2135; baseline -0.004 -8"><span class='ocrx_word' id='word_1_788' title='bbox 1108 2066 1162 2128; x_wconf 65' lang='lat' dir='ltr'>Eet</span> <span class='ocrx_word' id='word_1_789' title='bbox 1177 2102 1413 2135; x_wconf 79' lang='lat' dir='ltr'>argumentum,</span> <span class='ocrx_word' id='word_1_790' title='bbox 1435 2093 1530 2124; x_wconf 80' lang='lat' dir='ltr'>etiam</span> <span class='ocrx_word' id='word_1_791' title='bbox 1548 2093 1685 2125; x_wconf 68' lang='lat' dir='ltr'>actiones</span> <span class='ocrx_word' id='word_1_792' title='bbox 1708 2095 1801 2126; x_wconf 91' lang='lat' dir='ltr'>utrim</span> <span class='ocrx_word' id='word_1_793' title='bbox 1826 2102 1865 2124; x_wconf 89' lang='lat' dir='ltr'>ue</span> <span class='ocrx_word' id='word_1_794' title='bbox 1886 2092 1964 2125; x_wconf 87' lang='lat' dir='ltr'>fuis-</span> 
     </span>
     <span class='ocr_line' id='line_1_112' title="bbox 1109 2132 1963 2177; baseline -0.002 -9"><span class='ocrx_word' id='word_1_795' title='bbox 1109 2137 1140 2169; x_wconf 91' lang='lat' dir='ltr'>se</span> <span class='ocrx_word' id='word_1_796' title='bbox 1166 2135 1348 2177; x_wconf 86' lang='lat' dir='ltr'>publicatas.</span> <span class='ocrx_word' id='word_1_797' title='bbox 1392 2133 1427 2166; x_wconf 86' lang='lat' dir='ltr'>ld</span> <span class='ocrx_word' id='word_1_798' title='bbox 1456 2132 1555 2174; x_wconf 90' lang='lat' dir='ltr'>ipsum</span> <span class='ocrx_word' id='word_1_799' title='bbox 1576 2135 1624 2174; x_wconf 89' lang='lat' dir='ltr'>jus</span> <span class='ocrx_word' id='word_1_800' title='bbox 1646 2134 1785 2166; x_wconf 85' lang='lat' dir='ltr'>Franciae</span> <span class='ocrx_word' id='word_1_801' title='bbox 1850 2133 1963 2175; x_wconf 83' lang='lat' dir='ltr'>Hispa-</span> 
     </span>
     <span class='ocr_line' id='line_1_113' title="bbox 1109 2175 1964 2217; baseline -0.004 -7"><span class='ocrx_word' id='word_1_802' title='bbox 1109 2178 1168 2210; x_wconf 84' lang='lat' dir='ltr'>niae</span> <span class='ocrx_word' id='word_1_803' title='bbox 1194 2177 1294 2217; x_wconf 84' lang='lat' dir='ltr'>Reges</span> <span class='ocrx_word' id='word_1_804' title='bbox 1317 2175 1453 2207; x_wconf 87' lang='lat' dir='ltr'>invicem</span> <span class='ocrx_word' id='word_1_805' title='bbox 1472 2184 1597 2216; x_wconf 87' lang='lat' dir='ltr'>quoque</span> <span class='ocrx_word' id='word_1_806' title='bbox 1621 2175 1792 2208; x_wconf 88' lang='lat' dir='ltr'>exercuisse</span> <span class='ocrx_word' id='word_1_807' title='bbox 1811 2199 1821 2215; x_wconf 94' lang='lat'><strong>‚</strong></span> <span class='ocrx_word' id='word_1_808' title='bbox 1845 2175 1964 2207; x_wconf 87' lang='lat' dir='ltr'>indicat</span> 
     </span>
     <span class='ocr_line' id='line_1_114' title="bbox 1110 2216 1963 2261; baseline -0.002 -10"><span class='ocrx_word' id='word_1_809' title='bbox 1110 2219 1139 2261; x_wconf 83' lang='lat'>§.</span> <span class='ocrx_word' id='word_1_810' title='bbox 1164 2228 1213 2250; x_wconf 88' lang='grc'>22.</span> <span class='ocrx_word' id='word_1_811' title='bbox 1248 2217 1362 2255; x_wconf 84' lang='lat' dir='ltr'>Pacis,</span> <span class='ocrx_word' id='word_1_812' title='bbox 1390 2217 1472 2248; x_wconf 86' lang='lat' dir='ltr'>inter</span> <span class='ocrx_word' id='word_1_813' title='bbox 1497 2223 1666 2257; x_wconf 89' lang='lat' dir='ltr'>utrumque</span> <span class='ocrx_word' id='word_1_814' title='bbox 1689 2217 1775 2248; x_wconf 84' lang='lat' dir='ltr'>initae</span> <span class='ocrx_word' id='word_1_815' title='bbox 1803 2226 1849 2258; x_wconf 84' lang='lat'>17.</span> <span class='ocrx_word' id='word_1_816' title='bbox 1874 2216 1963 2258; x_wconf 87' lang='lat' dir='ltr'>Sept.</span> 
     </span>
     <span class='ocr_line' id='line_1_115' title="bbox 1114 2255 1964 2300; baseline -0.002 -9"><span class='ocrx_word' id='word_1_817' title='bbox 1114 2264 1203 2300; x_wconf 82' lang='grc'>1678.</span> <span class='ocrx_word' id='word_1_818' title='bbox 1227 2257 1299 2299; x_wconf 85' lang='grc'>(6)</span> <span class='ocrx_word' id='word_1_819' title='bbox 1320 2267 1452 2299; x_wconf 86' lang='lat' dir='ltr'>namque</span> <span class='ocrx_word' id='word_1_820' title='bbox 1478 2266 1517 2288; x_wconf 91' lang='lat' dir='ltr'>eo</span> <span class='ocrx_word' id='word_1_821' title='bbox 1533 2256 1560 2298; x_wconf 85' lang='lat'>§.</span> <span class='ocrx_word' id='word_1_822' title='bbox 1585 2265 1735 2296; x_wconf 86' lang='lat' dir='ltr'>cavetur,</span> <span class='ocrx_word' id='word_1_823' title='bbox 1757 2267 1796 2290; x_wconf 89' lang='lat' dir='ltr'>ne</span> <span class='ocrx_word' id='word_1_824' title='bbox 1819 2255 1964 2290; x_wconf 83' lang='lat' dir='ltr'>restitue-</span> 
     </span>
     <span class='ocr_line' id='line_1_116' title="bbox 1110 2297 1963 2340; baseline -0.002 -8"><span class='ocrx_word' id='word_1_825' title='bbox 1110 2309 1217 2333; x_wconf 89' lang='lat' dir='ltr'>rentur</span> <span class='ocrx_word' id='word_1_826' title='bbox 1231 2299 1350 2331; x_wconf 86' lang='lat' dir='ltr'>credita</span> <span class='ocrx_word' id='word_1_827' title='bbox 1361 2322 1370 2338; x_wconf 92' lang='lat'>‚</span> <span class='ocrx_word' id='word_1_828' title='bbox 1394 2306 1466 2331; x_wconf 89' lang='lat' dir='ltr'>ante</span> <span class='ocrx_word' id='word_1_829' title='bbox 1483 2298 1652 2340; x_wconf 85' lang='lat' dir='ltr'>publicata.</span> <span class='ocrx_word' id='word_1_830' title='bbox 1696 2299 1739 2331; x_wconf 92' lang='lat' dir='ltr'>Et</span> <span class='ocrx_word' id='word_1_831' title='bbox 1749 2298 1860 2331; x_wconf 83' lang='lat' dir='ltr'>Daniae</span> <span class='ocrx_word' id='word_1_832' title='bbox 1874 2297 1963 2338; x_wconf 83' lang='lat' dir='ltr'>Rex,</span> 
     </span>
     <span class='ocr_line' id='line_1_117' title="bbox 1111 2339 1962 2387; baseline -0.004 -13"><span class='ocrx_word' id='word_1_833' title='bbox 1111 2342 1197 2374; x_wconf 85' lang='lat' dir='ltr'>bello</span> <span class='ocrx_word' id='word_1_834' title='bbox 1226 2341 1333 2373; x_wconf 88' lang='lat' dir='ltr'>Suecis</span> <span class='ocrx_word' id='word_1_835' title='bbox 1362 2340 1499 2378; x_wconf 60' lang='lat' dir='ltr'>indicto,</span> <span class='ocrx_word' id='word_1_836' title='bbox 1522 2349 1552 2376; x_wconf 90' lang='lat'>9.</span> <span class='ocrx_word' id='word_1_837' title='bbox 1575 2340 1673 2372; x_wconf 89' lang='lat' dir='ltr'>Mart.</span> <span class='ocrx_word' id='word_1_838' title='bbox 1701 2343 1788 2381; x_wconf 84' lang='lat'>1676.</span> <span class='ocrx_word' id='word_1_839' title='bbox 1817 2339 1862 2385; x_wconf 76' lang='grc'>(7</span> <span class='ocrx_word' id='word_1_840' title='bbox 1906 2348 1962 2387; x_wconf 76' lang='lat' dir='ltr'>pu-</span> 
     </span>
     <span class='ocr_line' id='line_1_118' title="bbox 1110 2380 1961 2421; baseline -0.004 -6"><span class='ocrx_word' id='word_1_841' title='bbox 1110 2383 1194 2415; x_wconf 90' lang='lat' dir='ltr'>blice</span> <span class='ocrx_word' id='word_1_842' title='bbox 1217 2381 1338 2420; x_wconf 87' lang='lat' dir='ltr'>edixit,</span> <span class='ocrx_word' id='word_1_843' title='bbox 1362 2381 1444 2413; x_wconf 87' lang='lat' dir='ltr'>bona</span> <span class='ocrx_word' id='word_1_844' title='bbox 1466 2381 1636 2413; x_wconf 84' lang='lat' dir='ltr'>Succorum</span> <span class='ocrx_word' id='word_1_845' title='bbox 1660 2381 1692 2412; x_wconf 89' lang='lat' dir='ltr'>in</span> <span class='ocrx_word' id='word_1_846' title='bbox 1713 2380 1847 2421; x_wconf 85' lang='lat' dir='ltr'>Imperio</span> <span class='ocrx_word' id='word_1_847' title='bbox 1896 2388 1961 2412; x_wconf 85' lang='lat' dir='ltr'>am-</span> 
     </span>
     <span class='ocr_line' id='line_1_119' title="bbox 1110 2419 1962 2464; baseline -0.002 -8"><span class='ocrx_word' id='word_1_848' title='bbox 1110 2434 1171 2463; x_wconf 93' lang='lat' dir='ltr'>co,</span> <span class='ocrx_word' id='word_1_849' title='bbox 1195 2424 1230 2459; x_wconf 76' lang='lat'>&amp;³</span> <span class='ocrx_word' id='word_1_850' title='bbox 1254 2423 1327 2464; x_wconf 76' lang='lat' dir='ltr'>quod</span> <span class='ocrx_word' id='word_1_851' title='bbox 1349 2424 1412 2464; x_wconf 73' lang='lat' dir='ltr'>quis</span> <span class='ocrx_word' id='word_1_852' title='bbox 1437 2424 1484 2454; x_wconf 83' lang='lat' dir='ltr'>cui</span> <span class='ocrx_word' id='word_1_853' title='bbox 1515 2422 1603 2454; x_wconf 78' lang='lat' dir='ltr'>Sueco</span> <span class='ocrx_word' id='word_1_854' title='bbox 1630 2422 1740 2453; x_wconf 79' lang='lat' dir='ltr'>deberet</span> <span class='ocrx_word' id='word_1_855' title='bbox 1755 2443 1765 2459; x_wconf 91' lang='lat'>,</span> <span class='ocrx_word' id='word_1_856' title='bbox 1796 2419 1877 2452; x_wconf 83' lang='lat' dir='ltr'>intra</span> <span class='ocrx_word' id='word_1_857' title='bbox 1906 2419 1962 2454; x_wconf 87' lang='lat' dir='ltr'>sex</span> 
     </span>
     <span class='ocr_line' id='line_1_120' title="bbox 1111 2460 1961 2507; baseline -0.004 -10"><span class='ocrx_word' id='word_1_858' title='bbox 1111 2465 1294 2507; x_wconf 87' lang='lat' dir='ltr'>septimanas</span> <span class='ocrx_word' id='word_1_859' title='bbox 1318 2463 1343 2495; x_wconf 92' lang='lat' dir='ltr'>F</span> <span class='ocrx_word' id='word_1_860' title='bbox 1347 2463 1411 2495; x_wconf 87' lang='lat' dir='ltr'>isco</span> <span class='ocrx_word' id='word_1_861' title='bbox 1438 2462 1636 2495; x_wconf 86' lang='lat' dir='ltr'>deferrentur</span> <span class='ocrx_word' id='word_1_862' title='bbox 1652 2460 1857 2502; x_wconf 88' lang='lat' dir='ltr'>publicanda,</span> <span class='ocrx_word' id='word_1_863' title='bbox 1882 2462 1961 2494; x_wconf 83' lang='lat' dir='ltr'>arbi-</span> 
     </span>
     <span class='ocr_line' id='line_1_121' title="bbox 1112 2500 1960 2546; baseline -0.002 -8"><span class='ocrx_word' id='word_1_864' title='bbox 1112 2507 1204 2538; x_wconf 85' lang='lat' dir='ltr'>traria</span> <span class='ocrx_word' id='word_1_865' title='bbox 1226 2506 1255 2538; x_wconf 86' lang='lat'>&amp;</span> <span class='ocrx_word' id='word_1_866' title='bbox 1274 2504 1360 2546; x_wconf 89' lang='lat' dir='ltr'>dupli</span> <span class='ocrx_word' id='word_1_867' title='bbox 1380 2514 1470 2546; x_wconf 82' lang='lat' dir='ltr'>poena</span> <span class='ocrx_word' id='word_1_868' title='bbox 1487 2513 1548 2536; x_wconf 87' lang='lat' dir='ltr'>non</span> <span class='ocrx_word' id='word_1_869' title='bbox 1568 2501 1744 2543; x_wconf 86' lang='lat' dir='ltr'>pai-entibus</span> <span class='ocrx_word' id='word_1_870' title='bbox 1765 2500 1889 2535; x_wconf 81' lang='lat' dir='ltr'>statuta.</span> <span class='ocrx_word' id='word_1_871' title='bbox 1913 2503 1960 2536; x_wconf 88' lang='lat' dir='ltr'>Si·</span> 
     </span>
     <span class='ocr_line' id='line_1_122' title="bbox 1110 2542 1962 2588; baseline -0.002 -9"><span class='ocrx_word' id='word_1_872' title='bbox 1110 2548 1185 2579; x_wconf 89' lang='lat' dir='ltr'>mile</span> <span class='ocrx_word' id='word_1_873' title='bbox 1214 2546 1288 2588; x_wconf 91' lang='lat' dir='ltr'>quid</span> <span class='ocrx_word' id='word_1_874' title='bbox 1317 2554 1399 2577; x_wconf 88' lang='lat' dir='ltr'>anno</span> <span class='ocrx_word' id='word_1_875' title='bbox 1426 2549 1512 2585; x_wconf 83' lang='lat'>1667.</span> <span class='ocrx_word' id='word_1_876' title='bbox 1542 2549 1651 2573; x_wconf 87' lang='lat' dir='ltr'>contra</span> <span class='ocrx_word' id='word_1_877' title='bbox 1674 2542 1793 2583; x_wconf 82' lang='lat' dir='ltr'>Anglos</span> <span class='ocrx_word' id='word_1_878' title='bbox 1821 2543 1962 2577; x_wconf 85' lang='lat' dir='ltr'>edixerat</span> 
     </span>
     <span class='ocr_line' id='line_1_123' title="bbox 1110 2582 1875 2626; baseline -0.008 -6"><span class='ocrx_word' id='word_1_879' title='bbox 1110 2588 1240 2626; x_wconf 87' lang='lat' dir='ltr'>Danus,</span> <span class='ocrx_word' id='word_1_880' title='bbox 1263 2594 1299 2618; x_wconf 91' lang='lat' dir='ltr'>ut</span> <span class='ocrx_word' id='word_1_881' title='bbox 1323 2585 1369 2617; x_wconf 87' lang='lat' dir='ltr'>est</span> <span class='ocrx_word' id='word_1_882' title='bbox 1385 2586 1516 2618; x_wconf 88' lang='lat' dir='ltr'>relatum</span> <span class='ocrx_word' id='word_1_883' title='bbox 1532 2582 1611 2622; x_wconf 85' lang='lat' dir='ltr'>apud</span> <span class='ocrx_word' id='word_1_884' title='bbox 1630 2583 1772 2615; x_wconf 87' lang='lat' dir='ltr'>Aitzema</span> <span class='ocrx_word' id='word_1_885' title='bbox 1789 2583 1808 2625; x_wconf 85' lang='lat'>(</span> <span class='ocrx_word' id='word_1_886' title='bbox 1817 2584 1875 2626; x_wconf 86' lang='lat'>8).</span> 
     </span>
     <span class='ocr_line' id='line_1_124' title="bbox 1153 2622 1960 2670; baseline 0.001 -11"><span class='ocrx_word' id='word_1_887' title='bbox 1153 2629 1266 2670; x_wconf 89' lang='lat' dir='ltr'>Neque</span> <span class='ocrx_word' id='word_1_888' title='bbox 1290 2627 1327 2658; x_wconf 89' lang='lat' dir='ltr'>ab</span> <span class='ocrx_word' id='word_1_889' title='bbox 1358 2627 1415 2657; x_wconf 88' lang='lat' dir='ltr'>hac</span> <span class='ocrx_word' id='word_1_890' title='bbox 1442 2623 1581 2657; x_wconf 66' lang='lat' dir='ltr'>dostrina</span> <span class='ocrx_word' id='word_1_891' title='bbox 1609 2622 1727 2669; x_wconf 77' lang='lat' dir='ltr'>semper</span> <span class='ocrx_word' id='word_1_892' title='bbox 1754 2633 1816 2656; x_wconf 90' lang='lat' dir='ltr'>tam</span> <span class='ocrx_word' id='word_1_893' title='bbox 1843 2626 1960 2662; x_wconf 85' lang='lat' dir='ltr'>alienos</span> 
     </span>
     <span class='ocr_line' id='line_1_125' title="bbox 1109 2664 1958 2712; baseline -0.006 -9"><span class='ocrx_word' id='word_1_894' title='bbox 1109 2670 1202 2702; x_wconf 79' lang='lat' dir='ltr'>fuill&#39;e</span> <span class='ocrx_word' id='word_1_895' title='bbox 1230 2668 1339 2707; x_wconf 83' lang='lat' dir='ltr'>Belgas</span> <span class='ocrx_word' id='word_1_896' title='bbox 1365 2672 1492 2706; x_wconf 81' lang='lat' dir='ltr'>apparet</span> <span class='ocrx_word' id='word_1_897' title='bbox 1516 2673 1556 2710; x_wconf 80' lang='lat' dir='ltr'>cx</span> <span class='ocrx_word' id='word_1_898' title='bbox 1573 2664 1685 2711; x_wconf 68' lang='lat' dir='ltr'>Edicto</span> <span class='ocrx_word' id='word_1_899' title='bbox 1708 2670 1754 2700; x_wconf 87' lang='lat'>18.</span> <span class='ocrx_word' id='word_1_900' title='bbox 1777 2665 1837 2706; x_wconf 86' lang='lat' dir='ltr'>Jul.</span> <span class='ocrx_word' id='word_1_901' title='bbox 1868 2672 1958 2712; x_wconf 82' lang='lat'>1536.</span> 
     </span>
     <span class='ocr_line' id='line_1_126' title="bbox 1110 2705 1962 2752; baseline 0.004 -13"><span class='ocrx_word' id='word_1_902' title='bbox 1110 2711 1184 2752; x_wconf 82' lang='lat'>(9)</span> <span class='ocrx_word' id='word_1_903' title='bbox 1209 2710 1238 2742; x_wconf 85' lang='lat'>&amp;</span> <span class='ocrx_word' id='word_1_904' title='bbox 1261 2717 1301 2739; x_wconf 89' lang='lat' dir='ltr'>ex</span> <span class='ocrx_word' id='word_1_905' title='bbox 1324 2707 1435 2739; x_wconf 74' lang='lat' dir='ltr'>Edie&#39;to</span> <span class='ocrx_word' id='word_1_906' title='bbox 1461 2706 1601 2746; x_wconf 86' lang='lat' dir='ltr'>Philippi</span> <span class='ocrx_word' id='word_1_907' title='bbox 1628 2705 1668 2738; x_wconf 89' lang='lat'>11.</span> <span class='ocrx_word' id='word_1_908' title='bbox 1693 2714 1801 2738; x_wconf 83' lang='lat' dir='ltr'>contra</span> <span class='ocrx_word' id='word_1_909' title='bbox 1824 2706 1962 2742; x_wconf 77' lang='lat' dir='ltr'>Francos</span> 
     </span>
     <span class='ocr_line' id='line_1_127' title="bbox 1110 2746 1961 2789; baseline -0.001 -4"><span class='ocrx_word' id='word_1_910' title='bbox 1110 2763 1126 2784; x_wconf 88' lang='grc'>2</span> <span class='ocrx_word' id='word_1_911' title='bbox 1152 2777 1158 2784; x_wconf 91' lang='grc'>.</span> <span class='ocrx_word' id='word_1_912' title='bbox 1185 2751 1280 2784; x_wconf 91' lang='lat' dir='ltr'>Mart.</span> <span class='ocrx_word' id='word_1_913' title='bbox 1311 2751 1398 2789; x_wconf 87' lang='lat'>1556.</span> <span class='ocrx_word' id='word_1_914' title='bbox 1424 2746 1520 2788; x_wconf 77' lang='lat' dir='ltr'>(io)</span> <span class='ocrx_word' id='word_1_915' title='bbox 1546 2747 1576 2778; x_wconf 82' lang='lat'>&amp;</span> <span class='ocrx_word' id='word_1_916' title='bbox 1602 2756 1642 2778; x_wconf 88' lang='lat' dir='ltr'>ex</span> <span class='ocrx_word' id='word_1_917' title='bbox 1666 2747 1779 2779; x_wconf 61' lang='lat' dir='ltr'>Edicto</span> <span class='ocrx_word' id='word_1_918' title='bbox 1806 2747 1961 2783; x_wconf 85' lang='lat' dir='ltr'>Ordinum</span> 
     </span>
     <span class='ocr_line' id='line_1_128' title="bbox 1109 2762 1962 2829; baseline -0.001 -4"><span class='ocrx_word' id='word_1_919' title='bbox 1109 2762 1288 2825; x_wconf 69' lang='lat' dir='ltr'>llollandiae</span> <span class='ocrx_word' id='word_1_920' title='bbox 1314 2799 1361 2826; x_wconf 84' lang='lat'>29.</span> <span class='ocrx_word' id='word_1_921' title='bbox 1386 2788 1507 2829; x_wconf 76' lang='lat' dir='ltr'>januar.</span> <span class='ocrx_word' id='word_1_922' title='bbox 1542 2796 1630 2827; x_wconf 86' lang='lat'>1591.</span> <span class='ocrx_word' id='word_1_923' title='bbox 1656 2788 1763 2829; x_wconf 88' lang='lat'>(11).</span> <span class='ocrx_word' id='word_1_924' title='bbox 1796 2788 1907 2823; x_wconf 85' lang='lat' dir='ltr'>Exstat</span> <span class='ocrx_word' id='word_1_925' title='bbox 1930 2791 1962 2824; x_wconf 75' lang='lat' dir='ltr'>Gt</span> 
     </span>
     <span class='ocr_line' id='line_1_129' title="bbox 1108 2828 1959 2871; baseline -0.004 -4"><span class='ocrx_word' id='word_1_926' title='bbox 1108 2833 1272 2870; x_wconf 65' lang='lat' dir='ltr'>Edistum,</span> <span class='ocrx_word' id='word_1_927' title='bbox 1296 2829 1380 2871; x_wconf 90' lang='lat' dir='ltr'>quod</span> <span class='ocrx_word' id='word_1_928' title='bbox 1403 2839 1433 2871; x_wconf 90' lang='grc'>7.</span> <span class='ocrx_word' id='word_1_929' title='bbox 1458 2828 1538 2860; x_wconf 88' lang='lat' dir='ltr'>Dec.</span> <span class='ocrx_word' id='word_1_930' title='bbox 1567 2837 1655 2870; x_wconf 70' lang='lat'>1577.</span> <span class='ocrx_word' id='word_1_931' title='bbox 1677 2828 1775 2870; x_wconf 87' lang='grc'>(12)</span> <span class='ocrx_word' id='word_1_932' title='bbox 1797 2829 1872 2863; x_wconf 68' lang='lat' dir='ltr'>ficto</span> <span class='ocrx_word' id='word_1_933' title='bbox 1888 2831 1959 2864; x_wconf 89' lang='lat' dir='ltr'>Phi-</span> 
     </span>
    </p>
   </div>
   <div class='ocr_carea' id='block_1_10' title="bbox 1881 2871 1964 2914">
    <p class='ocr_par' dir='ltr' id='par_1_17' title="bbox 1881 2871 1964 2914">
     <span class='ocr_line' id='line_1_130' title="bbox 1881 2871 1964 2914; baseline 0 0"><span class='ocrx_word' id='word_1_934' title='bbox 1881 2871 1964 2914; x_wconf 66' lang='lat' dir='ltr'>lipiff</span> 
     </span>
    </p>
   </div>
   <div class='ocr_carea' id='block_1_11' title="bbox 1142 2961 1785 3231">
    <p class='ocr_par' dir='ltr' id='par_1_18' title="bbox 1142 2961 1785 3117">
     <span class='ocr_line' id='line_1_131' title="bbox 1147 2961 1724 3002; baseline -0.007 -8"><span class='ocrx_word' id='word_1_935' title='bbox 1147 2965 1205 3002; x_wconf 85' lang='lat'>(6)</span> <span class='ocrx_word' id='word_1_936' title='bbox 1224 2964 1336 2993; x_wconf 74' lang='lat' dir='ltr'>Francia</span> <span class='ocrx_word' id='word_1_937' title='bbox 1355 2965 1412 2992; x_wconf 69' lang='lat' dir='ltr'>aviti</span> <span class='ocrx_word' id='word_1_938' title='bbox 1431 2961 1542 3001; x_wconf 74' lang='lat' dir='ltr'>Hispan.</span> <span class='ocrx_word' id='word_1_939' title='bbox 1561 2970 1589 2998; x_wconf 83' lang='lat' dir='ltr'>p.</span> <span class='ocrx_word' id='word_1_940' title='bbox 1606 2970 1642 2990; x_wconf 64' lang='lat' dir='ltr'>m,</span> <span class='ocrx_word' id='word_1_941' title='bbox 1660 2964 1724 2993; x_wconf 77' lang='lat'>218.</span> 
     </span>
     <span class='ocr_line' id='line_1_132' title="bbox 1146 3001 1785 3041; baseline -0.005 -9"><span class='ocrx_word' id='word_1_942' title='bbox 1146 3005 1207 3041; x_wconf 88' lang='grc'>(7)</span> <span class='ocrx_word' id='word_1_943' title='bbox 1227 3003 1398 3040; x_wconf 72' lang='lat' dir='ltr'>Hollaridsche</span> <span class='ocrx_word' id='word_1_944' title='bbox 1417 3001 1570 3030; x_wconf 81' lang='lat' dir='ltr'>Mercurius</span> <span class='ocrx_word' id='word_1_945' title='bbox 1591 3003 1673 3035; x_wconf 84' lang='lat'>1676.</span> <span class='ocrx_word' id='word_1_946' title='bbox 1692 3009 1720 3038; x_wconf 84' lang='lat' dir='ltr'>p.</span> <span class='ocrx_word' id='word_1_947' title='bbox 1735 3007 1785 3037; x_wconf 75' lang='lat'>47.</span> 
     </span>
     <span class='ocr_line' id='line_1_133' title="bbox 1142 3041 1766 3079; baseline -0.006 -7"><span class='ocrx_word' id='word_1_948' title='bbox 1142 3042 1203 3079; x_wconf 88' lang='lat'>(8)</span> <span class='ocrx_word' id='word_1_949' title='bbox 1221 3041 1256 3069; x_wconf 88' lang='lat' dir='ltr'>L.</span> <span class='ocrx_word' id='word_1_950' title='bbox 1273 3041 1390 3069; x_wconf 84' lang='lat' dir='ltr'>XLVII.</span> <span class='ocrx_word' id='word_1_951' title='bbox 1412 3049 1438 3077; x_wconf 90' lang='lat' dir='ltr'>p.</span> <span class='ocrx_word' id='word_1_952' title='bbox 1457 3047 1520 3075; x_wconf 85' lang='lat'>390.</span> <span class='ocrx_word' id='word_1_953' title='bbox 1759 3062 1766 3069; x_wconf 87' lang='lat'>.</span> 
     </span>
     <span class='ocr_line' id='line_1_134' title="bbox 1169 3077 1666 3117; baseline -0.008 -9"><span class='ocrx_word' id='word_1_954' title='bbox 1169 3081 1206 3117; x_wconf 62' lang='lat'>9*)</span> <span class='ocrx_word' id='word_1_955' title='bbox 1226 3079 1329 3114; x_wconf 74' lang='lat' dir='ltr'>Reperc.</span> <span class='ocrx_word' id='word_1_956' title='bbox 1350 3078 1411 3107; x_wconf 86' lang='lat' dir='ltr'>Cur.</span> <span class='ocrx_word' id='word_1_957' title='bbox 1435 3079 1508 3107; x_wconf 82' lang='lat' dir='ltr'>Holl.</span> <span class='ocrx_word' id='word_1_958' title='bbox 1529 3086 1556 3115; x_wconf 88' lang='lat' dir='ltr'>p.</span> <span class='ocrx_word' id='word_1_959' title='bbox 1573 3084 1618 3112; x_wconf 87' lang='lat'>32.</span> <span class='ocrx_word' id='word_1_960' title='bbox 1632 3077 1666 3105; x_wconf 89' lang='lat' dir='ltr'>B.</span> 
     </span>
    </p>

    <p class='ocr_par' dir='ltr' id='par_1_19' title="bbox 1170 3117 1503 3155">
     <span class='ocr_line' id='line_1_135' title="bbox 1170 3117 1503 3155; baseline -0.006 -8"><span class='ocrx_word' id='word_1_961' title='bbox 1170 3118 1226 3155; x_wconf 87' lang='lat'>10)</span> <span class='ocrx_word' id='word_1_962' title='bbox 1246 3118 1346 3145; x_wconf 82' lang='lat' dir='ltr'>Ibidem</span> <span class='ocrx_word' id='word_1_963' title='bbox 1366 3126 1393 3153; x_wconf 75' lang='lat' dir='ltr'>p.</span> <span class='ocrx_word' id='word_1_964' title='bbox 1409 3119 1452 3147; x_wconf 89' lang='lat'>88.</span> <span class='ocrx_word' id='word_1_965' title='bbox 1469 3117 1503 3145; x_wconf 82' lang='lat' dir='ltr'>A.</span> 
     </span>
    </p>

    <p class='ocr_par' dir='ltr' id='par_1_20' title="bbox 1143 3154 1524 3194">
     <span class='ocr_line' id='line_1_136' title="bbox 1143 3154 1524 3194; baseline -0.005 -9"><span class='ocrx_word' id='word_1_966' title='bbox 1143 3157 1223 3193; x_wconf 89' lang='lat'>(11)</span> <span class='ocrx_word' id='word_1_967' title='bbox 1245 3154 1333 3194; x_wconf 61' lang='lat' dir='ltr'>Deczjs.</span> <span class='ocrx_word' id='word_1_968' title='bbox 1354 3155 1441 3183; x_wconf 82' lang='lat' dir='ltr'>Mixt.</span> <span class='ocrx_word' id='word_1_969' title='bbox 1463 3162 1524 3190; x_wconf 82' lang='lat'>143.</span> 
     </span>
    </p>

    <p class='ocr_par' dir='ltr' id='par_1_21' title="bbox 1144 3193 1661 3231">
     <span class='ocr_line' id='line_1_137' title="bbox 1144 3193 1661 3231; baseline -0.006 -8"><span class='ocrx_word' id='word_1_970' title='bbox 1144 3193 1222 3231; x_wconf 84' lang='lat'><em>(12)</em></span> <span class='ocrx_word' id='word_1_971' title='bbox 1241 3193 1317 3223; x_wconf 83' lang='lat' dir='ltr'>Plac.</span> <span class='ocrx_word' id='word_1_972' title='bbox 1339 3193 1375 3223; x_wconf 92' lang='lat'>11.</span> <span class='ocrx_word' id='word_1_973' title='bbox 1396 3193 1514 3230; x_wconf 71' lang='lat' dir='ltr'>Append.</span> <span class='ocrx_word' id='word_1_974' title='bbox 1533 3200 1562 3228; x_wconf 88' lang='lat' dir='ltr'>p.</span> <span class='ocrx_word' id='word_1_975' title='bbox 1577 3197 1661 3225; x_wconf 78' lang='lat'>2¹4?-</span> 
     </span>
    </p>
   </div>
   <div class='ocr_carea' id='block_1_12' title="bbox 1144 3080 1160 3155">
    <p class='ocr_par' dir='ltr' id='par_1_22' title="bbox 1144 3080 1160 3155">
     <span class='ocr_line' id='line_1_138' title="bbox 1144 3080 1160 3155; textangle 90"><span class='ocrx_word' id='word_1_976' title='bbox 1144 3080 1160 3155; x_wconf 52' lang='lat' dir='ltr'>M</span> 
     </span>
    </p>
   </div>
  </div>
 </body>
</html>
