2008 3436
141 3075 152 3084 ⁴
194 3077 273 3100 mUs.

414 98 814 137 CORNELII

369 180 450 220 Sed,
473 188 509 213 ut
527 189 637 212 verum
659 178 779 219 fatear,
803 176 931 218 nescio,
954 178 1037 210 unde

167 223 198 254 &
212 222 264 253 cui
284 224 369 253 bono
386 223 441 254 illa
467 223 517 255 vis
538 223 656 263 major,
687 222 716 253 ἅ
733 230 795 252 tam
814 219 942 261 superba
953 220 1035 267 quasi

166 270 207 294 ex
228 263 352 304 tripode
368 262 743 305 pronunciati03causiim
759 262 914 307 mutandae
927 262 1034 307 lectio-

166 304 215 335 nis
231 313 290 335 nec
306 304 403 337 ullam
415 306 515 345 dicit,
541 314 600 337 nec
620 305 734 342 ullam,
757 303 830 335 satis
845 311 952 343 utique
968 302 1033 333 ido-

166 354 256 377 neam
267 368 279 384 ,
302 345 403 378 adhuc
418 346 578 388 adsequor.
604 346 646 378 Et
665 353 766 376 tamen
783 353 892 375 verum
901 344 944 374 est
955 365 966 381 ‚
989 352 1033 389 et-

166 386 230 419 iarn
258 387 338 419 alios
361 387 552 429 interpretes
569 409 580 426 ,
610 387 700 418 velut
719 386 842 426 agmine
856 384 961 422 facto,
982 384 1034 415 hic

165 427 199 459 in
216 427 426 470 Pomponium
452 431 579 460 irruere.
625 427 838 467 Augustinus,
870 425 1036 472 qomfiusz

166 468 332 509 Cujacius:
355 470 452 502 Aulus
475 471 650 512 Cascellius,
675 468 783 511 ,Quiriti
800 467 898 512 [Mucii
923 465 1036 512 Voliifti

165 512 291 543 auditor.
302 511 481 544 Balduinus:
494 513 592 543 Aulus
605 510 759 551 Castalius
769 508 878 555 Quiriti
893 506 992 537 Illam
1002 506 1038 542 &⁹

165 551 300 584 Vblcatii
307 554 433 592 auditor.-
442 562 511 584 nam
522 552 705 584 Volcatium
718 549 849 594 Caice-lii
860 555 1035 588 praecepto-

162 602 229 624 rem
243 592 336 625 fuiss'e
355 594 463 626 auc'tor
483 592 527 624 est
546 592 665 624 Plinius
699 591 738 622 L.
766 589 852 621 Vill.
878 589 910 619 C.
929 597 981 634 40.
1006 589 1036 620 &

163 634 250 666 hunc
269 635 439 667 Volcatium
457 643 529 665 curn
541 634 648 673 Volusii
663 633 715 663 vel
732 629 849 669 Voliifio
866 629 1035 675 confundit

164 674 359 717 Augustinus
386 677 415 707 d.
440 675 514 706 Not.
534 680 565 715 p.
590 682 640 705 21.
675 673 817 714 quamvis
846 678 967 716 tantum
989 670 1033 701 di-

166 715 288 758 screpet
305 717 468 757 uti-iusque
494 715 633 747 nominis
655 714 807 755 scriptura
826 722 835 750 3
872 721 1035 757 quinimo,

164 757 187 790 fi
205 767 285 790 unus
297 757 418 789 &idem
439 756 495 795 fit,
520 753 647 793 nescim
669 765 725 787 cur
739 761 902 799 nonaeque
919 760 1035 783 Vitium

164 798 226 830 esse
241 797 333 839 poffit
349 799 381 830 in
392 797 526 830 Volcatii
540 797 668 828 nomine
682 796 763 837 apud
774 795 911 826 Plinium
920 815 931 832 5
943 802 1035 834 quam

163 840 196 871 in
216 837 330 878 Walafit
347 839 429 881 apud
445 838 658 880 Pomponium
670 862 679 877 ‚
714 838 764 883 ᾃ,
795 835 815 868 si
839 844 912 880 cum
931 834 1035 880 Augu-

165 880 247 913 stino
277 889 374 912 unum
409 881 440 913 ἃ
470 880 603 911 eundem
627 879 742 910 feceris
759 901 770 916 ‚
797 875 903 922 nescio
920 882 1037 913 etiam,

164 921 426 963 quemadmodum
463 920 603 953 subsistat
632 921 698 960 ejus
725 918 934 963 emendatio,
965 926 1036 990 guae

169 963 326 1007 Quintum
345 962 495 995 Mucium
513 972 531 994 a
546 962 748 994 Volusionon
762 958 940 1007 distinguit.
997 967 1035 989 ae-

167 1012 270 1036 terum
293 1004 480 1037 Balduinum
500 1026 512 1043 ,
539 1003 583 1035 ita
603 1027 613 1043 ‚
645 1011 680 1034 ut
704 1003 789 1040 dixi,
819 999 1037 1046 emendantem

166 1045 307 1087 sequitur
324 1045 483 1087 Rupertus
498 1068 510 1084 ,
532 1054 663 1086 eamque
690 1043 942 1075 emendationem
958 1063 967 1073 .
1002 1046 1038 1086 ut

166 1087 271 1126 suam,
293 1086 459 1128 proposuit
477 1087 665 1118 Bertrandus
678 1108 689 1124 ,
712 1086 762 1123 ἃ,
799 1091 835 1114 ut
853 1081 1013 1128 Bertinnd1
1026 1103 1036 1120 ‚

166 1128 308 1161 laudavit
327 1128 507 1160 Gulieimus
527 1126 672 1159 Grotius.
715 1126 850 1166 Ego,ut
866 1124 931 1170 dixi
943 1145 954 1161 ,
967 1132 1037 1154 cau-

167 1169 232 1201 sam
250 1168 324 1202 satis
343 1170 486 1201 idoneam
502 1179 566 1201 non
587 1169 699 1206 video,
713 1177 769 1198 cur
784 1176 800 1197 a
824 1165 958 1197 lectione
968 1164 990 1195 F
995 1164 1039 1195 lo-

168 1212 293 1243 rentina
310 1211 518 1243 recedendum
544 1209 631 1242 effer.
677 1209 748 1240 Una
770 1206 939 1251 adfertur,-
955 1204 1041 1246 quod

169 1252 296 1285 scilicet
312 1251 448 1292 Volusii,
473 1251 525 1283 hic
544 1251 658 1283 laudati
680 1273 691 1289 ‚
714 1249 789 1281 alibi
803 1256 959 1294 *memoria
976 1255 1041 1277 non

169 1293 285 1326 exstet.
308 1293 369 1326 Sed
411 1293 593 1325 uamobrem
612 1292 643 1324 id
655 1292 751 1332 magis
768 1297 935 1326 mii-emur,
948 1295 1041 1331 quam

169 1342 223 1368 tot
241 1336 376 1368 aliorum
413 1334 548 1367 Ctorum
561 1356 572 1372 ‚
592 1342 727 1375 quorum
754 1340 833 1376 unus
848 1328 1043 1369 Pomponius

170 1376 334 1416 meminit,
353 1375 503 1408 excidiss'e
523 1375 729 1416 memoriani.
751 1371 855 1403 statim
871 1377 1044 1416 *propterea

171 1419 257 1451 hunc
281 1416 432 1457 Volusium
450 1440 462 1456 ,
493 1426 511 1447 e
528 1415 657 1447 Familia
677 1416 836 1458 jutorum
850 1419 1011 1457 eJ‘iCiemus
1028 1409 1044 1442 ?

172 1460 296 1493 nonita
315 1468 371 1490 nos
390 1458 543 1496 solemus3
565 1456 638 1498 quin
659 1454 711 1486 vel
733 1454 815 1485 hunc
831 1456 940 1499 ipium'
952 1452 1043 1498 Volu-

168 1501 264 1542 fium,
284 1500 360 1532 alibi
381 1498 543 1540 quaefitum
555 1521 566 1537 ‚
590 1496 620 1528 se
638 1494 784 1541 reperisse
801 1495 906 1539 Zaii-us
923 1494 998 1532 sibi,
1013 1493 1044 1525 ὃς

173 1544 241 1576 fere
263 1542 339 1575 mihi
355 1539 513 1582 persuasit.
557 1539 590 1572 Si
603 1537 839 1570 emendationes
858 1537 1042 1581 sequamur,

195 1591 392 1624 uamcunque
407 1581 700 1622 velimus‚oportet
722 1579 910 1615 statuamus,
934 1575 1043 1608 Caice-

172 1628 251 1661 lium
266 1623 382 1669 Quinti
402 1623 507 1656 Mucii
522 1622 698 1654 auditorem
714 1619 807 1652 fuisse
817 1643 826 1659 ,
839 1618 926 1661 quod
940 1625 1042 1649 tamen

172 1667 294 1710 ipsum,
313 1672 428 1707 praeter
445 1664 678 1707 Pomponium,
701 1670 795 1694 nemo
815 1661 966 1693 Veterum
985 1659 1042 1699 cst,

197 1710 228 1741 ui
244 1707 336 1741 dixit.
381 1706 431 1738 Ad
457 1706 527 1739 haec
553 1706 743 1742 BaMuinus,
774 1710 810 1734 ut
831 1703 927 1748 modo
943 1710 1046 1733 emen-

174 1720 288 1790 dabat,
313 1747 458 1782 Cascelio
483 1747 563 1780 duos
580 1747 793 1786 Praeceptores
810 1744 914 1789 dedit,
939 1743 1044 1789 Augu-

174 1793 272 1826 stinus
289 1790 407 1823 Mucio
422 1789 509 1821 dedit
528 1787 642 1828 Volufii
657 1796 771 1819 nomen
785 1784 941 1832 ,Curtius
950 1808 961 1824 ‚
978 1783 1045 1831 lub-

177 1834 290 1868 stituto
307 1832 445 1874 primum
475 1831 625 1868 Scaevola,
654 1838 731 1860 mox
753 1836 908 1859 rationem
925 1834 1019 1858 novit
1036 1846 1047 1864 ‚

177 1878 229 1915 ἀ,
253 1873 339 1916 quod
360 1873 448 1914 pejus
474 1872 536 1911 est,
569 1871 696 1913 prolixe
718 1869 854 1914 addidit,
887 1868 929 1899 ob
954 1877 1045 1909 quain

180 1915 343 1950 Cascelius
370 1913 476 1946 Mucii
512 1920 662 1954 nepotem
690 1909 846 1956 scripserit
879 1909 1044 1941 haeredem.

177 1957 230 1992 sed
248 1957 362 1990 horum
384 1964 449 1996 quo
472 1964 511 1986 ue
535 1954 677 1985 omnium
696 1953 915 1997 auetoritatem
932 1950 1045 1983 deside-

177 2009 228 2033 ro.
272 1998 325 2031 Sic
344 1996 441 2038 igitur
484 1995 637 2028 abenduin
659 1993 722 2034 est,
747 1993 958 2033 Pomponium
982 2002 1047 2024 non

179 2039 335 2078 Cascelii,
360 2038 412 2070 sed
426 2036 540 2082 Quinti
560 2036 666 2068 Mucii
686 2041 913 2080 praeceptorem
931 2034 1048 2065 laudas-

181 2081 236 2121 se,
260 2080 291 2113 &
312 2080 397 2111 hune
419 2078 513 2111 fuisse
539 2077 708 2117 Volufiam,
731 2084 864 2114 notum,
889 2083 1048 2116 ignotum-

179 2132 239 2162 ve,
260 2120 340 2154 nihil
356 2118 474 2159 refert,
497 2128 556 2152 nee
574 2121 740 2170 quicquam
756 2117 818 2149 esi'e
836 2116 1050 2162 resurgendum

180 2165 214 2197 in
233 2161 431 2203 Pomponio,
456 2162 504 2199 ἃ,
528 2160 550 2192 fi
565 2159 621 2199 sit,
648 2159 752 2191 Curtii
779 2159 1051 2203 emendationem,

182 2214 252 2247 quae
270 2211 394 2236 tantum
408 2203 533 2241 turbat,
557 2202 716 2243 postremo
735 2200 878 2233 omnium
896 2199 971 2231 loco
990 2200 1051 2230 elie

182 2245 367 2280 habendam.

228 2286 352 2328 Cascelii
377 2285 495 2327 scripta
523 2294 581 2317 non
608 2284 726 2327 exstant
741 2307 751 2323 ‚
787 2281 844 2322 nisi
861 2289 936 2315 unus*
956 2283 1050 2315 Liber

183 2327 414 2361 Benediaoram.
460 2327 541 2373 Quis
568 2325 667 2359 fuerit
695 2325 750 2357 ille
769 2326 862 2357 Liber
883 2325 1048 2358 Beneditfflo-

181 2381 247 2403 rum
261 2391 273 2409 ,
303 2367 400 2400 video
423 2368 520 2409 quaeri
541 2391 551 2408 ,
584 2369 615 2401 &
640 2368 736 2400 video
757 2368 843 2399 varie
862 2367 1049 2409 responderi.

183 2411 210 2445 F
211 2409 368 2443 ranciscus
385 2408 588 2441 Hotomanus
605 2408 874 2451 comprehendiii‘e
894 2418 984 2450 putat
996 2409 1049 2449 fa-

183 2459 262 2485 cetas
279 2451 316 2488 ἃ
332 2456 434 2482 acutas
448 2449 644 2491 responsiones.
675 2451 835 2484 Antonius
854 2451 1052 2489 Mornacius,

183 2494 309 2526 dieteria
325 2491 362 2526 δ’
367 2491 457 2532 sales.
500 2492 710 2534 Marquardus
723 2492 875 2524 Freherus
887 2516 896 2531 ‚
919 2494 1053 2535 argutias

186 2535 285 2578 Jaris.
332 2532 442 2573 Scipio
462 2531 619 2573 Gentilis,
645 2534 675 2566 in
700 2533 827 2565 candem
846 2533 913 2564 fei-e
933 2533 1052 2565 senten-

186 2577 284 2615 tiam,
308 2571 465 2608 acutas&
481 2581 603 2616 argutas
619 2577 652 2607 de
671 2576 746 2617 Jare
762 2574 949 2615 responsiones
969 2580 1053 2616 atque

179 2617 356 2660 sententias.
401 2614 545 2655 AEgidius
558 2616 746 2657 Menagius‚
769 2618 857 2655 boae,
874 2618 990 2657 proprie
1008 2622 1052 2646 at-

187 2669 241 2702 que
255 2662 392 2689 accurate
409 2657 498 2687 aicta.
545 2656 729 2696 liberrimus,
755 2659 896 2689 omnium
912 2657 1056 2699 pessime,

188 2702 333 2739 ἐυρήμηἹω,
369 2703 405 2728 ut
431 2697 475 2727 est
496 2696 669 2729 Modestini
694 2697 789 2729 Liber
806 2699 966 2739 1ingulaiis
987 2699 1040 2732 ἒνρη

187 2745 316 2778 μαγικῶν.
359 2737 504 2769 Tandem
523 2736 679 2770 Gravina:
703 2737 832 2779 responsa
851 2749 887 2770 ex
913 2745 1055 2779 tempore,

190 2793 254 2815 cum
271 2779 466 2822 Consultorum
478 2779 583 2820 plausu
593 2780 720 2819 prolata.
746 2779 830 2811 solos
845 2780 987 2811 auctores
1003 2781 1053 2811 ud-

191 2823 319 2865 scripfi,
342 2819 405 2862 ipsa
421 2820 494 2852 loca
512 2820 549 2851 ab
570 2821 640 2852 aliis
660 2821 795 2852 indicata
820 2819 899 2852 sunt.
946 2821 996 2852 Ex
1018 2822 1055 2853 iis

189 2873 295 2897 autem
306 2863 387 2895 locis
395 2861 535 2901 constat,
546 2869 706 2903 quotquot
722 2862 812 2900 dixi,
827 2870 937 2893 omnes
946 2878 958 2901 ‚x
971 2863 1056 2903 quod

190 2905 400 2947 respondent,
426 2912 467 2934 ex
482 2903 661 2943 conjectura
677 2902 883 2945 respondisse,
908 2903 995 2934 nulla
1009 2903 1054 2935 fe-

192 2956 226 2979 re
242 2945 430 2977 auctoritate
447 2944 600 2976 advocata
612 2967 622 2983 ,
633 2945 736 2977 minus
751 2953 838 2977 certe
846 2952 926 2985 apta.
947 2944 1055 2991 Quum

193 2997 233 3019 ex
252 2986 388 3027 antiquis
404 2995 467 3017 non
486 2985 545 3024 fit,
592 2986 621 3016 ui
640 2995 698 3018 nos
712 2985 860 3025 edoceat,
882 2985 974 3027 quale
989 2985 1056 3017 fue-

194 3029 236 3059 rit
252 3034 470 3068 argumentum
491 3027 559 3067 ejus
605 3027 685 3067 ibri,
716 3027 810 3059 etiam
827 3037 886 3059 nos
900 3027 1057 3068 periclite-

325 3068 394 3108 Ego
423 3075 531 3108 putem
552 3091 561 3107 ,
593 3077 664 3100 eum
692 3068 845 3107 Librum,
892 3076 1030 3100 raeterea
1046 3088 1058 3107 ,

195 3117 263 3149 qua:
279 3108 316 3138 ad
334 3108 612 3149 jurisprudentiam
622 3110 838 3150 pertinebant,
879 3109 953 3141 uiffe
970 3119 1056 3141 corn-

195 3149 324 3190 plexum
345 3149 553 3190 elegantiores
575 3149 744 3185 sententias
759 3173 772 3192 ,
801 3150 961 3193 praecipue
974 3151 1012 3186 ad
1027 3160 1057 3185 e-

169 109 237 146 324
887 108 946 134 vA
973 109 997 136 N

166 180 324 222 legendus.

1074 95 1675 137 BYNKERSHOEK

1078 179 1270 221 loquentiam
1294 185 1489 219 comparatas
1506 200 1519 218 ‚
1546 189 1617 212 narn
1643 179 1702 212 hac
1727 188 1794 213 arte
1811 177 1940 216 valuisse

1078 220 1253 253 Cascelium
1281 220 1474 260 Pomponius
1501 220 1553 252 hic
1578 221 1751 262 fignificat,
1775 223 1849 254 dum
1867 224 1911 256 ait
1928 246 1940 264 ‚

1078 261 1253 295 Cascelium
1277 260 1434 292 Trebatio
1456 261 1672 303 eloquentiorem
1697 262 1800 296 fuiffe.
1844 262 1913 306 Ipse
1929 287 1941 305 ,

1077 311 1112 334 ut
1129 312 1283 344 auguror,
1309 302 1458 333 Themidi
1473 326 1482 340 ,
1514 303 1643 336 austerae
1666 304 1806 346 alioquin
1823 305 1852 337 ὅ(
1869 305 1941 337 hor-

1077 345 1174 383 ridae,
1199 343 1376 374 blandiores
1396 343 1505 376 Musas
1523 345 1715 385 conjunxit,
1737 354 1773 377 ac
1788 345 1942 388 Jurispru-

1076 385 1191 416 dentiae
1209 384 1420 416 intermiscuit
1437 384 1549 425 flores,
1581 386 1613 418 ἀ
1632 386 1791 427 eleganter
1807 386 1888 418 dieta
1902 395 1943 420 ex

1077 426 1210 458 aliorum
1229 424 1352 467 scriptis
1364 448 1374 464 ‚
1385 425 1558 466 praesertim
1576 426 1791 459 Orationibus.
1807 436 1872 468 quo
1886 437 1944 460 no-

1079 467 1162 498 mine
1185 467 1215 498 ὅ(
1239 466 1361 499 AUREA
1386 467 1518 501 Veteres
1542 468 1751 509 appellabant.
1795 467 1946 510 Appofite

1079 508 1117 539 de
1142 508 1190 539 his
1217 507 1382 539 Benedictis
1404 509 1521 541 Seneca
1552 510 1592 542 L.
1616 509 1639 541 Ι.
1668 510 1803 542 Corztrov.
1821 518 1853 550 4.
1899 509 1944 542 Et

1074 549 1195 589 pulchre
1217 550 1296 580 dixit
1319 548 1355 584 &²
1387 559 1482 582 nove:
1497 549 1622 592 sumpsit
1644 553 1679 582 ab
1702 552 1832 583 omnibus
1853 549 1947 583 Bene·

1078 589 1167 621 dicta.
1191 590 1334 630 loquitur
1352 590 1391 621 de
1411 591 1552 623 Rhetore
1569 593 1711 632 Punitz'o,
1735 592 1800 624 five
1813 592 1945 633 potius,

1080 638 1191 674 iit-ego
1208 631 1417 671 conjecerim,
1442 631 1481 663 de
1495 633 1533 665 P.
1553 633 1693 672 Vinitz'o,
1716 642 1811 681 quem
1826 632 1893 674 ipse
1910 633 1950 666 il·

1078 672 1108 703 le
1125 680 1279 703 memorat
1303 671 1344 703 L.
1363 671 1387 703 I.
1416 673 1551 706 Controv.
1573 684 1604 707 2.
1648 674 1812 716 Significat
1827 682 1946 714 autem,

1077 722 1146 753 quae
1167 712 1219 743 alii
1234 712 1313 743 bene
1329 713 1361 744 in
1381 711 1677 748 Declamationibus
1703 715 1764 747 suis
1780 715 1946 753 dixerant,

1078 754 1168 785 illum
1185 753 1217 784 in
1237 751 1303 784 suas
1321 753 1517 787 transtulisse.
1563 756 1632 788 Imo
1649 756 1811 788 declamare
1825 766 1890 789 non
1902 754 1950 788 est

1078 794 1132 826 nifi
1153 796 1221 825 heae
1237 795 1350 832 dicere,
1371 803 1407 825 ut
1423 795 1503 835 apud
1520 797 1654 829 eundem
1671 798 1820 829 Senecam
1840 797 1950 830 defini-

1080 845 1146 867 tum
1164 835 1256 866 estin
1270 835 1392 867 Prooem.
1424 836 1604 879 Controvers.
1626 838 1657 869 ὅ(
1679 847 1879 871 BENEchA
1903 838 1949 871 Ο-

1079 877 1236 908 ratoribus
1267 875 1380 908 tribuit
1404 877 1523 909 Auctor
1544 879 1578 910 de
1610 879 1693 920 Cous.
1711 885 1837 920 corrupt.
1861 879 1951 922 Eloq-

1083 919 1114 949 C.
1141 928 1192 960 34.
1238 916 1343 957 Atque
1371 918 1440 949 haec
1463 919 1507 950 ita
1524 940 1535 958 ,
1566 919 1622 952 nifi
1642 918 1801 951 Benedicta
1814 920 1950 967 accipia-

1082 969 1150 991 mus
1167 960 1206 990 de
1225 958 1400 1000 quibusque
1417 960 1534 992 urbane
1551 960 1643 993 dictis
1658 962 1688 993 δε
1704 960 1849 1002 scriptis,
1873 961 1953 994 licet

1082 1001 1119 1032 ad
1135 1010 1199 1032 rem
1217 1000 1397 1032 Oratoriam
1411 1001 1505 1032 unice
1523 1010 1587 1034 non
1604 1001 1880 1044 pertineantzsane
1891 1001 1952 1035 Ca-

1083 1050 1118 1073 to
1143 1042 1173 1073 &
1195 1040 1360 1073 Domitius
1386 1042 1512 1075 Marsus
1530 1066 1541 1083 ,
1565 1050 1601 1075 ut
1618 1043 1836 1087 Quintilianus
1853 1041 1955 1076 refert

1082 1083 1122 1114 L.
1145 1081 1201 1114 VI.
1227 1080 1300 1123 last.
1328 1083 1446 1115 Orator.
1476 1084 1506 1115 C.
1523 1094 1555 1125 4.
1576 1085 1719 1117 hominem
1741 1086 1885 1118 urbanum
1900 1084 1954 1117 de·

1081 1124 1214 1156 finivere
1233 1147 1241 1162 ‚
1269 1125 1350 1166 cujus
1377 1124 1470 1156 inulta
1494 1134 1696 1158 RENEDICTA
1717 1125 1900 1168 responsaque
1923 1135 1955 1160 e-

1082 1172 1167 1204 rant,
1191 1164 1227 1200 55⁹
1249 1167 1298 1206 qui
1322 1167 1354 1197 in
1368 1166 1551 1206 sermonibus
1567 1189 1579 1206 ,
1609 1167 1752 1207 circulis,
1778 1169 1927 1200 conviviis
1941 1188 1956 1207 ,

1082 1209 1153 1238 item
1186 1208 1218 1236 in
1248 1208 1431 1237 concionibus
1449 1230 1461 1245 ,
1490 1210 1567 1239 omni
1597 1209 1719 1250 denique
1748 1209 1807 1241 loco
1830 1209 1955 1242 ridicule

1084 1249 1276 1288 commodeque
1307 1248 1392 1279 aicit.
1445 1248 1551 1280 Etiam
1577 1249 1766 1283 Ciceronem
1797 1250 1956 1292 eiusmodi

1085 1290 1192 1320 urbane
1210 1290 1349 1319 (lictorum
1365 1287 1480 1320 Libros
1497 1297 1560 1320 tres
1580 1288 1728 1331 scripfiffe
1746 1291 1854 1324 auctor
1868 1292 1914 1324 est
1928 1292 1955 1324 i-

1086 1331 1156 1361 dem
1170 1329 1284 1360 Fabius
1306 1330 1334 1361 cl.
1360 1329 1467 1362 L.VI.
1496 1331 1528 1363 C.
1551 1341 1579 1371 53.
1627 1331 1686 1363 Sed
1702 1340 1800 1373 quum
1815 1332 1854 1364 de
1870 1333 1956 1374 JCto

1087 1371 1187 1403 sermo
1209 1368 1273 1410 tst,
1295 1370 1347 1412 qui
1366 1369 1524 1413 scripserit
1540 1371 1699 1404 Benedicta
1710 1395 1723 1412 ‚
1744 1380 1781 1405 ut
1795 1372 1848 1406 hic
1862 1373 1908 1407 est
1924 1384 1955 1406 a-

1086 1412 1149 1454 pud
1167 1411 1376 1452 Pomponium
1387 1434 1398 1451 ‚
1417 1422 1482 1446 non
1500 1423 1533 1445 re
1557 1414 1739 1455 ugnaverim
1752 1436 1764 1454 ,
1786 1415 1958 1457 quominus

1087 1455 1183 1486 etiam
1201 1453 1231 1484 id
1247 1453 1387 1485 exaudiri
1410 1454 1502 1496 poffit
1545 1465 1561 1486 e
1584 1455 1710 1488 facetiis
1726 1456 1757 1488 ὅ(
1771 1456 1958 1489 urbanitati-

1086 1497 1144 1527 bus
1160 1494 1241 1535 Juris
1253 1516 1262 1534 ,
1294 1496 1324 1527 dc
1342 1496 1510 1536 quominus
1531 1507 1571 1528 co
1589 1496 1762 1536 referatur,
1786 1498 1871 1539 quod
1885 1498 1958 1531 Ma-

1087 1537 1215 1569 crobius
1237 1537 1278 1569 L.
1302 1536 1342 1568 Π.
1369 1537 1490 1570 Satur-n.
1518 1539 1551 1570 C.
1565 1542 1596 1571 6.
1622 1538 1725 1579 hunc,
1746 1539 1786 1571 de
1808 1549 1872 1580 quo
1893 1540 1958 1582 agi⁴

1087 1588 1175 1619 inus,
1198 1576 1375 1610 Casceiium
1395 1587 1491 1611 vocat
1508 1579 1756 1623 Jurz'sconsultam
1776 1582 1856 1613 mirae
1870 1583 1956 1613 urba-

1086 1622 1209 1658 nitatis,
1231 1629 1289 1651 nec
1305 1628 1401 1652 vocat
1416 1628 1557 1660 tantum,
1583 1621 1633 1654 sed
1650 1622 1680 1654 δε
1698 1622 1811 1654 additis
1832 1622 1960 1655 urbani·

1086 1663 1163 1735 gatis
1181 1661 1354 1704 exemplis,
1376 1671 1446 1705 quae
1467 1663 1510 1694 ibi
1535 1664 1636 1705 leges,
1660 1664 1839 1698 luculenter
1853 1662 1957 1698 osten·

1108 1711 1143 1737 it.

1381 1747 1435 1781 Aa
1477 1745 1507 1789 §.
1530 1746 1650 1781 XLVI.

1133 1827 1205 1873 Post
1226 1830 1276 1862 hoc
1299 1839 1404 1872 quoque
1429 1831 1537 1864 Tubero
1550 1833 1628 1874 fuit.
1679 1834 1830 1868 Muretus
1851 1829 1929 1876 legit
1943 1855 1956 1873 ,

1084 1871 1148 1913 post
1168 1877 1233 1911 laos,
1257 1873 1286 1904 ἃ
1303 1874 1347 1903 ita
1366 1873 1464 1905 edidit
1481 1874 1671 1908 Haloander.
1716 1875 1791 1908 Ant.
1813 1874 1957 1908 Faber&

1089 1913 1267 1945 Bachovius
1291 1922 1417 1955 quoque
1440 1915 1471 1947 id
1495 1924 1704 1956 monuerunt,
1734 1916 1816 1957 quasi
1838 1926 1879 1949 ex
1902 1915 1957 1949 sua

1089 1954 1279 1995 conjectum.
1324 1955 1466 1988 Obvium
1489 1965 1575 1989 certe
1596 1959 1710 2000 cuique
1741 1957 1803 1990 esse
1827 1965 1956 2000 poterat

1090 1996 1152 2026 hoc
1168 1996 1301 2035 vitium,
1327 1997 1358 2028 in
1382 1997 1410 2038 §.
1430 2002 1481 2039 38.
1497 1998 1609 2040 supra,
1632 2000 1677 2031 ita
1691 2008 1817 2041 quoque
1835 1999 1954 2041 transit,

1085 2038 1150 2078 pojl
1171 2037 1240 2076 hos,
1265 2038 1295 2069 dt
1315 2038 1346 2069 in
1368 2038 1397 2080 §.
1413 2049 1477 2081 seq.
1503 2038 1568 2081 post
1588 2041 1672 2072 hunc.
1949 2061 1952 2064 -

1135 2078 1165 2110 is
1187 2085 1227 2120 eje
1257 2078 1388 2125 Quintus
1415 2081 1583 2123 Ligarius,
1613 2083 1683 2124 qui,
1704 2092 1769 2114 cum
1789 2082 1907 2123 Africae
1928 2093 1956 2115 o·

1092 2130 1155 2151 raia
1187 2127 1297 2151 teneret
1313 2142 1324 2158 ,
1354 2120 1502 2161 infirmum
1536 2122 1710 2155 Tuberonem
1730 2125 1878 2165 applicare
1898 2134 1958 2157 non

1088 2160 1238 2201 permifit,
1258 2171 1311 2191 wec
1334 2171 1440 2203 aquam
1459 2164 1595 2201 haurire3
1615 2175 1666 2206 quo
1687 2167 1801 2197 nomine
1822 2175 1887 2198 eum
1908 2175 1957 2198 ac-

1092 2202 1226 2243 cama,
1253 2202 1288 2237 ἐξ
1315 2203 1411 2234 Cicero
1433 2204 1576 2244 defendit.
1630 2205 1741 2247 Exstat
1762 2207 1825 2244 esus
1849 2207 1956 2239 Oratio

1083 2244 1162 2284 salis
1180 2244 1395 2284 pulcherruma,
1417 2255 1479 2286 qino>
1498 2246 1738 2321 infiribiturstpro
1761 2248 1875 2297 Quinto
1898 2249 1955 2281 Li-

1092 2286 1184 2327 gario.
1230 2285 1343 2317 Minus
1375 2286 1485 2318 usitata
1505 2288 1629 2320 locutio
1652 2298 1669 2319 e
1708 2311 1719 2328 ,
1750 2290 1865 2322 Oratio
1878 2290 1960 2332 satis

1088 2327 1287 2366 pulcherrima
1295 2337 1307 2364 3
1338 2326 1411 2358 hinc
1437 2327 1640 2370 Haloandei·‚
1659 2329 1785 2363 secutus
1799 2331 1957 2372 antiquio-

1094 2378 1141 2400 res
1157 2368 1270 2399 Libios
1281 2369 1418 2413 ,on-*iiiit
1423 2369 1519 2410 satis,
1542 2370 1627 2411 quod
1641 2372 1694 2403 alii
1707 2373 1853 2418 probant.
1895 2372 1958 2404 Bu-

1094 2409 1325 2441 daeusrellituit
1333 2412 1431 2450 sane⁹
1443 2411 1608 2451 quod&in
1626 2412 1792 2444 Editiones
1811 2413 1960 2454 quasdam

1095 2458 1257 2492 receptum
1275 2449 1339 2489 est,
1350 2459 1385 2482 ut
1402 2451 1468 2482 fere
1487 2461 1626 2494 receptae
1642 2452 1711 2485 sunt
1727 2463 1837 2485 omnes
1850 2454 1960 2487 Budaei

1095 2492 1337 2525 emendationes
1381 2493 1441 2524 Sed
1464 2493 1543 2525 nihil
1567 2494 1768 2533 mutandum
1799 2495 1962 2536 geminum

1095 2534 1158 2573 est,
1191 2533 1276 2574 quod
1304 2533 1356 2564 alii
1382 2541 1533 2565 notarunt
1555 2544 1595 2566 ex
1621 2535 1643 2566 l.
1664 2544 1696 2575 4.
1723 2534 1764 2577 ff.
1789 2537 1823 2567 de
1848 2534 1959 2579 Restit.

1096 2578 1128 2607 in
1150 2577 1259 2617 integr.
1282 2584 1327 2605 res
1339 2573 1419 2615 satis
1440 2576 1563 2606 minima
1581 2597 1592 2613 ,
1623 2575 1653 2607 &
1676 2577 1748 2617 lego
1776 2577 1856 2618 apud
1874 2578 1961 2612 hunc

1097 2616 1198 2658 ipsum
1219 2615 1428 2655 Pomponium
1458 2616 1489 2647 in
1520 2615 1548 2656 §.
1566 2626 1617 2662 44.
1629 2616 1715 2658 supr.
1735 2618 1805 2650 libri
1818 2624 1874 2660 per
1892 2630 1961 2652 uam

1097 2655 1260 2698 breviffimi.
1307 2655 1388 2687 Cum
1408 2665 1628 2697 comparativo
1654 2657 1700 2690 est
1724 2659 1755 2691 in
1779 2660 1798 2691 l.
1819 2669 1850 2700 5.
1897 2686 1905 2693 .
1927 2664 1959 2694 6.

1091 2699 1132 2741 ff.
1164 2701 1197 2730 cle
1228 2696 1352 2738 Acqazssr.
1385 2707 1442 2728 rer.
1470 2699 1575 2730 domin.
1606 2699 1675 2730 adeo
1698 2699 1831 2741 lomim,
1856 2701 1962 2735 rursus

1097 2750 1169 2771 cum
1208 2737 1399 2779 superlativo
1427 2738 1457 2770 in
1491 2739 1512 2770 l.
1536 2749 1587 2782 37.
1623 2740 1653 2771 C.
1685 2741 1718 2772 de
1746 2724 1852 2776 {ibera
1883 2744 1960 2786 caus:

1098 2788 1158 2813 tam
1173 2780 1308 2821 proxima
1322 2778 1499 2821 neceffiiuclo.
1545 2781 1635 2822 Apud
1653 2781 1806 2816 Auctores
1821 2792 1961 2826 exteros,

1098 2830 1241 2858 veteres,
1263 2829 1387 2858 novos,
1405 2830 1467 2852 non
1482 2821 1635 2853 absimiles
1650 2823 1830 2858 locutiones
1848 2836 1960 2858 occur·

1098 2870 1188 2901 runt,
1207 2861 1305 2902 reperi
1326 2860 1395 2892 sane
1413 2862 1495 2902 apud
1510 2862 1963 2907 Curtium,Apulejum‚Boe-

1100 2904 1200 2936 thium
1217 2926 1226 2942 ,
1256 2903 1285 2933 ὅ(
1316 2911 1406 2943 quam
1434 2903 1570 2935 maxime
1603 2905 1774 2946 Sulpitium
1800 2909 1960 2942 Severum.

1099 2944 1196 2991 Quod
1216 2943 1330 2974 attinet
1352 2943 1388 2975 ad
1404 2953 1470 2990 reni
1488 2945 1583 2987 ipsam
1608 2946 1646 2977 de
1665 2947 1791 2988 repulso
1813 2949 1960 2982 Tubero-

1098 2995 1157 3024 ne,
1180 2993 1246 3016 eam
1264 2993 1328 3016 non
1346 2984 1491 3025 Ligario,
1517 2986 1756 3028 utPomponius
1767 3012 1779 3029 ,
1804 2989 1853 3022 sed
1868 2991 1962 3023 Attio

1099 3026 1184 3058 Varo
1205 3025 1317 3056 tribuit
1334 3025 1459 3065 Caesar,
1481 3028 1556 3069 quin
1571 3029 1601 3060 &
1623 3029 1761 3068 Cicero,
1785 3030 1836 3063 sed
1854 3041 1895 3064 ex
1907 3032 1961 3065 hu-

1098 3068 1146 3108 jus
1177 3066 1355 3106 Oratione,
1390 3078 1449 3114 qua
1476 3068 1512 3101 Li
1536 3069 1634 3101 arium
1660 3069 1820 3112 defendit,
1855 3073 1961 3105 videre

1099 3108 1230 3146 videor,
1263 3116 1326 3140 non
1352 3107 1423 3141 satis
1448 3109 1478 3141 id
1524 3110 1599 3142 uiffe
1616 3118 1747 3145 cei-tum.
1793 3113 1962 3146 Accusatio

1098 3157 1182 3190 erat,
1206 3148 1368 3192 Ligarium
1383 3151 1514 3185 arcuiffe
1528 3151 1739 3195 Tuberones,
1757 3154 1894 3188 defensio
1904 3179 1914 3195 ‚
1929 3159 1975 3186 at-

1901 3203 1961 3228 una
